{"id":"982002-982002","dt":"2025-12-15","p":[{"id":2,"n":"Haricots verts Notre Jardin Extra fins - 345g","p":2.39,"u":"6,93 €/KG","img":"https://fd5-photos.leclercdrive.fr/image.ashx?id=2368650&use=l&cat=p&typeid=i","cat":312606},{"id":3,"n":"Haricots verts Notre Jardin Très fins - 220g","p":0.86,"u":"3,91 €/KG","img":"https://fd5-photos.leclercdrive.fr/image.ashx?id=1993164&use=l&cat=p&typeid=i","cat":312606},{"id":4,"n":"Haricots verts Notre Jardin Très fins - 440g","p":1.15,"u":"2,61 €/KG","img":"https://fd5-photos.leclercdrive.fr/image.ashx?id=2050615&use=l&cat=p&typeid=i","cat":312606},{"id":5,"n":"Haricots verts Notre Jardin Extra fins - 440g","p":1.2,"u":"2,73 €/KG","img":"https://fd5-photos.leclercdrive.fr/image.ashx?id=3005655&use=l&cat=p&typeid=i","cat":312606},{"id":6,"n":"Haricots verts Notre Jardin Extra fins - 220g","p":0.88,"u":"4,00 €/KG","img":"https://fd5-photos.leclercdrive.fr/image.ashx?id=1993167&use=l&cat=p&typeid=i","cat":312606},{"id":7,"n":"Haricots beurre Notre Jardin Très fins - 220g","p":1.11,"u":"5,05 €/KG","img":"https://fd5-photos.leclercdrive.fr/image.ashx?id=2988027&use=l&cat=p&typeid=i","cat":312606},{"id":8,"n":"Haricots beurre Notre Jardin Très fins - 440g","p":1.55,"u":"3,52 €/KG","img":"https://fd5-photos.leclercdrive.fr/image.ashx?id=2988030&use=l&cat=p&typeid=i","cat":312606},{"id":9,"n":"Petits pois Notre Jardin A l'étuvée - Extra fins - 280g","p":0.9,"u":"3,21 €/KG","img":"https://fd5-photos.leclercdrive.fr/image.ashx?id=2375947&use=l&cat=p&typeid=i","cat":312607},{"id":10,"n":"Petits pois Notre Jardin A l'étuvée - Très fins - 280g","p":0.89,"u":"3,18 €/KG","img":"https://fd5-photos.leclercdrive.fr/image.ashx?id=2375950&use=l&cat=p&typeid=i","cat":312607},{"id":11,"n":"Petits pois carottes  Notre Jardin -Extra fins - 530g","p":1.22,"u":"2,30 €/KG","img":"https://fd5-photos.leclercdrive.fr/image.ashx?id=2987961&use=l&cat=p&typeid=i","cat":312607},{"id":12,"n":"Petits pois carottes extra-fins Notre Jardin à l'étuvée 260g","p":0.99,"u":"3,74 €/KG","img":"https://fd5-photos.leclercdrive.fr/image.ashx?id=2987964&use=l&cat=p&typeid=i","cat":312607},{"id":13,"n":"Petits pois carottes Très fins Notre Jardin -A l'étuvée -530g","p":1.33,"u":"2,51 €/KG","img":"https://fd5-photos.leclercdrive.fr/image.ashx?id=2698156&use=l&cat=p&typeid=i","cat":312607},{"id":14,"n":"Carottes Notre Jardin Extra-fines - 265g","p":0.85,"u":"3,21 €/KG","img":"https://fd5-photos.leclercdrive.fr/image.ashx?id=2399150&use=l&cat=p&typeid=i","cat":312607},{"id":15,"n":"Champignons Paris Notre Jardin Entiers - 230g","p":1.47,"u":"6,39 €/KG","img":"https://fd5-photos.leclercdrive.fr/image.ashx?id=2553890&use=l&cat=p&typeid=i","cat":312610},{"id":16,"n":"Champignons Paris Notre Jardin Pieds et morceaux - 230g","p":1.49,"u":"6,48 €/KG","img":"https://fd5-photos.leclercdrive.fr/image.ashx?id=2553896&use=l&cat=p&typeid=i","cat":312610},{"id":17,"n":"Champignons Paris Notre Jardin Emincés - 230g","p":1.07,"u":"4,65 €/KG","img":"https://fd5-photos.leclercdrive.fr/image.ashx?id=2551960&use=l&cat=p&typeid=i","cat":312610},{"id":19,"n":"Flageolets verts Notre Jardin Extra fins - 265g","p":0.99,"u":"3,74 €/KG","img":"https://fd5-photos.leclercdrive.fr/image.ashx?id=1993161&use=l&cat=p&typeid=i","cat":312606},{"id":20,"n":"Macédoine légumes Notre Jardin 265g","p":0.71,"u":"2,68 €/KG","img":"https://fd5-photos.leclercdrive.fr/image.ashx?id=2913648&use=l&cat=p&typeid=i","cat":312612},{"id":21,"n":"Macédoine légumes Notre Jardin - 530g","p":1.23,"u":"2,32 €/KG","img":"https://fd5-photos.leclercdrive.fr/image.ashx?id=2526276&use=l&cat=p&typeid=i","cat":312612},{"id":22,"n":"Garniture de 4 légumes  Notre Jardin - 510g","p":1.74,"u":"3,41 €/KG","img":"https://fd5-photos.leclercdrive.fr/image.ashx?id=2526279&use=l&cat=p&typeid=i","cat":312612},{"id":26,"n":"Pois chiches Notre Jardin 265g","p":0.75,"u":"2,83 €/KG","img":"https://fd5-photos.leclercdrive.fr/image.ashx?id=2988009&use=l&cat=p&typeid=i","cat":312609},{"id":27,"n":"Lentilles préparées Notre  Jardin - 265g","p":0.67,"u":"2,53 €/KG","img":"https://fd5-photos.leclercdrive.fr/image.ashx?id=2987985&use=l&cat=p&typeid=i","cat":312609},{"id":28,"n":"Lentilles Préparées Notre  Jardin - 530g","p":1.15,"u":"2,17 €/KG","img":"https://fd5-photos.leclercdrive.fr/image.ashx?id=2987982&use=l&cat=p&typeid=i","cat":312609},{"id":29,"n":"Haricots rouges Notre Jardin 250g","p":0.84,"u":"3,36 €/KG","img":"https://fd5-photos.leclercdrive.fr/image.ashx?id=2988024&use=l&cat=p&typeid=i","cat":312606},{"id":30,"n":"Pommes de terre Notre Jardin 530g","p":1.29,"u":"2,43 €/KG","img":"https://fd5-photos.leclercdrive.fr/image.ashx?id=2696250&use=l&cat=p&typeid=i","cat":312612},{"id":32,"n":"Coeurs de céleri Notre Jardin - 500g PNE","p":2.99,"u":"5,64 €/KG","img":"https://fd5-photos.leclercdrive.fr/image.ashx?id=2483602&use=l&cat=p&typeid=i","cat":312612},{"id":36,"n":"Epinards hâchés Notre Jardin 795g","p":1.65,"u":"2,08 €/KG","img":"https://fd5-photos.leclercdrive.fr/image.ashx?id=2468807&use=l&cat=p&typeid=i","cat":312612},{"id":37,"n":"Epinards hâchés Notre Jardin 395g","p":1.09,"u":"2,76 €/KG","img":"https://fd5-photos.leclercdrive.fr/image.ashx?id=1993152&use=l&cat=p&typeid=i","cat":312612},{"id":38,"n":"Epinards branches  Notre Jardin 265g","p":1.15,"u":"4,34 €/KG","img":"https://fd5-photos.leclercdrive.fr/image.ashx?id=1993155&use=l&cat=p&typeid=i","cat":312612},{"id":39,"n":"Epinards branches Notre Jardin 530g","p":1.69,"u":"3,19 €/KG","img":"https://fd5-photos.leclercdrive.fr/image.ashx?id=2913651&use=l&cat=p&typeid=i","cat":312612},{"id":40,"n":"Coeurs de palmiers Notre Jardin Extra tendres - 500g","p":3.85,"u":"7,70 €/KG","img":"https://fd5-photos.leclercdrive.fr/image.ashx?id=2072698&use=l&cat=p&typeid=i","cat":312611},{"id":41,"n":"Choux Bruxelles Notre Jardin 530g","p":1.95,"u":"3,68 €/KG","img":"https://fd5-photos.leclercdrive.fr/image.ashx?id=2072428&use=l&cat=p&typeid=i","cat":312612},{"id":42,"n":"Haricots Mungo Notre Jardin 180g","p":1.0,"u":"5,56 €/KG","img":"https://fd5-photos.leclercdrive.fr/image.ashx?id=2072431&use=l&cat=p&typeid=i","cat":312611},{"id":43,"n":"Asperges blanches miniatures Notre Jardin - 110g","p":1.55,"u":"14,09 €/KG","img":"https://fd5-photos.leclercdrive.fr/image.ashx?id=2049019&use=l&cat=p&typeid=i","cat":312611},{"id":44,"n":"Maïs Notre Jardin Tendre - 285g","p":0.96,"u":"3,37 €/KG","img":"https://fd5-photos.leclercdrive.fr/image.ashx?id=3005658&use=l&cat=p&typeid=i","cat":312611},{"id":47,"n":"Filets de thon Saupiquet Huile d'olive - 115g","p":2.53,"u":"22,00 €/KG","img":"https://fd5-photos.leclercdrive.fr/image.ashx?id=2846373&use=l&cat=p&typeid=i","cat":303867},{"id":48,"n":"Thon Saupiquet A la Catalane - 252g","p":1.88,"u":"7,46 €/KG","img":"https://fd5-photos.leclercdrive.fr/image.ashx?id=2860892&use=l&cat=p&typeid=i","cat":303867},{"id":50,"n":"Miettes de thon Pêche Océan Huile de tournesol - 160g","p":1.7,"u":"10,63 €/KG","img":"https://fd5-photos.leclercdrive.fr/image.ashx?id=2941369&use=l&cat=p&typeid=i","cat":303867},{"id":51,"n":"Miettes de thon Pêche Océan Tomate - 160g","p":1.13,"u":"7,06 €/KG","img":"https://fd5-photos.leclercdrive.fr/image.ashx?id=2941378&use=l&cat=p&typeid=i","cat":303867},{"id":52,"n":"Miettes de thon Pêche Océan Tomate - 3x80g","p":1.56,"u":"6,50 €/KG","img":"https://fd5-photos.leclercdrive.fr/image.ashx?id=2941363&use=l&cat=p&typeid=i","cat":303867},{"id":55,"n":"Filets sardines Pêche Océan Huile d'olive Sans arête - 100g","p":1.35,"u":"13,50 €/KG","img":"https://fd5-photos.leclercdrive.fr/image.ashx?id=1986231&use=l&cat=p&typeid=i","cat":305146},{"id":58,"n":"Filets maquereaux Pêche Océan Arômates et Muscadet 176g","p":1.45,"u":"8,24 €/KG","img":"https://fd5-photos.leclercdrive.fr/image.ashx?id=2476948&use=l&cat=p&typeid=i","cat":303868},{"id":59,"n":"Maquereaux Pêche Océan Moutarde de Dijon - 169g","p":1.65,"u":"9,76 €/KG","img":"https://fd5-photos.leclercdrive.fr/image.ashx?id=2488350&use=l&cat=p&typeid=i","cat":303868},{"id":66,"n":"Terrine de campagne Côté Table Cèpes - 180g","p":1.55,"u":"8,61 €/KG","img":"https://fd5-photos.leclercdrive.fr/image.ashx?id=2519414&use=l&cat=p&typeid=i","cat":305149},{"id":67,"n":"Terrine de canard Côté Table 180g","p":1.55,"u":"8,61 €/KG","img":"https://fd5-photos.leclercdrive.fr/image.ashx?id=2943091&use=l&cat=p&typeid=i","cat":305149},{"id":68,"n":"Cassoulet Côté Table Saucisses et saucissons - 420g","p":1.15,"u":"2,74 €/KG","img":"https://fd5-photos.leclercdrive.fr/image.ashx?id=2977099&use=l&cat=p&typeid=i","cat":284440},{"id":72,"n":"Lentilles cuisinées Raynal Et Roquelaure - 820g","p":1.83,"u":"2,23 €/KG","img":"https://fd5-photos.leclercdrive.fr/image.ashx?id=2928393&use=l&cat=p&typeid=i","cat":312609},{"id":74,"n":"Choucroute Côté Table garnie 800g","p":2.69,"u":"3,36 €/KG","img":"https://fd5-photos.leclercdrive.fr/image.ashx?id=1847409&use=l&cat=p&typeid=i","cat":284441},{"id":75,"n":"Choucroute Côté Table garnie 400g","p":1.75,"u":"4,38 €/KG","img":"https://fd5-photos.leclercdrive.fr/image.ashx?id=1993170&use=l&cat=p&typeid=i","cat":284441},{"id":76,"n":"Gratin dauphinois Côté Table 850g","p":1.67,"u":"1,96 €/KG","img":"https://fd5-photos.leclercdrive.fr/image.ashx?id=2977117&use=l&cat=p&typeid=i","cat":284441},{"id":78,"n":"Saucisses lentilles Côté Table 840g","p":1.99,"u":"2,37 €/KG","img":"https://fd5-photos.leclercdrive.fr/image.ashx?id=2977102&use=l&cat=p&typeid=i","cat":284441},{"id":79,"n":"Saucisses lentilles Côté Table 420g","p":1.15,"u":"2,74 €/KG","img":"https://fd5-photos.leclercdrive.fr/image.ashx?id=2977105&use=l&cat=p&typeid=i","cat":284441},{"id":80,"n":"Gésiers de canard du Sud-Ouest NRT - 215g","p":6.99,"u":"32,51 €/KG","img":"https://fd5-photos.leclercdrive.fr/image.ashx?id=2723204&use=l&cat=p&typeid=i","cat":284440},{"id":92,"n":"Chips Pom'lisse Nature - 6x30g","p":1.37,"u":"7,61 €/KG","img":"https://fd5-photos.leclercdrive.fr/image.ashx?id=2498593&use=l&cat=p&typeid=i","cat":284447},{"id":97,"n":"Pétales salées Tokapi Soufflés - 75g","p":0.69,"u":"9,20 €/KG","img":"https://fd5-photos.leclercdrive.fr/image.ashx?id=2751874&use=l&cat=p&typeid=i","cat":284449},{"id":104,"n":"Mélange Grillé et salé Tokapi Cacahuètes et noisettes - 120g","p":1.46,"u":"12,17 €/KG","img":"https://fd5-photos.leclercdrive.fr/image.ashx?id=2794100&use=l&cat=p&typeid=i","cat":284448},{"id":105,"n":"Cacahuètes grillées Tokapi Salées - 250g","p":0.85,"u":"3,40 €/KG","img":"https://fd5-photos.leclercdrive.fr/image.ashx?id=2795529&use=l&cat=p&typeid=i","cat":284448},{"id":108,"n":"Noix de cajou grillées Tokapi Salées - 400g","p":4.78,"u":"11,95 €/KG","img":"https://fd5-photos.leclercdrive.fr/image.ashx?id=2793985&use=l&cat=p&typeid=i","cat":284448},{"id":113,"n":"Crackers Tuc Nature Original - 100g","p":0.55,"u":"5,50 €/KG","img":"https://fd5-photos.leclercdrive.fr/image.ashx?id=3002195&use=l&cat=p&typeid=i","cat":297000},{"id":117,"n":"Huile Isio 4 Lesieur 1L","p":3.3,"u":"3,30 €/L","img":"https://fd5-photos.leclercdrive.fr/image.ashx?id=2916018&use=l&cat=p&typeid=i","cat":284453},{"id":118,"n":"Huile d'olive Puget 1L","p":10.15,"u":"10,15 €/L","img":"https://fd5-photos.leclercdrive.fr/image.ashx?id=2917750&use=l&cat=p&typeid=i","cat":284453},{"id":121,"n":"Huile Fleur de colza Lesieur  1L","p":2.56,"u":"2,56 €/L","img":"https://fd5-photos.leclercdrive.fr/image.ashx?id=2916848&use=l&cat=p&typeid=i","cat":284453},{"id":122,"n":"Huile de friture Rustica Sans odeur - 2L","p":4.45,"u":"2,23 €/L","img":"https://fd5-photos.leclercdrive.fr/image.ashx?id=2916662&use=l&cat=p&typeid=i","cat":284453},{"id":123,"n":"Huile végétale  Rustica Mélange 4 huiles  - 1L","p":2.65,"u":"2,65 €/L","img":"https://fd5-photos.leclercdrive.fr/image.ashx?id=2538134&use=l&cat=p&typeid=i","cat":284453},{"id":124,"n":"Huile d'olive Rustica Vierge extra - 1L","p":8.99,"u":"8,99 €/L","img":"https://fd5-photos.leclercdrive.fr/image.ashx?id=2898011&use=l&cat=p&typeid=i","cat":284453},{"id":125,"n":"Huile de tournesol Rustica  1L","p":1.99,"u":"1,99 €/L","img":"https://fd5-photos.leclercdrive.fr/image.ashx?id=2900319&use=l&cat=p&typeid=i","cat":284453},{"id":126,"n":"Huile de tournesol Rustica 3L","p":5.89,"u":"1,96 €/L","img":"https://fd5-photos.leclercdrive.fr/image.ashx?id=2900322&use=l&cat=p&typeid=i","cat":284453},{"id":127,"n":"Huile de colza Rustica  1L","p":1.76,"u":"1,76 €/L","img":"https://fd5-photos.leclercdrive.fr/image.ashx?id=2500797&use=l&cat=p&typeid=i","cat":284453},{"id":128,"n":"Vinaigre de vin Rustica 75cl","p":0.99,"u":"1,32 €/L","img":"https://fd5-photos.leclercdrive.fr/image.ashx?id=1061150&use=l&cat=p&typeid=i","cat":298543},{"id":129,"n":"Vinaigre de cidre Rustica  75cl","p":0.87,"u":"1,16 €/L","img":"https://fd5-photos.leclercdrive.fr/image.ashx?id=2657190&use=l&cat=p&typeid=i","cat":298543},{"id":130,"n":"Vinaigrette Rustica  Moutarde - 50cl","p":0.89,"u":"1,78 €/L","img":"https://fd5-photos.leclercdrive.fr/image.ashx?id=1950144&use=l&cat=p&typeid=i","cat":284456},{"id":131,"n":"Jus de citron Rustica Sicile - 2x125ml - 250ml","p":1.08,"u":"4,32 €/L","img":"https://fd5-photos.leclercdrive.fr/image.ashx?id=2974786&use=l&cat=p&typeid=i","cat":288383},{"id":136,"n":"Sel fin de Camargue NRT 250g","p":1.63,"u":"6,52 €/KG","img":"https://fd5-photos.leclercdrive.fr/image.ashx?id=2644906&use=l&cat=p&typeid=i","cat":284457},{"id":137,"n":"Gros sel de Camargue NRT Sachet -1kg","p":1.2,"u":"1,20 €/KG","img":"https://fd5-photos.leclercdrive.fr/image.ashx?id=2644903&use=l&cat=p&typeid=i","cat":284457},{"id":138,"n":"Sel fin de Guérande IGP NRT 250g","p":1.35,"u":"5,40 €/KG","img":"https://fd5-photos.leclercdrive.fr/image.ashx?id=2644900&use=l&cat=p&typeid=i","cat":284457},{"id":147,"n":"Olives vertes Rustica  Dénoyautées - 160g","p":0.92,"u":"5,75 €/KG","img":"https://fd5-photos.leclercdrive.fr/image.ashx?id=2499070&use=l&cat=p&typeid=i","cat":284458},{"id":156,"n":"Moutarde de Dijon Rustica  Fine et forte Verre whisky-280g","p":1.94,"u":"6,93 €/KG","img":"https://fd5-photos.leclercdrive.fr/image.ashx?id=2954337&use=l&cat=p&typeid=i","cat":288850},{"id":157,"n":"Moutarde de Dijon AMORA Fine & Forte - 265g","p":1.62,"u":"6,11 €/KG","img":"https://fd5-photos.leclercdrive.fr/image.ashx?id=3004870&use=l&cat=p&typeid=i","cat":288850},{"id":160,"n":"Mayonnaise Lesieur Huile de colza - 175g","p":0.74,"u":"4,23 €/KG","img":"https://fd5-photos.leclercdrive.fr/image.ashx?id=2917702&use=l&cat=p&typeid=i","cat":298295},{"id":169,"n":"Sauce Pesto Panzani Basilic - 200g","p":1.52,"u":"7,60 €/KG","img":"https://fd5-photos.leclercdrive.fr/image.ashx?id=2989093&use=l&cat=p&typeid=i","cat":287599},{"id":172,"n":"Purée de tomates Turini 720ml","p":1.26,"u":"1,75 €/L","img":"https://fd5-photos.leclercdrive.fr/image.ashx?id=2680539&use=l&cat=p&typeid=i","cat":288384},{"id":174,"n":"Tomates pelées Notre Jardin Entières - 476g","p":1.4,"u":"2,94 €/KG","img":"https://fd5-photos.leclercdrive.fr/image.ashx?id=2189999&use=l&cat=p&typeid=i","cat":312608},{"id":175,"n":"Sauce bolognaise Turini 420g","p":1.45,"u":"3,45 €/KG","img":"https://fd5-photos.leclercdrive.fr/image.ashx?id=2634860&use=l&cat=p&typeid=i","cat":287599},{"id":177,"n":"Sauce Tomate Turini 2x190g","p":1.39,"u":"3,66 €/KG","img":"https://fd5-photos.leclercdrive.fr/image.ashx?id=2668117&use=l&cat=p&typeid=i","cat":288384},{"id":178,"n":"Sauce Napolitaine Turini 420g","p":0.88,"u":"2,10 €/KG","img":"https://fd5-photos.leclercdrive.fr/image.ashx?id=2441893&use=l&cat=p&typeid=i","cat":287599},{"id":185,"n":"Pâtes Barilla Pipe Rigate - 500g","p":0.95,"u":"1,90 €/KG","img":"https://fd5-photos.leclercdrive.fr/image.ashx?id=2392209&use=l&cat=p&typeid=i","cat":284427},{"id":186,"n":"Pâtes Barilla Penne rigate - 500g","p":0.95,"u":"1,90 €/KG","img":"https://fd5-photos.leclercdrive.fr/image.ashx?id=2392203&use=l&cat=p&typeid=i","cat":284427},{"id":187,"n":"Pâtes Barilla Fusilli - 500g","p":0.95,"u":"1,90 €/KG","img":"https://fd5-photos.leclercdrive.fr/image.ashx?id=2392212&use=l&cat=p&typeid=i","cat":284427},{"id":190,"n":"Pâtes Barilla piccolini Mini penne rigate - 500g","p":1.19,"u":"2,38 €/KG","img":"https://fd5-photos.leclercdrive.fr/image.ashx?id=2737588&use=l&cat=p&typeid=i","cat":284427},{"id":191,"n":"Pâtes Collezione Barilla Lasagne aux œufs - 500g","p":1.91,"u":"3,82 €/KG","img":"https://fd5-photos.leclercdrive.fr/image.ashx?id=2990997&use=l&cat=p&typeid=i","cat":284427},{"id":192,"n":"Pâtes Barilla Penne rigate - 1kg","p":1.81,"u":"1,81 €/KG","img":"https://fd5-photos.leclercdrive.fr/image.ashx?id=2392191&use=l&cat=p&typeid=i","cat":284427},{"id":193,"n":"Pâtes vermicelles Panzani  500g","p":1.06,"u":"2,12 €/KG","img":"https://fd5-photos.leclercdrive.fr/image.ashx?id=2896072&use=l&cat=p&typeid=i","cat":284427},{"id":194,"n":"Pâtes Coquillettes Panzani 500g","p":0.86,"u":"1,72 €/KG","img":"https://fd5-photos.leclercdrive.fr/image.ashx?id=2870200&use=l&cat=p&typeid=i","cat":284427},{"id":195,"n":"Pâtes macaroni Panzani 500g","p":0.86,"u":"1,72 €/KG","img":"https://fd5-photos.leclercdrive.fr/image.ashx?id=2884297&use=l&cat=p&typeid=i","cat":284427},{"id":196,"n":"Pâtes nouilles fines Panzani 500g","p":1.11,"u":"2,22 €/KG","img":"https://fd5-photos.leclercdrive.fr/image.ashx?id=2876005&use=l&cat=p&typeid=i","cat":284427},{"id":198,"n":"Pâtes Spaghetti Panzani 500g","p":0.84,"u":"1,68 €/KG","img":"https://fd5-photos.leclercdrive.fr/image.ashx?id=2876023&use=l&cat=p&typeid=i","cat":284427},{"id":199,"n":"Pâtes Tagliatelle Panzani Créatives - 500G","p":1.4,"u":"2,80 €/KG","img":"https://fd5-photos.leclercdrive.fr/image.ashx?id=2902936&use=l&cat=p&typeid=i","cat":284427},{"id":200,"n":"Pâtes lasagnes Turini  500g","p":1.29,"u":"2,58 €/KG","img":"https://fd5-photos.leclercdrive.fr/image.ashx?id=2980779&use=l&cat=p&typeid=i","cat":284427},{"id":201,"n":"Pâtes Etoiles Turini 500g","p":1.05,"u":"2,10 €/KG","img":"https://fd5-photos.leclercdrive.fr/image.ashx?id=2744222&use=l&cat=p&typeid=i","cat":284427},{"id":202,"n":"Pâtes Nouilles Turini 500g","p":0.75,"u":"1,50 €/KG","img":"https://fd5-photos.leclercdrive.fr/image.ashx?id=2980462&use=l&cat=p&typeid=i","cat":284427},{"id":203,"n":"Pâtes Torsades Turini 500g","p":0.65,"u":"1,30 €/KG","img":"https://fd5-photos.leclercdrive.fr/image.ashx?id=2980423&use=l&cat=p&typeid=i","cat":284427},{"id":204,"n":"Pâtes Coquillettes Turini 500g","p":0.75,"u":"1,50 €/KG","img":"https://fd5-photos.leclercdrive.fr/image.ashx?id=2980405&use=l&cat=p&typeid=i","cat":284427},{"id":205,"n":"Pâtes Macaroni Turini 500g","p":0.75,"u":"1,50 €/KG","img":"https://fd5-photos.leclercdrive.fr/image.ashx?id=2980414&use=l&cat=p&typeid=i","cat":284427},{"id":206,"n":"Spaghetti Turini 500g","p":0.69,"u":"1,38 €/KG","img":"https://fd5-photos.leclercdrive.fr/image.ashx?id=2980396&use=l&cat=p&typeid=i","cat":284427},{"id":208,"n":"Pâtes gansettes Turini 500g","p":0.98,"u":"1,96 €/KG","img":"https://fd5-photos.leclercdrive.fr/image.ashx?id=2607422&use=l&cat=p&typeid=i","cat":284427},{"id":210,"n":"Pâtes cheveux d'anges Turini 500g","p":0.85,"u":"1,70 €/KG","img":"https://fd5-photos.leclercdrive.fr/image.ashx?id=2980785&use=l&cat=p&typeid=i","cat":284427},{"id":211,"n":"Pâtes Tagliatelles Turini 500g","p":1.29,"u":"2,58 €/KG","img":"https://fd5-photos.leclercdrive.fr/image.ashx?id=2669693&use=l&cat=p&typeid=i","cat":284427},{"id":217,"n":"Riz Thaï Comptoir du Grain Sélection Riz long - 1kg","p":2.2,"u":"2,20 €/KG","img":"https://fd5-photos.leclercdrive.fr/image.ashx?id=2657084&use=l&cat=p&typeid=i","cat":284428},{"id":218,"n":"Riz Basmati Comptoir du Grain Sélection Riz long - 1kg","p":2.55,"u":"2,55 €/KG","img":"https://fd5-photos.leclercdrive.fr/image.ashx?id=2549373&use=l&cat=p&typeid=i","cat":284428},{"id":219,"n":"Riz long Comptoir du Grain Sachet cuisson rapide x5 - 1kg","p":1.74,"u":"1,74 €/KG","img":"https://fd5-photos.leclercdrive.fr/image.ashx?id=1759876&use=l&cat=p&typeid=i","cat":284428},{"id":220,"n":"Couscous moyen Regia 1kg","p":2.55,"u":"2,55 €/KG","img":"https://fd5-photos.leclercdrive.fr/image.ashx?id=2874856&use=l&cat=p&typeid=i","cat":284429},{"id":224,"n":"Purée pomme de terre Pom'lisse Nature - 4x125g - 500g","p":1.85,"u":"3,70 €/KG","img":"https://fd5-photos.leclercdrive.fr/image.ashx?id=2949403&use=l&cat=p&typeid=i","cat":284431},{"id":225,"n":"Couscous Comptoir du Grain Grain moyen - 1kg","p":1.44,"u":"1,44 €/KG","img":"https://fd5-photos.leclercdrive.fr/image.ashx?id=3012797&use=l&cat=p&typeid=i","cat":284429},{"id":229,"n":"Blé précuit Comptoir du Grain Cuisson rapide 10 min - 500g","p":1.54,"u":"3,08 €/KG","img":"https://fd5-photos.leclercdrive.fr/image.ashx?id=1986243&use=l&cat=p&typeid=i","cat":284429},{"id":230,"n":"Pois cassés Notre Jardin 500g","p":1.05,"u":"2,10 €/KG","img":"https://fd5-photos.leclercdrive.fr/image.ashx?id=2983772&use=l&cat=p&typeid=i","cat":284430},{"id":231,"n":"Lentilles vertes Notre Jardin 500g","p":1.63,"u":"3,26 €/KG","img":"https://fd5-photos.leclercdrive.fr/image.ashx?id=2055651&use=l&cat=p&typeid=i","cat":284430},{"id":239,"n":"Soupe Velouté Régal Soupe 10 légumes - 1L","p":1.19,"u":"1,19 €/L","img":"https://fd5-photos.leclercdrive.fr/image.ashx?id=2983781&use=l&cat=p&typeid=i","cat":284462},{"id":240,"n":"Soupe Régal Soupe Poireaux Pommes de terre - 1L","p":1.19,"u":"1,19 €/L","img":"https://fd5-photos.leclercdrive.fr/image.ashx?id=2607356&use=l&cat=p&typeid=i","cat":284462},{"id":241,"n":"Soupe Mouliné Régal Soupe 10 légumes variés - 1L","p":1.08,"u":"1,08 €/L","img":"https://fd5-photos.leclercdrive.fr/image.ashx?id=2607353&use=l&cat=p&typeid=i","cat":284462},{"id":242,"n":"Soupe Velouté Régal Soupe Potiron - 1L","p":1.35,"u":"1,35 €/L","img":"https://fd5-photos.leclercdrive.fr/image.ashx?id=2983787&use=l&cat=p&typeid=i","cat":284462},{"id":255,"n":"Arôme Saveur Maggi 250g","p":1.76,"u":"7,04 €/KG","img":"https://fd5-photos.leclercdrive.fr/image.ashx?id=2671960&use=l&cat=p&typeid=i","cat":288379},{"id":259,"n":"Assaisonnement Liquide KNORR Viandox - 160ml","p":1.46,"pp":1.02,"u":"6,38 €/L","img":"https://fd5-photos.leclercdrive.fr/image.ashx?id=2705215&use=l&cat=p&typeid=i","cat":288383},{"id":267,"n":"Biscuits Petit Ecolier LU Chocolat au lait - 120g","p":1.99,"u":"16,58 €/KG","img":"https://fd5-photos.leclercdrive.fr/image.ashx?id=3014404&use=l&cat=p&typeid=i","cat":284488},{"id":270,"n":"Biscuits Petit Ecolier LU Chocolat noir - 150g","p":1.67,"u":"11,13 €/KG","img":"https://fd5-photos.leclercdrive.fr/image.ashx?id=2944359&use=l&cat=p&typeid=i","cat":284488},{"id":274,"n":"Biscuits Pocket Prince Chocolat - 400g","p":2.11,"u":"5,28 €/KG","img":"https://fd5-photos.leclercdrive.fr/image.ashx?id=3002207&use=l&cat=p&typeid=i","cat":284488},{"id":278,"n":"Biscuits La Barquette Lulu LU Chocolat noisettes - 2x120g","p":1.93,"u":"8,04 €/KG","img":"https://fd5-photos.leclercdrive.fr/image.ashx?id=2135740&use=l&cat=p&typeid=i","cat":284488},{"id":280,"n":"Biscuits Petits cœurs LU Chocolat - 180g","p":2.18,"u":"12,11 €/KG","img":"https://fd5-photos.leclercdrive.fr/image.ashx?id=3002024&use=l&cat=p&typeid=i","cat":284488},{"id":281,"n":"Gâteaux moelleux Lulu LU Coqueline Chocolat - 165g","p":1.56,"u":"9,45 €/KG","img":"https://fd5-photos.leclercdrive.fr/image.ashx?id=3001946&use=l&cat=p&typeid=i","cat":284495},{"id":283,"n":"Biscuit Petit beurre P'tit Déli Chocolat au lait pocket - 250g","p":2.25,"u":"9,00 €/KG","img":"https://fd5-photos.leclercdrive.fr/image.ashx?id=2919589&use=l&cat=p&typeid=i","cat":284488},{"id":284,"n":"Biscuits P'tit Déli ronds Chocolat lait 200g","p":1.2,"u":"6,00 €/KG","img":"https://fd5-photos.leclercdrive.fr/image.ashx?id=2884210&use=l&cat=p&typeid=i","cat":284488},{"id":286,"n":"Biscuits barquette P'tit Déli Chocolat et noisette x18 - 120g","p":0.89,"u":"7,42 €/KG","img":"https://fd5-photos.leclercdrive.fr/image.ashx?id=2705065&use=l&cat=p&typeid=i","cat":284488},{"id":288,"n":"Gaufrettes P'tit Déli  Enrobées chocolat 150g","p":1.59,"u":"10,60 €/KG","img":"https://fd5-photos.leclercdrive.fr/image.ashx?id=2965416&use=l&cat=p&typeid=i","cat":284488},{"id":289,"n":"Mini goûters P'tit Déli Chocolat 168g","p":1.13,"u":"6,73 €/KG","img":"https://fd5-photos.leclercdrive.fr/image.ashx?id=2321941&use=l&cat=p&typeid=i","cat":284488},{"id":290,"n":"Biscuits P'tit Déli Bâtonnets Chocolat 150g","p":1.19,"u":"7,93 €/KG","img":"https://fd5-photos.leclercdrive.fr/image.ashx?id=2470189&use=l&cat=p&typeid=i","cat":284488},{"id":291,"n":"Goûter Moelleux P'tit Déli  Lait et cacao x10 420g","p":2.81,"u":"6,69 €/KG","img":"https://fd5-photos.leclercdrive.fr/image.ashx?id=2610684&use=l&cat=p&typeid=i","cat":284495},{"id":292,"n":"Biscuits fourrés P'tit Déli Coeur fondant chocolat - 225g","p":1.26,"u":"5,60 €/KG","img":"https://fd5-photos.leclercdrive.fr/image.ashx?id=2932393&use=l&cat=p&typeid=i","cat":284488},{"id":296,"n":"Biscuits La Barquette Lulu LU Fraise - 2x120g","p":1.93,"u":"8,04 €/KG","img":"https://fd5-photos.leclercdrive.fr/image.ashx?id=3001952&use=l&cat=p&typeid=i","cat":284489},{"id":298,"n":"Gâteaux moelleux Lulu LU Coqueline Fraise - 165g","p":1.44,"u":"8,73 €/KG","img":"https://fd5-photos.leclercdrive.fr/image.ashx?id=2977252&use=l&cat=p&typeid=i","cat":284495},{"id":304,"n":"Génoises fourrées P'tit Déli - 150g","p":1.39,"u":"9,27 €/KG","img":"https://fd5-photos.leclercdrive.fr/image.ashx?id=2470192&use=l&cat=p&typeid=i","cat":284489},{"id":310,"n":"Biscuits boudoirs P'tit Déli Aux oeufs - 175g","p":1.38,"u":"7,89 €/KG","img":"https://fd5-photos.leclercdrive.fr/image.ashx?id=1947342&use=l&cat=p&typeid=i","cat":284487},{"id":313,"n":"Biscuits palmiers P'tit Déli 100g","p":0.59,"u":"5,90 €/KG","img":"https://fd5-photos.leclercdrive.fr/image.ashx?id=2940896&use=l&cat=p&typeid=i","cat":284487},{"id":314,"n":"Biscuits langue chat P'tit Déli 200g","p":1.28,"u":"6,40 €/KG","img":"https://fd5-photos.leclercdrive.fr/image.ashx?id=1875827&use=l&cat=p&typeid=i","cat":284487},{"id":315,"n":"Biscuits cigarettes P'tit Déli Fines 180g","p":0.95,"u":"5,28 €/KG","img":"https://fd5-photos.leclercdrive.fr/image.ashx?id=2907039&use=l&cat=p&typeid=i","cat":284487},{"id":316,"n":"Palets bretons P'tit Déli 125g","p":0.97,"u":"7,76 €/KG","img":"https://fd5-photos.leclercdrive.fr/image.ashx?id=2809650&use=l&cat=p&typeid=i","cat":284487},{"id":321,"n":"Cake fruits Brossard 500g","p":4.59,"u":"9,18 €/KG","img":"https://fd5-photos.leclercdrive.fr/image.ashx?id=2983105&use=l&cat=p&typeid=i","cat":284493},{"id":322,"n":"Cake anglais Brossard 400g","p":2.73,"u":"6,83 €/KG","img":"https://fd5-photos.leclercdrive.fr/image.ashx?id=2456795&use=l&cat=p&typeid=i","cat":284493},{"id":323,"n":"Gâteaux Mini roulés Pépito Chocolat - 150g","p":1.65,"u":"11,00 €/KG","img":"https://fd5-photos.leclercdrive.fr/image.ashx?id=2331898&use=l&cat=p&typeid=i","cat":284495},{"id":325,"n":"Galettes Bretonnes P'tit Déli Pur beurre - 125g","p":0.73,"u":"5,84 €/KG","img":"https://fd5-photos.leclercdrive.fr/image.ashx?id=2847943&use=l&cat=p&typeid=i","cat":284487},{"id":327,"n":"Biscuits P'tit Déli Cookies Chocolat nougatine 200g","p":1.35,"u":"6,75 €/KG","img":"https://fd5-photos.leclercdrive.fr/image.ashx?id=2900022&use=l&cat=p&typeid=i","cat":325066},{"id":328,"n":"Biscuits Cookies P'tit Déli Chocolat pépite chocolat - 200g","p":1.35,"u":"6,75 €/KG","img":"https://fd5-photos.leclercdrive.fr/image.ashx?id=2900025&use=l&cat=p&typeid=i","cat":325066},{"id":329,"n":"Biscuits Bastogne LU Originale - 260g","p":1.67,"u":"6,42 €/KG","img":"https://fd5-photos.leclercdrive.fr/image.ashx?id=2346765&use=l&cat=p&typeid=i","cat":284487},{"id":332,"n":"Biscuits petit déjeuner Belvita Céréales & Lait - 400g","p":2.98,"u":"7,45 €/KG","img":"https://fd5-photos.leclercdrive.fr/image.ashx?id=2959841&use=l&cat=p&typeid=i","cat":284491},{"id":345,"n":"Pain de mie Harrys - Nature Longue conservation - 250g","p":0.76,"u":"3,04 €/KG","img":"https://fd5-photos.leclercdrive.fr/image.ashx?id=2507976&use=l&cat=p&typeid=i","cat":284477},{"id":349,"n":"Pain de mie nature Epi d'Or Classique - 500g","p":1.19,"u":"2,38 €/KG","img":"https://fd5-photos.leclercdrive.fr/image.ashx?id=2615582&use=l&cat=p&typeid=i","cat":284477},{"id":350,"n":"Pain de mie nature Epi d'Or Grandes tranches - 550g","p":1.09,"u":"1,98 €/KG","img":"https://fd5-photos.leclercdrive.fr/image.ashx?id=2860700&use=l&cat=p&typeid=i","cat":284477},{"id":352,"n":"Pain de mie nature Epi d'Or  Extra-moelleux - 500g","p":0.95,"u":"1,90 €/KG","img":"https://fd5-photos.leclercdrive.fr/image.ashx?id=2860697&use=l&cat=p&typeid=i","cat":284477},{"id":361,"n":"Brioche tranchée Epi d'Or Nature - 500g","p":1.65,"u":"3,30 €/KG","img":"https://fd5-photos.leclercdrive.fr/image.ashx?id=2860694&use=l&cat=p&typeid=i","cat":284478},{"id":362,"n":"Briochettes Epi d'Or Nature x12 - 480g","p":1.49,"u":"3,10 €/KG","img":"https://fd5-photos.leclercdrive.fr/image.ashx?id=2860709&use=l&cat=p&typeid=i","cat":284478},{"id":363,"n":"Pains au lait Epi d'Or x10 - 350g","p":1.19,"u":"3,40 €/KG","img":"https://fd5-photos.leclercdrive.fr/image.ashx?id=2860688&use=l&cat=p&typeid=i","cat":293505},{"id":364,"n":"Pains au chocolat Epi d'Or x8 - 360g","p":1.89,"u":"5,25 €/KG","img":"https://fd5-photos.leclercdrive.fr/image.ashx?id=2860691&use=l&cat=p&typeid=i","cat":296366},{"id":368,"n":"Madeleine P'tit Déli coquilles Sachet 1kg","p":3.4,"u":"3,40 €/KG","img":"https://fd5-photos.leclercdrive.fr/image.ashx?id=2999493&use=l&cat=p&typeid=i","cat":284492},{"id":369,"n":"Marbré P'tit Déli 300g","p":1.89,"u":"6,30 €/KG","img":"https://fd5-photos.leclercdrive.fr/image.ashx?id=2562698&use=l&cat=p&typeid=i","cat":294776},{"id":373,"n":"Biscottes Plaine Vie Heudebert  Sans sel - 300g","p":1.66,"u":"5,53 €/KG","img":"https://fd5-photos.leclercdrive.fr/image.ashx?id=2870572&use=l&cat=p&typeid=i","cat":284479},{"id":375,"n":"Biscottes fourrées Cracotte LU  Framboise - 200g","p":1.54,"u":"7,70 €/KG","img":"https://fd5-photos.leclercdrive.fr/image.ashx?id=2873844&use=l&cat=p&typeid=i","cat":284479},{"id":376,"n":"Biscottes Cracotte LU  Froment - 250g","p":1.42,"u":"5,68 €/KG","img":"https://fd5-photos.leclercdrive.fr/image.ashx?id=3002006&use=l&cat=p&typeid=i","cat":284479},{"id":377,"n":"Biscottes Cracotte LU Gourmande - 250g","p":1.52,"u":"6,08 €/KG","img":"https://fd5-photos.leclercdrive.fr/image.ashx?id=3002009&use=l&cat=p&typeid=i","cat":284479},{"id":378,"n":"Biscottes Cracotte LU  Céréales complètes - 250g","p":1.53,"u":"6,12 €/KG","img":"https://fd5-photos.leclercdrive.fr/image.ashx?id=3002012&use=l&cat=p&typeid=i","cat":284479},{"id":379,"n":"Biscottes fourrées Cracotte Lu Chocolat - 200g","p":1.7,"u":"8,50 €/KG","img":"https://fd5-photos.leclercdrive.fr/image.ashx?id=2849704&use=l&cat=p&typeid=i","cat":284479},{"id":382,"n":"Biscottes Epi d'Or 6 céréales x36 - 300g","p":1.22,"u":"4,07 €/KG","img":"https://fd5-photos.leclercdrive.fr/image.ashx?id=2532832&use=l&cat=p&typeid=i","cat":284479},{"id":384,"n":"Biscottes Epi d'Or froment x36 - 300g","p":1.37,"u":"4,57 €/KG","img":"https://fd5-photos.leclercdrive.fr/image.ashx?id=2634854&use=l&cat=p&typeid=i","cat":284479},{"id":385,"n":"Pains azymes Biscuiterie d'Agen Croustillants - x12 - 600g","p":2.77,"u":"4,62 €/KG","img":"https://fd5-photos.leclercdrive.fr/image.ashx?id=1577583&use=l&cat=p&typeid=i","cat":284479},{"id":399,"n":"Café moulu Plantation Intense et aromatique - 2x250g","p":6.8,"u":"13,60 €/KG","img":"https://fd5-photos.leclercdrive.fr/image.ashx?id=2607398&use=l&cat=p&typeid=i","cat":284750},{"id":400,"n":"Café moulu Plantation  Intense et aromatique - 250g","p":3.5,"u":"14,00 €/KG","img":"https://fd5-photos.leclercdrive.fr/image.ashx?id=2555050&use=l&cat=p&typeid=i","cat":284750},{"id":401,"n":"Café moulu Plantation  Brésil - 2x250g","p":7.19,"u":"14,38 €/KG","img":"https://fd5-photos.leclercdrive.fr/image.ashx?id=2824247&use=l&cat=p&typeid=i","cat":284750},{"id":402,"n":"Café moulu Plantation  Tradition - 4x250g","p":9.69,"u":"9,69 €/KG","img":"https://fd5-photos.leclercdrive.fr/image.ashx?id=2824250&use=l&cat=p&typeid=i","cat":284750},{"id":405,"n":"Café Soluble Nescafé Spécial Filtre Original - 200g","p":7.36,"u":"36,80 €/KG","img":"https://fd5-photos.leclercdrive.fr/image.ashx?id=2837154&use=l&cat=p&typeid=i","cat":284843},{"id":406,"n":"Café soluble Nescafé Capuccino - x10 - 140g","p":2.9,"u":"20,71 €/KG","img":"https://fd5-photos.leclercdrive.fr/image.ashx?id=2729929&use=l&cat=p&typeid=i","cat":284843},{"id":407,"n":"Café et Chicorée Soluble Ricoré Lait - 400g","p":5.9,"u":"14,75 €/KG","img":"https://fd5-photos.leclercdrive.fr/image.ashx?id=2979617&use=l&cat=p&typeid=i","cat":284843},{"id":435,"n":"Infusion Tiséa Tilleul Menthe - x25","p":1.05,"u":"26,25 €/KG","img":"https://fd5-photos.leclercdrive.fr/image.ashx?id=2481748&use=l&cat=p&typeid=i","cat":293234},{"id":436,"n":"Infusion Tiséa Verveine - x25","p":0.92,"u":"23,00 €/KG","img":"https://fd5-photos.leclercdrive.fr/image.ashx?id=2900328&use=l&cat=p&typeid=i","cat":293234},{"id":437,"n":"Infusion Tiséa Verveine Orange - x25","p":1.34,"u":"33,50 €/KG","img":"https://fd5-photos.leclercdrive.fr/image.ashx?id=2757915&use=l&cat=p&typeid=i","cat":293234},{"id":443,"n":"Lait poudre Régilait écrémé 750g","p":5.93,"u":"7,91 €/KG","img":"https://fd5-photos.leclercdrive.fr/image.ashx?id=2592258&use=l&cat=p&typeid=i","cat":299162},{"id":444,"n":"Lait en poudre Régilait Demi écrémé - 300g","p":2.39,"u":"7,97 €/KG","img":"https://fd5-photos.leclercdrive.fr/image.ashx?id=2110077&use=l&cat=p&typeid=i","cat":299162},{"id":446,"n":"Lait en poudre Délisse Ecrémé - 300g","p":2.1,"u":"7,00 €/KG","img":"https://fd5-photos.leclercdrive.fr/image.ashx?id=2545467&use=l&cat=p&typeid=i","cat":299162},{"id":450,"n":"Chocolat poudre Van Houten 250g","p":4.31,"u":"17,24 €/KG","img":"https://fd5-photos.leclercdrive.fr/image.ashx?id=2647173&use=l&cat=p&typeid=i","cat":293235},{"id":451,"n":"Confiture Bonne Maman Abricots - 370g","p":1.84,"u":"4,97 €/KG","img":"https://fd5-photos.leclercdrive.fr/image.ashx?id=3001275&use=l&cat=p&typeid=i","cat":284480},{"id":453,"n":"Confiture extra figues NRT De Provence - 315g","p":2.64,"u":"8,38 €/KG","img":"https://fd5-photos.leclercdrive.fr/image.ashx?id=2699801&use=l&cat=p&typeid=i","cat":284480},{"id":456,"n":"Céréales Golden Grahams Nestlé 375g","p":2.08,"u":"5,55 €/KG","img":"https://fd5-photos.leclercdrive.fr/image.ashx?id=2979830&use=l&cat=p&typeid=i","cat":309513},{"id":473,"n":"Céréales Lion Nestlé Caramel et Chocolat - 400g","p":2.6,"u":"6,50 €/KG","img":"https://fd5-photos.leclercdrive.fr/image.ashx?id=2927453&use=l&cat=p&typeid=i","cat":309513},{"id":474,"n":"Céréales Cookie Crisp Nestlé 375g","p":2.12,"u":"5,65 €/KG","img":"https://fd5-photos.leclercdrive.fr/image.ashx?id=2926443&use=l&cat=p&typeid=i","cat":309513},{"id":486,"n":"Sucre en poudre Saint Louis 1kg","p":1.7,"u":"1,70 €/KG","img":"https://fd5-photos.leclercdrive.fr/image.ashx?id=2624239&use=l&cat=p&typeid=i","cat":284502},{"id":487,"n":"Sucre cristal Saint Louis Sachet 5kg","p":10.14,"u":"2,03 €/KG","img":"https://fd5-photos.leclercdrive.fr/image.ashx?id=2624248&use=l&cat=p&typeid=i","cat":284502},{"id":491,"n":"Levure boulangère Francine 30g","p":1.08,"u":"36,00 €/KG","img":"https://fd5-photos.leclercdrive.fr/image.ashx?id=2210083&use=l&cat=p&typeid=i","cat":294686},{"id":492,"n":"Farine fluide Tablier Blanc Sans grumeaux - 1kg","p":0.85,"u":"0,85 €/KG","img":"https://fd5-photos.leclercdrive.fr/image.ashx?id=2832628&use=l&cat=p&typeid=i","cat":284503},{"id":494,"n":"Levure boulangère Alsa Briochin - x5 - 27.5g","p":0.78,"u":"27,86 €/KG","img":"https://fd5-photos.leclercdrive.fr/image.ashx?id=3007906&use=l&cat=p&typeid=i","cat":294686},{"id":495,"n":"Sucre vanilliné Tablier Blanc x10 - 75g","p":0.73,"u":"9,73 €/KG","img":"https://fd5-photos.leclercdrive.fr/image.ashx?id=2487434&use=l&cat=p&typeid=i","cat":284504},{"id":497,"n":"Sucre Vanillé Alsa x12 - 90g","p":2.28,"u":"25,33 €/KG","img":"https://fd5-photos.leclercdrive.fr/image.ashx?id=3004459&use=l&cat=p&typeid=i","cat":294686},{"id":528,"n":"Bonbons Copains Copines Cola acide - 275 g","p":1.53,"u":"5,56 €/KG","img":"https://fd5-photos.leclercdrive.fr/image.ashx?id=2934658&use=l&cat=p&typeid=i","cat":304250},{"id":529,"n":"Bonbons Copains Copines Chocours 200g","p":1.25,"u":"6,25 €/KG","img":"https://fd5-photos.leclercdrive.fr/image.ashx?id=2934649&use=l&cat=p&typeid=i","cat":304250},{"id":546,"n":"Eau minérale naturelle Des Alpes - 6x50cl","p":1.98,"u":"0,66 €/L","img":"https://fd5-photos.leclercdrive.fr/image.ashx?id=552962&use=l&cat=p&typeid=i","cat":284535},{"id":547,"n":"Eau de source de Montagne 5L","p":0.87,"u":"0,17 €/L","img":"https://fd5-photos.leclercdrive.fr/image.ashx?id=2699420&use=l&cat=p&typeid=i","cat":284535},{"id":567,"n":"Eau gazeuse San Pellegrino Minérale naturelle - 6x50cl","p":2.64,"u":"0,88 €/L","img":"https://fd5-photos.leclercdrive.fr/image.ashx?id=2145871&use=l&cat=p&typeid=i","cat":284536},{"id":589,"n":"Sirop Frucci Orange - 75cl","p":3.25,"u":"4,33 €/L","img":"https://fd5-photos.leclercdrive.fr/image.ashx?id=2909864&use=l&cat=p&typeid=i","cat":295020},{"id":591,"n":"Sirop Frucci Citron - 75cl","p":1.69,"u":"2,25 €/L","img":"https://fd5-photos.leclercdrive.fr/image.ashx?id=2842214&use=l&cat=p&typeid=i","cat":295020},{"id":592,"n":"Sirop Frucci Grenadine - 75cl","p":1.99,"u":"2,65 €/L","img":"https://fd5-photos.leclercdrive.fr/image.ashx?id=2842220&use=l&cat=p&typeid=i","cat":295020},{"id":593,"n":"Sirop Frucci Pêche - 75cl","p":2.39,"u":"3,19 €/L","img":"https://fd5-photos.leclercdrive.fr/image.ashx?id=2842226&use=l&cat=p&typeid=i","cat":295020},{"id":594,"n":"Sirop Frucci Framboise - 75cl","p":3.52,"u":"4,69 €/L","img":"https://fd5-photos.leclercdrive.fr/image.ashx?id=2909867&use=l&cat=p&typeid=i","cat":295020},{"id":595,"n":"Sirop Frucci Fraise - 75cl","p":2.69,"u":"3,59 €/L","img":"https://fd5-photos.leclercdrive.fr/image.ashx?id=2842232&use=l&cat=p&typeid=i","cat":295020},{"id":596,"n":"Sirop Frucci Cassis - 75cl","p":2.94,"u":"3,92 €/L","img":"https://fd5-photos.leclercdrive.fr/image.ashx?id=2842238&use=l&cat=p&typeid=i","cat":295020},{"id":598,"n":"100% Pur jus de tomate Jafaden bouteille plastique -1L","p":2.05,"u":"2,05 €/L","img":"https://fd5-photos.leclercdrive.fr/image.ashx?id=2860682&use=l&cat=p&typeid=i","cat":284523},{"id":612,"n":"100% Pur jus d'orange Jafaden Sans pulpe - 1L","p":2.22,"u":"2,22 €/L","img":"https://fd5-photos.leclercdrive.fr/image.ashx?id=2955620&use=l&cat=p&typeid=i","cat":284521},{"id":613,"n":"Jus d'orange Jafaden A base de concentré - 6x20cl","p":1.99,"u":"1,66 €/L","img":"https://fd5-photos.leclercdrive.fr/image.ashx?id=2751871&use=l&cat=p&typeid=i","cat":284524},{"id":614,"n":"Jus d'orange Jafaden A base de concentré - 1L","p":1.76,"u":"1,76 €/L","img":"https://fd5-photos.leclercdrive.fr/image.ashx?id=2842459&use=l&cat=p&typeid=i","cat":284521},{"id":617,"n":"100% Pur jus d'orange Jafaden  Sans pulpe - 1,5L","p":2.65,"u":"1,77 €/L","img":"https://fd5-photos.leclercdrive.fr/image.ashx?id=2842468&use=l&cat=p&typeid=i","cat":284521},{"id":618,"n":"Nectar d'orange Jafaden Avec pulpe - 1L","p":1.69,"u":"1,69 €/L","img":"https://fd5-photos.leclercdrive.fr/image.ashx?id=2955638&use=l&cat=p&typeid=i","cat":284521},{"id":619,"n":"Nectar orange Jafaden 2L","p":2.52,"u":"1,26 €/L","img":"https://fd5-photos.leclercdrive.fr/image.ashx?id=2955644&use=l&cat=p&typeid=i","cat":284521},{"id":621,"n":"100% Pur jus d'orange Jafaden  Sans pulpe - 2L","p":3.49,"u":"1,75 €/L","img":"https://fd5-photos.leclercdrive.fr/image.ashx?id=2842456&use=l&cat=p&typeid=i","cat":284521},{"id":624,"n":"Pur Jus de pommes NRT De Bretagne - 1L","p":2.52,"u":"2,52 €/L","img":"https://fd5-photos.leclercdrive.fr/image.ashx?id=2590463&use=l&cat=p&typeid=i","cat":284522},{"id":625,"n":"Pur jus raisin Jafaden 1L","p":1.55,"u":"1,55 €/L","img":"https://fd5-photos.leclercdrive.fr/image.ashx?id=2955626&use=l&cat=p&typeid=i","cat":284915},{"id":627,"n":"Jus pamplemousse rose Jafaden A base de concentré - 1L","p":1.55,"u":"1,55 €/L","img":"https://fd5-photos.leclercdrive.fr/image.ashx?id=2520005&use=l&cat=p&typeid=i","cat":284914},{"id":630,"n":"Nectar Jafaden Orange banane - 2L","p":3.19,"u":"1,60 €/L","img":"https://fd5-photos.leclercdrive.fr/image.ashx?id=2955680&use=l&cat=p&typeid=i","cat":284915},{"id":632,"n":"Jus ananas Jafaden A base de concentré 1L","p":1.75,"u":"1,75 €/L","img":"https://fd5-photos.leclercdrive.fr/image.ashx?id=2919592&use=l&cat=p&typeid=i","cat":284916},{"id":633,"n":"Jus d'ananas Jafaden Briquettes - 6x20cl","p":2.7,"u":"2,25 €/L","img":"https://fd5-photos.leclercdrive.fr/image.ashx?id=2869775&use=l&cat=p&typeid=i","cat":284524},{"id":638,"n":"Jus multifruits Jafaden 1L","p":1.89,"u":"1,89 €/L","img":"https://fd5-photos.leclercdrive.fr/image.ashx?id=2916659&use=l&cat=p&typeid=i","cat":285435},{"id":656,"n":"Soda Jean's Cola Canette - 6x33cl","p":2.26,"u":"1,14 €/L","img":"https://fd5-photos.leclercdrive.fr/image.ashx?id=2637829&use=l&cat=p&typeid=i","cat":284530},{"id":668,"n":"Limonade artisanale NRT 1L","p":2.75,"u":"2,75 €/L","img":"https://fd5-photos.leclercdrive.fr/image.ashx?id=2791066&use=l&cat=p&typeid=i","cat":284531},{"id":669,"n":"Limonade des Pyrénées NRT 6x33cl","p":3.35,"u":"1,69 €/L","img":"https://fd5-photos.leclercdrive.fr/image.ashx?id=2699807&use=l&cat=p&typeid=i","cat":284531},{"id":682,"n":"Soda Pulp'Orange Bouteille - 1,5L","p":1.47,"u":"0,98 €/L","img":"https://fd5-photos.leclercdrive.fr/image.ashx?id=2922382&use=l&cat=p&typeid=i","cat":284532},{"id":683,"n":"Soda Pulp'Orange rouge Bouteille - 1,5L","p":1.59,"u":"1,06 €/L","img":"https://fd5-photos.leclercdrive.fr/image.ashx?id=2922394&use=l&cat=p&typeid=i","cat":284532},{"id":699,"n":"Bière blonde 1664 75cl","p":1.94,"u":"2,59 €/L","img":"https://fd5-photos.leclercdrive.fr/image.ashx?id=2730715&use=l&cat=p&typeid=i","cat":334873},{"id":700,"n":"Bière blonde 1664 5,5° - 4x50cl canettes","p":4.99,"u":"2,50 €/L","img":"https://fd5-photos.leclercdrive.fr/image.ashx?id=2793536&use=l&cat=p&typeid=i","cat":334853},{"id":720,"n":"Bière brune Guinness Canette - 50cl","p":2.01,"u":"4,02 €/L","img":"https://fd5-photos.leclercdrive.fr/image.ashx?id=2579080&use=l&cat=p&typeid=i","cat":334853},{"id":726,"n":"Bière blonde Amsterdam  Maximator 11.6% vol. - 50cl","p":1.85,"u":"3,70 €/L","img":"https://fd5-photos.leclercdrive.fr/image.ashx?id=2190897&use=l&cat=p&typeid=i","cat":334853},{"id":731,"n":"Bière blonde forte Falsbourg Canette - 8%vol. - 50cl","p":0.98,"u":"1,96 €/L","img":"https://fd5-photos.leclercdrive.fr/image.ashx?id=1907450&use=l&cat=p&typeid=i","cat":334853},{"id":737,"n":"Rhum blanc Lagoa 40%vol - 70cl","p":9.99,"u":"14,27 €/L","img":"https://fd5-photos.leclercdrive.fr/image.ashx?id=2966469&use=l&cat=p&typeid=i","cat":284550},{"id":741,"n":"IGP Pays d'Oc Chardonnay Blanc Vieux Carion 13% vol -75 cl","p":2.75,"u":"3,67 €/L","img":"https://fd5-photos.leclercdrive.fr/image.ashx?id=2874690&use=l&cat=p&typeid=i","cat":289557},{"id":742,"n":"AOP Cabernet d'Anjou vin rosé Les Caractères - BIB 3L - 11%","p":13.49,"u":"4,50 €/L","img":"https://fd5-photos.leclercdrive.fr/image.ashx?id=2796523&use=l&cat=p&typeid=i","cat":289560},{"id":744,"n":"Cidre bouché Les Goelleries Breton brut 5%vol. - 75cl","p":1.99,"u":"2,65 €/L","img":"https://fd5-photos.leclercdrive.fr/image.ashx?id=2842184&use=l&cat=p&typeid=i","cat":334880},{"id":746,"n":"Fromage allégé Bridelight 5% mg - 350g","p":3.16,"u":"9,03 €/KG","img":"https://fd5-photos.leclercdrive.fr/image.ashx?id=2019486&use=l&cat=p&typeid=i","cat":314033},{"id":749,"n":"Camembert Les Croisés 20%MG - 250g","p":1.53,"u":"6,12 €/KG","img":"https://fd5-photos.leclercdrive.fr/image.ashx?id=2974759&use=l&cat=p&typeid=i","cat":314033},{"id":750,"n":"Camembert de Pays Les Croisés 21% mg - 250 gr","p":1.75,"u":"7,00 €/KG","img":"https://fd5-photos.leclercdrive.fr/image.ashx?id=2974795&use=l&cat=p&typeid=i","cat":314033},{"id":751,"n":"Coulommiers Les Croisés Tendre/Onctueux - 24%mg - 350g","p":2.15,"u":"6,14 €/KG","img":"https://fd5-photos.leclercdrive.fr/image.ashx?id=2974765&use=l&cat=p&typeid=i","cat":314033},{"id":752,"n":"Petit Brie Les Croisés 32% matière grasse - 500g","p":4.31,"u":"8,62 €/KG","img":"https://fd5-photos.leclercdrive.fr/image.ashx?id=2974792&use=l&cat=p&typeid=i","cat":314033},{"id":753,"n":"Pointe de Brie Les Croisés 32% mg - 200g","p":1.45,"u":"7,25 €/KG","img":"https://fd5-photos.leclercdrive.fr/image.ashx?id=2974774&use=l&cat=p&typeid=i","cat":314033},{"id":754,"n":"Fromage Les Croisés Coeur Crème Lait pasteurisé 33%mg - 300g","p":2.29,"u":"7,63 €/KG","img":"https://fd5-photos.leclercdrive.fr/image.ashx?id=2625068&use=l&cat=p&typeid=i","cat":314033},{"id":757,"n":"Fromage Comté Entremont 32 %mg - 350g","p":5.02,"u":"14,34 €/KG","img":"https://fd5-photos.leclercdrive.fr/image.ashx?id=2983147&use=l&cat=p&typeid=i","cat":314034},{"id":758,"n":"Bloc de fromage Leerdammer L'Original - 350g","p":4.16,"u":"11,89 €/KG","img":"https://fd5-photos.leclercdrive.fr/image.ashx?id=2507587&use=l&cat=p&typeid=i","cat":314034},{"id":760,"n":"Emmental fromage bloc Les Croisés - 250g","p":2.24,"u":"8,96 €/KG","img":"https://fd5-photos.leclercdrive.fr/image.ashx?id=2897763&use=l&cat=p&typeid=i","cat":314034},{"id":764,"n":"Fromage Bleu Les Croisés Lait pasteurisé 31% mg - 250g","p":2.29,"u":"9,16 €/KG","img":"https://fd5-photos.leclercdrive.fr/image.ashx?id=2642100&use=l&cat=p&typeid=i","cat":314032},{"id":765,"n":"Société Crème  Crème de fromage brebis - 100g","p":1.93,"u":"19,30 €/KG","img":"https://fd5-photos.leclercdrive.fr/image.ashx?id=2729317&use=l&cat=p&typeid=i","cat":314029},{"id":768,"n":"Fromage de chèvre Les Croisés Lait pasteurisé 22%mg - 180g","p":2.29,"u":"12,72 €/KG","img":"https://fd5-photos.leclercdrive.fr/image.ashx?id=2048615&use=l&cat=p&typeid=i","cat":314031},{"id":769,"n":"Fromage de Brebis Les Croisés -Tranche - 200g","p":2.22,"u":"11,10 €/KG","img":"https://fd5-photos.leclercdrive.fr/image.ashx?id=2237499&use=l&cat=p&typeid=i","cat":314031},{"id":785,"n":"Rondelé ail et fines herbes 125g","p":1.57,"u":"12,56 €/KG","img":"https://fd5-photos.leclercdrive.fr/image.ashx?id=2967756&use=l&cat=p&typeid=i","cat":314029},{"id":787,"n":"Fromage L'Ortolan  Fromagerie Milleret - 250g","p":2.27,"u":"9,08 €/KG","img":"https://fd5-photos.leclercdrive.fr/image.ashx?id=2450913&use=l&cat=p&typeid=i","cat":314033},{"id":794,"n":"Rocamadour NRT AOP  Fromage de chèvre - 3x35g","p":2.69,"u":"25,62 €/KG","img":"https://fd5-photos.leclercdrive.fr/image.ashx?id=2954142&use=l&cat=p&typeid=i","cat":314031},{"id":795,"n":"Fromage Brique Les Croisés Lait pasteurisé 60%mg - 200g","p":1.74,"u":"8,70 €/KG","img":"https://fd5-photos.leclercdrive.fr/image.ashx?id=2615804&use=l&cat=p&typeid=i","cat":314033},{"id":796,"n":"Fromage raclette Les Croisés Tranchette lait pasteurisé 400g","p":3.89,"u":"9,73 €/KG","img":"https://fd5-photos.leclercdrive.fr/image.ashx?id=2791704&use=l&cat=p&typeid=i","cat":314037},{"id":800,"n":"Mozzarella Les Croisés - 125g","p":0.93,"u":"7,44 €/KG","img":"https://fd5-photos.leclercdrive.fr/image.ashx?id=2992480&use=l&cat=p&typeid=i","cat":314026},{"id":806,"n":"Emmental fromage rapé Les Croisés - 500g","p":3.99,"u":"7,98 €/KG","img":"https://fd5-photos.leclercdrive.fr/image.ashx?id=2791698&use=l&cat=p&typeid=i","cat":314035},{"id":807,"n":"Emmental fromage rapé Les Croisés - 200g","p":1.65,"u":"8,25 €/KG","img":"https://fd5-photos.leclercdrive.fr/image.ashx?id=2791230&use=l&cat=p&typeid=i","cat":314035},{"id":808,"n":"Emmental fromage rapé Les Croisés - 100g","p":1.1,"u":"11,00 €/KG","img":"https://fd5-photos.leclercdrive.fr/image.ashx?id=2842259&use=l&cat=p&typeid=i","cat":314035},{"id":809,"n":"Râpé Parmigiano Reggiano AOP Les Croisés - 60g","p":1.1,"u":"18,33 €/KG","img":"https://fd5-photos.leclercdrive.fr/image.ashx?id=2903947&use=l&cat=p&typeid=i","cat":314035},{"id":810,"n":"Râpé Grana Padano AOP Les Croisés - 100g","p":1.5,"u":"15,00 €/KG","img":"https://fd5-photos.leclercdrive.fr/image.ashx?id=2857985&use=l&cat=p&typeid=i","cat":314035},{"id":816,"n":"Yaourts Délisse Nature - 16x125g","p":2.25,"u":"1,13 €/KG","img":"https://fd5-photos.leclercdrive.fr/image.ashx?id=2974756&use=l&cat=p&typeid=i","cat":284409},{"id":817,"n":"Yaourts Délisse Nature - 12x125g","p":1.85,"u":"1,23 €/KG","img":"https://fd5-photos.leclercdrive.fr/image.ashx?id=2971867&use=l&cat=p&typeid=i","cat":284409},{"id":818,"n":"Yaourts brassés Délisse  Nature - 8x125g","p":1.65,"u":"1,65 €/KG","img":"https://fd5-photos.leclercdrive.fr/image.ashx?id=2742611&use=l&cat=p&typeid=i","cat":284409},{"id":819,"n":"Yaourts brassés Délisse Nature - 16x125g","p":2.99,"u":"1,50 €/KG","img":"https://fd5-photos.leclercdrive.fr/image.ashx?id=3003049&use=l&cat=p&typeid=i","cat":284409},{"id":821,"n":"Yaourts sucrés Délisse Nature - 16x125g","p":2.69,"u":"1,35 €/KG","img":"https://fd5-photos.leclercdrive.fr/image.ashx?id=2591485&use=l&cat=p&typeid=i","cat":284409},{"id":822,"n":"Yaourts à la Grecque Délisse Nature - 4x150g","p":1.29,"u":"2,15 €/KG","img":"https://fd5-photos.leclercdrive.fr/image.ashx?id=2699405&use=l&cat=p&typeid=i","cat":314999},{"id":834,"n":"Yaourts La Laitière Fruits pâtissiers - 12x125g","p":3.97,"u":"2,65 €/KG","img":"https://fd5-photos.leclercdrive.fr/image.ashx?id=2578684&use=l&cat=p&typeid=i","cat":314999},{"id":839,"n":"Yaourts crémeux Délisse Panaché de fruits - 16x125g","p":4.32,"u":"2,16 €/KG","img":"https://fd5-photos.leclercdrive.fr/image.ashx?id=2799236&use=l&cat=p&typeid=i","cat":284410},{"id":841,"n":"Yaourts brassés Délisse Panaché de fruits - 16x125g","p":3.26,"u":"1,63 €/KG","img":"https://fd5-photos.leclercdrive.fr/image.ashx?id=2494211&use=l&cat=p&typeid=i","cat":284410},{"id":842,"n":"Yaourts aux fruits Délisse Panaché de fruits - 16x125g","p":3.78,"u":"1,89 €/KG","img":"https://fd5-photos.leclercdrive.fr/image.ashx?id=2609544&use=l&cat=p&typeid=i","cat":284410},{"id":843,"n":"Yaourts Crème Délisse Stracciatella - 4x125g","p":2.04,"u":"4,08 €/KG","img":"https://fd5-photos.leclercdrive.fr/image.ashx?id=2117120&use=l&cat=p&typeid=i","cat":314999},{"id":855,"n":"Yaourts brassés Déli'light  Nature - 0% MG - 8x125g","p":2.13,"u":"2,13 €/KG","img":"https://fd5-photos.leclercdrive.fr/image.ashx?id=2865041&use=l&cat=p&typeid=i","cat":315000},{"id":871,"n":"Yaourts à boire DéliUp' Délisse Nature - 10x100g","p":2.85,"u":"2,85 €/KG","img":"https://fd5-photos.leclercdrive.fr/image.ashx?id=1713612&use=l&cat=p&typeid=i","cat":284415},{"id":872,"n":"Actifidus Delisse Nature - 12x125g","p":2.23,"u":"1,49 €/KG","img":"https://fd5-photos.leclercdrive.fr/image.ashx?id=2452666&use=l&cat=p&typeid=i","cat":315000},{"id":879,"n":"Fromage blanc sous mousse  Gervita nature - 4x100g","p":1.8,"u":"4,50 €/KG","img":"https://fd5-photos.leclercdrive.fr/image.ashx?id=2746157&use=l&cat=p&typeid=i","cat":284409},{"id":887,"n":"Fromage frais Délisse Fruits panachés 22%mg - 12x50g","p":1.51,"u":"2,52 €/KG","img":"https://fd5-photos.leclercdrive.fr/image.ashx?id=2922491&use=l&cat=p&typeid=i","cat":284414},{"id":890,"n":"Fromage frais Délisse Nature 3,8% MG - 12x60g","p":1.64,"u":"2,28 €/KG","img":"https://fd5-photos.leclercdrive.fr/image.ashx?id=799431&use=l&cat=p&typeid=i","cat":284409},{"id":892,"n":"Fromage frais Duodélisse Nature - 8x100g","p":2.79,"u":"3,49 €/KG","img":"https://fd5-photos.leclercdrive.fr/image.ashx?id=2387316&use=l&cat=p&typeid=i","cat":284409},{"id":894,"n":"Fromage blanc Délisse Nature 0% MG - 8x100g","p":1.79,"u":"2,24 €/KG","img":"https://fd5-photos.leclercdrive.fr/image.ashx?id=2898817&use=l&cat=p&typeid=i","cat":315000},{"id":895,"n":"Fromage blanc Délisse Nature - 3,1% MG - 8x100g","p":1.79,"u":"2,24 €/KG","img":"https://fd5-photos.leclercdrive.fr/image.ashx?id=3012791&use=l&cat=p&typeid=i","cat":284409},{"id":897,"n":"Fromage blanc Délisse Nature 3.1% MG - 1kg","p":1.97,"u":"1,97 €/KG","img":"https://fd5-photos.leclercdrive.fr/image.ashx?id=3012788&use=l&cat=p&typeid=i","cat":284409},{"id":899,"n":"Dessert Enfant Petits Filous Chocolat - 6x100g","p":1.92,"u":"3,20 €/KG","img":"https://fd5-photos.leclercdrive.fr/image.ashx?id=2878828&use=l&cat=p&typeid=i","cat":284414},{"id":909,"n":"Crème dessert Danette Chocolat et lait - 6x70g","p":1.45,"u":"3,45 €/KG","img":"https://fd5-photos.leclercdrive.fr/image.ashx?id=1984855&use=l&cat=p&typeid=i","cat":285041},{"id":918,"n":"Crème dessert Délisse Café - 4x125g","p":0.89,"u":"1,78 €/KG","img":"https://fd5-photos.leclercdrive.fr/image.ashx?id=2441048&use=l&cat=p&typeid=i","cat":285041},{"id":919,"n":"Crème dessert Délisse Caramel - 4x125g","p":0.91,"u":"1,82 €/KG","img":"https://fd5-photos.leclercdrive.fr/image.ashx?id=2854204&use=l&cat=p&typeid=i","cat":285041},{"id":920,"n":"Crème dessert Délisse Chocolat - 4x125g","p":0.95,"u":"1,90 €/KG","img":"https://fd5-photos.leclercdrive.fr/image.ashx?id=2854207&use=l&cat=p&typeid=i","cat":285041},{"id":921,"n":"Crème dessert Délisse Vanille - 4x125g","p":0.89,"u":"1,78 €/KG","img":"https://fd5-photos.leclercdrive.fr/image.ashx?id=2854210&use=l&cat=p&typeid=i","cat":285041},{"id":922,"n":"Crème dessert Délisse Praliné - 4x125g","p":0.95,"u":"1,90 €/KG","img":"https://fd5-photos.leclercdrive.fr/image.ashx?id=2441066&use=l&cat=p&typeid=i","cat":285041},{"id":923,"n":"Crème dessert Délisse Panaché - 12x125g","p":2.83,"u":"1,89 €/KG","img":"https://fd5-photos.leclercdrive.fr/image.ashx?id=2465211&use=l&cat=p&typeid=i","cat":285041},{"id":924,"n":"Petit pot de crème Délisse Chocolat - 4x100g","p":1.88,"u":"4,70 €/KG","img":"https://fd5-photos.leclercdrive.fr/image.ashx?id=2544967&use=l&cat=p&typeid=i","cat":285041},{"id":925,"n":"Petit pot de crème Délisse Vanille - 4x100g","p":1.74,"u":"4,35 €/KG","img":"https://fd5-photos.leclercdrive.fr/image.ashx?id=2556508&use=l&cat=p&typeid=i","cat":285041},{"id":926,"n":"Petit pot de crème Délisse Noix de coco - 4x100g","p":2.1,"u":"5,25 €/KG","img":"https://fd5-photos.leclercdrive.fr/image.ashx?id=2722387&use=l&cat=p&typeid=i","cat":285041},{"id":927,"n":"Petit pot de crème Délisse Caramel - 4x100g","p":1.85,"u":"4,63 €/KG","img":"https://fd5-photos.leclercdrive.fr/image.ashx?id=2556511&use=l&cat=p&typeid=i","cat":285041},{"id":931,"n":"Dessert Liégeois Délisse Café - 4x100g","p":0.99,"u":"2,48 €/KG","img":"https://fd5-photos.leclercdrive.fr/image.ashx?id=2630881&use=l&cat=p&typeid=i","cat":285042},{"id":932,"n":"Dessert Liégeois Délisse Chocolat - 4x100g","p":1.1,"u":"2,75 €/KG","img":"https://fd5-photos.leclercdrive.fr/image.ashx?id=2636233&use=l&cat=p&typeid=i","cat":285042},{"id":933,"n":"Dessert Liégeois Délisse Chocolat Café - 8x100g","p":2.19,"u":"2,74 €/KG","img":"https://fd5-photos.leclercdrive.fr/image.ashx?id=1703227&use=l&cat=p&typeid=i","cat":285042},{"id":934,"n":"Dessert Liégeois Délisse Chocolat - 12x100g","p":3.14,"u":"2,62 €/KG","img":"https://fd5-photos.leclercdrive.fr/image.ashx?id=1868857&use=l&cat=p&typeid=i","cat":285042},{"id":935,"n":"Dessert Liégeois Délisse Vanille Caramel - 8x100g","p":1.98,"u":"2,48 €/KG","img":"https://fd5-photos.leclercdrive.fr/image.ashx?id=2636236&use=l&cat=p&typeid=i","cat":285042},{"id":936,"n":"Riz au lait Délisse  Vanille - 4x115g","p":1.35,"u":"2,93 €/KG","img":"https://fd5-photos.leclercdrive.fr/image.ashx?id=2489107&use=l&cat=p&typeid=i","cat":284418},{"id":938,"n":"Gâteaux de semoule Délisse 4x100g","p":2.2,"u":"5,50 €/KG","img":"https://fd5-photos.leclercdrive.fr/image.ashx?id=2544964&use=l&cat=p&typeid=i","cat":284418},{"id":939,"n":"Semoule au lait Délisse Vanille - 4x115g","p":1.09,"u":"2,37 €/KG","img":"https://fd5-photos.leclercdrive.fr/image.ashx?id=2558377&use=l&cat=p&typeid=i","cat":284418},{"id":940,"n":"Gâteaux de riz Délisse 4x100g","p":1.49,"u":"3,73 €/KG","img":"https://fd5-photos.leclercdrive.fr/image.ashx?id=2898820&use=l&cat=p&typeid=i","cat":284418},{"id":941,"n":"Mousse liégeoise Viennois  Chocolat - 8x90g","p":2.89,"u":"4,01 €/KG","img":"https://fd5-photos.leclercdrive.fr/image.ashx?id=2855043&use=l&cat=p&typeid=i","cat":284417},{"id":942,"n":"Mousse à la liégeoise Délisse Vanille - 8x80g","p":2.62,"u":"4,09 €/KG","img":"https://fd5-photos.leclercdrive.fr/image.ashx?id=3009487&use=l&cat=p&typeid=i","cat":284417},{"id":943,"n":"Mousse Délisse Chocolat noir - 4x60g","p":1.15,"u":"4,79 €/KG","img":"https://fd5-photos.leclercdrive.fr/image.ashx?id=3009493&use=l&cat=p&typeid=i","cat":284417},{"id":944,"n":"Mousse au chocolat Délisse Chocolat au lait - 4x60g","p":1.15,"u":"4,79 €/KG","img":"https://fd5-photos.leclercdrive.fr/image.ashx?id=3009496&use=l&cat=p&typeid=i","cat":284417},{"id":947,"n":"Crème de marron Délisse 4x11,5cl","p":1.55,"u":"3,37 €/L","img":"https://fd5-photos.leclercdrive.fr/image.ashx?id=3009508&use=l&cat=p&typeid=i","cat":284417},{"id":954,"n":"Flan aux oeufs Délisse 4x100g","p":2.96,"u":"7,40 €/KG","img":"https://fd5-photos.leclercdrive.fr/image.ashx?id=2460479&use=l&cat=p&typeid=i","cat":284419},{"id":955,"n":"Ile flottante Délisse Crème anglaise - 4x100g","p":1.89,"u":"4,73 €/KG","img":"https://fd5-photos.leclercdrive.fr/image.ashx?id=2860706&use=l&cat=p&typeid=i","cat":284419},{"id":956,"n":"Baba au rhum Délisse 2x150g","p":1.49,"u":"4,97 €/KG","img":"https://fd5-photos.leclercdrive.fr/image.ashx?id=1871461&use=l&cat=p&typeid=i","cat":284419},{"id":959,"n":"Flan Délisse Vanille Caramel - 4x100g","p":0.79,"u":"1,98 €/KG","img":"https://fd5-photos.leclercdrive.fr/image.ashx?id=2851640&use=l&cat=p&typeid=i","cat":284420},{"id":960,"n":"Flan Délisse Vanille Caramel - 16x100g","p":2.52,"u":"1,58 €/KG","img":"https://fd5-photos.leclercdrive.fr/image.ashx?id=2858977&use=l&cat=p&typeid=i","cat":284420},{"id":964,"n":"Lait demi-écrémé Délisse UHT Bouteille -  1L","p":1.05,"u":"1,05 €/L","img":"https://fd5-photos.leclercdrive.fr/image.ashx?id=2981834&use=l&cat=p&typeid=i","cat":284377},{"id":965,"n":"Lait demi-écrémé Délisse UHT Bouteille -  50cl","p":0.79,"u":"1,58 €/L","img":"https://fd5-photos.leclercdrive.fr/image.ashx?id=2981858&use=l&cat=p&typeid=i","cat":284377},{"id":966,"n":"Lait entier Délisse UHT - Bouteille : 1L","p":1.29,"u":"1,29 €/L","img":"https://fd5-photos.leclercdrive.fr/image.ashx?id=2981873&use=l&cat=p&typeid=i","cat":285610},{"id":967,"n":"Lait écrémé Délisse UHT - Bouteille : 1L","p":0.99,"u":"0,99 €/L","img":"https://fd5-photos.leclercdrive.fr/image.ashx?id=1075279&use=l&cat=p&typeid=i","cat":284949},{"id":968,"n":"Lait écrémé Délisse Brique : 1L","p":0.92,"u":"0,92 €/L","img":"https://fd5-photos.leclercdrive.fr/image.ashx?id=2981816&use=l&cat=p&typeid=i","cat":284949},{"id":970,"n":"Boisson lactée au cacao Cacolac Bouteilles - 8x20cl","p":4.83,"u":"3,02 €/L","img":"https://fd5-photos.leclercdrive.fr/image.ashx?id=2762085&use=l&cat=p&typeid=i","cat":295246},{"id":971,"n":"Lait Bio demi-écrémé Lactel UHT Bouteille - 50cl","p":1.02,"u":"2,04 €/L","img":"https://fd5-photos.leclercdrive.fr/image.ashx?id=2892763&use=l&cat=p&typeid=i","cat":284377},{"id":972,"n":"Matin Léger de Lactel Bouteille Sans lactose 1.2% mg - 50cl","p":1.17,"u":"2,34 €/L","img":"https://fd5-photos.leclercdrive.fr/image.ashx?id=2883561&use=l&cat=p&typeid=i","cat":317169},{"id":973,"n":"Lait chèvre demi-écrémé Lactel UHT Bouteille - 1L","p":2.26,"u":"2,26 €/L","img":"https://fd5-photos.leclercdrive.fr/image.ashx?id=3005035&use=l&cat=p&typeid=i","cat":295251},{"id":974,"n":"Lait bio Bio Village Bouteille  Demi-écrémé UHT -  1L","p":1.08,"u":"1,08 €/L","img":"https://fd5-photos.leclercdrive.fr/image.ashx?id=1751393&use=l&cat=p&typeid=i","cat":284377},{"id":979,"n":"Beurre Mini Elle&Vire  Doux - 82% MG - 16P - 200g","p":2.44,"u":"12,20 €/KG","img":"https://fd5-photos.leclercdrive.fr/image.ashx?id=2528397&use=l&cat=p&typeid=i","cat":284379},{"id":981,"n":"Beurre Montfleuri Doux - 60% MG - 250g","p":1.96,"u":"7,84 €/KG","img":"https://fd5-photos.leclercdrive.fr/image.ashx?id=2988569&use=l&cat=p&typeid=i","cat":284379},{"id":983,"n":"Beurre Tendre Les Croisés Doux - 82% MG - 250g","p":2.59,"u":"10,36 €/KG","img":"https://fd5-photos.leclercdrive.fr/image.ashx?id=2778018&use=l&cat=p&typeid=i","cat":284379},{"id":984,"n":"Beurre Extra fin Les Croisés Doux - 82% MG - 250g","p":2.95,"u":"11,80 €/KG","img":"https://fd5-photos.leclercdrive.fr/image.ashx?id=2839873&use=l&cat=p&typeid=i","cat":284379},{"id":985,"n":"Beurre de Bretagne Les Croisés Doux - 82% MG - 500g","p":4.89,"u":"9,78 €/KG","img":"https://fd5-photos.leclercdrive.fr/image.ashx?id=2777976&use=l&cat=p&typeid=i","cat":284379},{"id":986,"n":"Beurre de Baratte d'Isigny NRT AOP 82% MG - Doux - 250g","p":3.05,"u":"12,20 €/KG","img":"https://fd5-photos.leclercdrive.fr/image.ashx?id=2657274&use=l&cat=p&typeid=i","cat":284379},{"id":988,"n":"Beurre Les Croisés 80% MG  Demi-sel Extra fin - 250g","p":2.39,"u":"9,56 €/KG","img":"https://fd5-photos.leclercdrive.fr/image.ashx?id=2777952&use=l&cat=p&typeid=i","cat":284379},{"id":989,"n":"Beurre Tendre Les Croisés Demi-sel - 80% MG - 250g","p":2.62,"u":"10,48 €/KG","img":"https://fd5-photos.leclercdrive.fr/image.ashx?id=2778006&use=l&cat=p&typeid=i","cat":284379},{"id":990,"n":"Beurre Tendre Les Croisés Doux - 82% MG - 250g","p":2.29,"u":"9,16 €/KG","img":"https://fd5-photos.leclercdrive.fr/image.ashx?id=2839890&use=l&cat=p&typeid=i","cat":284379},{"id":991,"n":"Beurre de Bretagne Les Croisés Demi-sel - 80% MG - 500g","p":4.89,"u":"9,78 €/KG","img":"https://fd5-photos.leclercdrive.fr/image.ashx?id=2777970&use=l&cat=p&typeid=i","cat":284379},{"id":1003,"n":"Crème UHT Elle & Vire Fluide Entière - 30% MG - 1L","p":5.06,"u":"5,06 €/L","img":"https://fd5-photos.leclercdrive.fr/image.ashx?id=3008554&use=l&cat=p&typeid=i","cat":284381},{"id":1004,"n":"Crème UHT Elle&Vire Semi-Ep. Si Légère - 4% MG - 3x20cl","p":2.32,"u":"3,87 €/L","img":"https://fd5-photos.leclercdrive.fr/image.ashx?id=2985282&use=l&cat=p&typeid=i","cat":284381},{"id":1005,"n":"Crème Chantilly sucrée Délisse Entière sous pression - 250g","p":1.95,"u":"7,80 €/KG","img":"https://fd5-photos.leclercdrive.fr/image.ashx?id=3002512&use=l&cat=p&typeid=i","cat":284382},{"id":1006,"n":"Crème Chantilly sucrée Délisse Allégée sous pression - 250g","p":1.85,"u":"7,40 €/KG","img":"https://fd5-photos.leclercdrive.fr/image.ashx?id=3002515&use=l&cat=p&typeid=i","cat":284382},{"id":1008,"n":"Crème entière fluide Délisse 30%mg - 3x20cl","p":2.65,"u":"4,42 €/L","img":"https://fd5-photos.leclercdrive.fr/image.ashx?id=2509977&use=l&cat=p&typeid=i","cat":284381},{"id":1009,"n":"Crème légère semi-épaisse   Délisse 18%mg - 3x20cl","p":2.09,"u":"3,48 €/L","img":"https://fd5-photos.leclercdrive.fr/image.ashx?id=3002557&use=l&cat=p&typeid=i","cat":284381},{"id":1010,"n":"Crème entière d'Isigny AOP NRT 40cl","p":2.99,"u":"7,48 €/L","img":"https://fd5-photos.leclercdrive.fr/image.ashx?id=2255331&use=l&cat=p&typeid=i","cat":284381},{"id":1011,"n":"Crème fraîche légère Délisse Epaisse - 15% MG - 20cl","p":0.7,"u":"3,50 €/L","img":"https://fd5-photos.leclercdrive.fr/image.ashx?id=1974248&use=l&cat=p&typeid=i","cat":284381},{"id":1012,"n":"Crème fraîche légère Délisse Epaisse - 15% MG  - 50cl","p":1.55,"u":"3,10 €/L","img":"https://fd5-photos.leclercdrive.fr/image.ashx?id=3002539&use=l&cat=p&typeid=i","cat":284381},{"id":1013,"n":"Crème fraîche entière Délisse Epaisse - 30% MG - 20cl","p":0.84,"u":"4,20 €/L","img":"https://fd5-photos.leclercdrive.fr/image.ashx?id=2013155&use=l&cat=p&typeid=i","cat":284381},{"id":1014,"n":"Crème fraîche entière Délisse Epaisse - 30% MG- 50cl","p":1.95,"u":"3,90 €/L","img":"https://fd5-photos.leclercdrive.fr/image.ashx?id=3002524&use=l&cat=p&typeid=i","cat":284381},{"id":1018,"n":"Proscuitto di parma San bruno 6 tranches - 80g","p":2.89,"u":"36,13 €/KG","img":"https://fd5-photos.leclercdrive.fr/image.ashx?id=2711601&use=l&cat=p&typeid=i","cat":316007},{"id":1019,"n":"Jambon Italien Saint Azay x6 - 100g","p":1.75,"u":"17,50 €/KG","img":"https://fd5-photos.leclercdrive.fr/image.ashx?id=2466871&use=l&cat=p&typeid=i","cat":316007},{"id":1022,"n":"Bacon Saint Azay x15 - 150g","p":1.79,"u":"11,93 €/KG","img":"https://fd5-photos.leclercdrive.fr/image.ashx?id=2974957&use=l&cat=p&typeid=i","cat":316007},{"id":1027,"n":"Plateau charcuteries Alsace NRT 200g","p":2.04,"u":"10,20 €/KG","img":"https://fd5-photos.leclercdrive.fr/image.ashx?id=2991479&use=l&cat=p&typeid=i","cat":316012},{"id":1029,"n":"Mini saucissons secs Saint Azay Nature - 75g","p":1.29,"u":"17,20 €/KG","img":"https://fd5-photos.leclercdrive.fr/image.ashx?id=2943617&use=l&cat=p&typeid=i","cat":316006},{"id":1030,"n":"Mini Saucissons secs Saint Azay Aux noix - 75g","p":1.35,"u":"18,00 €/KG","img":"https://fd5-photos.leclercdrive.fr/image.ashx?id=2943620&use=l&cat=p&typeid=i","cat":316006},{"id":1032,"n":"Saucisse sèche Saint Azay Qualité supérieure - 300g","p":3.46,"u":"11,53 €/KG","img":"https://fd5-photos.leclercdrive.fr/image.ashx?id=2283978&use=l&cat=p&typeid=i","cat":316006},{"id":1033,"n":"Chorizo Doux Saint Azay 225g","p":1.89,"u":"8,40 €/KG","img":"https://fd5-photos.leclercdrive.fr/image.ashx?id=2293375&use=l&cat=p&typeid=i","cat":316006},{"id":1034,"n":"Chorizo Fort Saint Azay 225g","p":1.89,"u":"8,40 €/KG","img":"https://fd5-photos.leclercdrive.fr/image.ashx?id=2293378&use=l&cat=p&typeid=i","cat":316006},{"id":1035,"n":"Chorizo Extra Fort Saint Azay 225g","p":1.89,"u":"8,40 €/KG","img":"https://fd5-photos.leclercdrive.fr/image.ashx?id=2753466&use=l&cat=p&typeid=i","cat":316006},{"id":1039,"n":"Jambon Tranché Fin FleuryMichon à l'italienne x4 - 120g","p":2.75,"u":"22,92 €/KG","img":"https://fd5-photos.leclercdrive.fr/image.ashx?id=2889304&use=l&cat=p&typeid=i","cat":316009},{"id":1058,"n":"Jambon serrano IGP Saint Azay 6 tranches - 100g","p":1.69,"u":"16,90 €/KG","img":"https://fd5-photos.leclercdrive.fr/image.ashx?id=2850422&use=l&cat=p&typeid=i","cat":316007},{"id":1069,"n":"Saucisses de Montbéliard IGP NRT - 250g","p":3.19,"u":"12,76 €/KG","img":"https://fd5-photos.leclercdrive.fr/image.ashx?id=2991470&use=l&cat=p&typeid=i","cat":316012},{"id":1070,"n":"Saucisse de Morteau NRT IGP - 350g","p":5.41,"u":"15,46 €/KG","img":"https://fd5-photos.leclercdrive.fr/image.ashx?id=2991464&use=l&cat=p&typeid=i","cat":316012},{"id":1071,"n":"Coppa italienne Saint Azay 10 tranches 100 g","p":1.98,"u":"19,80 €/KG","img":"https://fd5-photos.leclercdrive.fr/image.ashx?id=2665844&use=l&cat=p&typeid=i","cat":316007},{"id":1081,"n":"Véritables Knacks d'Alsace NRT X4 - 260g","p":2.79,"u":"10,73 €/KG","img":"https://fd5-photos.leclercdrive.fr/image.ashx?id=2991488&use=l&cat=p&typeid=i","cat":316012},{"id":1087,"n":"Pâté en croûte St Azay 450g","p":2.65,"u":"5,89 €/KG","img":"https://fd5-photos.leclercdrive.fr/image.ashx?id=2932396&use=l&cat=p&typeid=i","cat":316003},{"id":1104,"n":"Foie gras canard IGP Périgord Entier NRT - 300g","p":23.9,"u":"79,67 €/KG","img":"https://fd5-photos.leclercdrive.fr/image.ashx?id=2807318&use=l&cat=p&typeid=i","cat":316008},{"id":1105,"n":"Carottes râpées Menu Fraîcheur  Assaisonnées - 500g","p":0.99,"u":"1,98 €/KG","img":"https://fd5-photos.leclercdrive.fr/image.ashx?id=2850811&use=l&cat=p&typeid=i","cat":333657},{"id":1106,"n":"Céleri Menu Fraîcheur  Rémoulade - 300g","p":0.99,"u":"3,30 €/KG","img":"https://fd5-photos.leclercdrive.fr/image.ashx?id=2819929&use=l&cat=p&typeid=i","cat":333657},{"id":1107,"n":"Taboulé Menu Fraîcheur A l'orientale - 300g","p":0.99,"u":"3,30 €/KG","img":"https://fd5-photos.leclercdrive.fr/image.ashx?id=2816546&use=l&cat=p&typeid=i","cat":333657},{"id":1108,"n":"Taboulé Menu Fraîcheur A l'orientale - 500g","p":1.39,"u":"2,78 €/KG","img":"https://fd5-photos.leclercdrive.fr/image.ashx?id=2816549&use=l&cat=p&typeid=i","cat":333657},{"id":1109,"n":"Taboule Menu Fraîcheur Au poulet - 300g","p":1.39,"u":"4,63 €/KG","img":"https://fd5-photos.leclercdrive.fr/image.ashx?id=2901431&use=l&cat=p&typeid=i","cat":333657},{"id":1110,"n":"Riz cantonais Tables du Monde 400g","p":3.06,"u":"7,65 €/KG","img":"https://fd5-photos.leclercdrive.fr/image.ashx?id=2846553&use=l&cat=p&typeid=i","cat":333665},{"id":1115,"n":"Croque-monsieur Côté Croc 2x100g","p":1.36,"u":"6,80 €/KG","img":"https://fd5-photos.leclercdrive.fr/image.ashx?id=2873661&use=l&cat=p&typeid=i","cat":333671},{"id":1116,"n":"Croque-monsieur Côté Croc 2x135g","p":1.94,"u":"7,19 €/KG","img":"https://fd5-photos.leclercdrive.fr/image.ashx?id=2885765&use=l&cat=p&typeid=i","cat":333671},{"id":1117,"n":"Manchons de poulet Côté Croc 250g","p":2.49,"u":"9,96 €/KG","img":"https://fd5-photos.leclercdrive.fr/image.ashx?id=2560467&use=l&cat=p&typeid=i","cat":333685},{"id":1118,"n":"Manchons de poulet Côté Croc Méxicaine - 250g","p":2.49,"u":"9,96 €/KG","img":"https://fd5-photos.leclercdrive.fr/image.ashx?id=2570031&use=l&cat=p&typeid=i","cat":333685},{"id":1119,"n":"Sandwich Côté Snack Rosette - 125g","p":0.99,"u":"7,92 €/KG","img":"https://fd5-photos.leclercdrive.fr/image.ashx?id=2794829&use=l&cat=p&typeid=i","cat":333658},{"id":1121,"n":"Sandwich Côté Snack Jambon emmental - 145g","p":1.19,"u":"8,21 €/KG","img":"https://fd5-photos.leclercdrive.fr/image.ashx?id=2609547&use=l&cat=p&typeid=i","cat":333658},{"id":1125,"n":"Cordons bleus Côté Croc Dinde - 200g","p":1.95,"u":"9,75 €/KG","img":"https://fd5-photos.leclercdrive.fr/image.ashx?id=2915113&use=l&cat=p&typeid=i","cat":333683},{"id":1126,"n":"Nuggets de poulet Côté Croc x10 - 200g","p":1.52,"u":"7,60 €/KG","img":"https://fd5-photos.leclercdrive.fr/image.ashx?id=2883312&use=l&cat=p&typeid=i","cat":333684},{"id":1127,"n":"Croque Fromage Père Dodu  x2 - 200g","p":2.32,"u":"11,60 €/KG","img":"https://fd5-photos.leclercdrive.fr/image.ashx?id=2956981&use=l&cat=p&typeid=i","cat":333683},{"id":1131,"n":"Escalope Bolognaise Père Dodu  Poulet x2 - 200g","p":2.22,"u":"11,10 €/KG","img":"https://fd5-photos.leclercdrive.fr/image.ashx?id=2956978&use=l&cat=p&typeid=i","cat":333683},{"id":1133,"n":"Nuggets de Poulet Père Dodu  x10 - 200g","p":2.16,"u":"10,80 €/KG","img":"https://fd5-photos.leclercdrive.fr/image.ashx?id=2956972&use=l&cat=p&typeid=i","cat":333684},{"id":1134,"n":"Nuggets de Fromage Père Dodu  x10 - 180g","p":2.45,"u":"13,61 €/KG","img":"https://fd5-photos.leclercdrive.fr/image.ashx?id=2956990&use=l&cat=p&typeid=i","cat":333684},{"id":1135,"n":"Pizza fraîche Turini Jambon fromage - 450g","p":2.39,"u":"5,31 €/KG","img":"https://fd5-photos.leclercdrive.fr/image.ashx?id=2820101&use=l&cat=p&typeid=i","cat":333679},{"id":1136,"n":"Pizza fraîche Turini 4 fromages - 450g","p":2.49,"u":"5,53 €/KG","img":"https://fd5-photos.leclercdrive.fr/image.ashx?id=2967639&use=l&cat=p&typeid=i","cat":333679},{"id":1137,"n":"Pizza Turini Chèvre lardons - 450g","p":2.58,"u":"5,73 €/KG","img":"https://fd5-photos.leclercdrive.fr/image.ashx?id=2727611&use=l&cat=p&typeid=i","cat":333679},{"id":1142,"n":"Ravioli Lustucru Selection  Boeuf - 300g","p":1.66,"u":"5,53 €/KG","img":"https://fd5-photos.leclercdrive.fr/image.ashx?id=2938659&use=l&cat=p&typeid=i","cat":333682},{"id":1144,"n":"Ravioli jambon Turini 300g","p":2.06,"u":"6,87 €/KG","img":"https://fd5-photos.leclercdrive.fr/image.ashx?id=2777997&use=l&cat=p&typeid=i","cat":333682},{"id":1145,"n":"Ravioli 4 fromages Turini 300g","p":1.49,"u":"4,97 €/KG","img":"https://fd5-photos.leclercdrive.fr/image.ashx?id=813114&use=l&cat=p&typeid=i","cat":333682},{"id":1147,"n":"Kit Pâte à pizza Croustipate 600g","p":3.66,"u":"6,10 €/KG","img":"https://fd5-photos.leclercdrive.fr/image.ashx?id=2161651&use=l&cat=p&typeid=i","cat":333681},{"id":1149,"n":"Pâte à pizza Tablier Blanc 260g","p":1.05,"u":"4,04 €/KG","img":"https://fd5-photos.leclercdrive.fr/image.ashx?id=2041773&use=l&cat=p&typeid=i","cat":333681},{"id":1150,"n":"Pâte sablée Tablier Blanc 230g","p":1.09,"u":"4,74 €/KG","img":"https://fd5-photos.leclercdrive.fr/image.ashx?id=2635898&use=l&cat=p&typeid=i","cat":333681},{"id":1151,"n":"Pâte feuilletée Tablier Blanc Au beurre - 230g","p":1.15,"u":"5,00 €/KG","img":"https://fd5-photos.leclercdrive.fr/image.ashx?id=2942780&use=l&cat=p&typeid=i","cat":333681},{"id":1152,"n":"Pâte feuilletée Tablier Blanc Prête à dérouler - 230g","p":0.74,"u":"3,22 €/KG","img":"https://fd5-photos.leclercdrive.fr/image.ashx?id=2922388&use=l&cat=p&typeid=i","cat":333681},{"id":1154,"n":"Lardons de saumon fumé Ronde des Mers - 90g","p":3.6,"u":"40,00 €/KG","img":"https://fd5-photos.leclercdrive.fr/image.ashx?id=2966240&use=l&cat=p&typeid=i","cat":285188},{"id":1163,"n":"Mini blinis Ronde des Mers x16 - 135g","p":0.99,"u":"7,33 €/KG","img":"https://fd5-photos.leclercdrive.fr/image.ashx?id=2981849&use=l&cat=p&typeid=i","cat":285191},{"id":1164,"n":"Bâtonnets surimi Pêche Océan MSC - 400g","p":2.19,"u":"5,48 €/KG","img":"https://fd5-photos.leclercdrive.fr/image.ashx?id=2981840&use=l&cat=p&typeid=i","cat":285189},{"id":1165,"n":"Bâtonnets Surimi Pêche Océan MSC - x30 - 500g","p":2.74,"u":"5,48 €/KG","img":"https://fd5-photos.leclercdrive.fr/image.ashx?id=2953227&use=l&cat=p&typeid=i","cat":285189},{"id":1166,"n":"Miettes de surimi Pêche Océan MSC - 180g","p":1.64,"u":"9,11 €/KG","img":"https://fd5-photos.leclercdrive.fr/image.ashx?id=2981861&use=l&cat=p&typeid=i","cat":285189},{"id":1167,"n":"Oeufs de lompe Ronde des mers Noir - MSC - 100g","p":2.6,"u":"26,00 €/KG","img":"https://fd5-photos.leclercdrive.fr/image.ashx?id=2981843&use=l&cat=p&typeid=i","cat":285191},{"id":1168,"n":"Filets de hareng Pêche Océan MSC - Doux - 200g","p":1.75,"u":"8,75 €/KG","img":"https://fd5-photos.leclercdrive.fr/image.ashx?id=2992489&use=l&cat=p&typeid=i","cat":285190},{"id":1169,"n":"Filets d'anchois Pêche Océan À l'huile d'olive - 105g","p":2.45,"u":"23,33 €/KG","img":"https://fd5-photos.leclercdrive.fr/image.ashx?id=1671925&use=l&cat=p&typeid=i","cat":285190},{"id":1178,"n":"Pizza Cuite sur pierre Volpone  Bolognaise - 400g","p":2.0,"u":"5,00 €/KG","img":"https://fd5-photos.leclercdrive.fr/image.ashx?id=2815208&use=l&cat=p&typeid=i","cat":284256},{"id":1179,"n":"Pizza Royale Turini Cuite au feu de bois - 440g","p":2.15,"u":"4,89 €/KG","img":"https://fd5-photos.leclercdrive.fr/image.ashx?id=2815199&use=l&cat=p&typeid=i","cat":284256},{"id":1180,"n":"Quiche Lorraine Côté Table 400g","p":2.49,"u":"6,23 €/KG","img":"https://fd5-photos.leclercdrive.fr/image.ashx?id=2898017&use=l&cat=p&typeid=i","cat":284257},{"id":1181,"n":"Tarte aux poireaux Côté Table - 400g","p":2.55,"u":"6,38 €/KG","img":"https://fd5-photos.leclercdrive.fr/image.ashx?id=2791710&use=l&cat=p&typeid=i","cat":284257},{"id":1182,"n":"Crêpes Côté Table Jambon fromage x6 - 300g","p":1.99,"u":"6,63 €/KG","img":"https://fd5-photos.leclercdrive.fr/image.ashx?id=2932402&use=l&cat=p&typeid=i","cat":319776},{"id":1183,"n":"Crêpes Côté Table Jambon fromage x20 1kg","p":3.89,"u":"3,89 €/KG","img":"https://fd5-photos.leclercdrive.fr/image.ashx?id=2932405&use=l&cat=p&typeid=i","cat":319776},{"id":1185,"n":"Steaks hachés Charal Pur Bœuf 15% MG 10x100g - 1kg","p":13.98,"u":"13,98 €/KG","img":"https://fd5-photos.leclercdrive.fr/image.ashx?id=2659300&use=l&cat=p&typeid=i","cat":319778},{"id":1186,"n":"Haché Extra Moelleux Charal 10x100g - 1kg","p":11.62,"u":"11,62 €/KG","img":"https://fd5-photos.leclercdrive.fr/image.ashx?id=2731735&use=l&cat=p&typeid=i","cat":319778},{"id":1187,"n":"Haché à l'oignon Charal 10x100g - 1kg","p":9.25,"u":"9,25 €/KG","img":"https://fd5-photos.leclercdrive.fr/image.ashx?id=2741940&use=l&cat=p&typeid=i","cat":319778},{"id":1191,"n":"Poisson Bordelaise Pêche Océan MSC - 400g","p":2.99,"u":"7,48 €/KG","img":"https://fd5-photos.leclercdrive.fr/image.ashx?id=2930081&use=l&cat=p&typeid=i","cat":319788},{"id":1192,"n":"Colin d'Alaska MSC Pêche Océan À l'oseille x2 - 400g","p":3.15,"u":"7,88 €/KG","img":"https://fd5-photos.leclercdrive.fr/image.ashx?id=2930099&use=l&cat=p&typeid=i","cat":319786},{"id":1193,"n":"Pané colin d'Alaska Pêche Océan x15 bâtonnets - MSC - 450g","p":2.27,"u":"5,04 €/KG","img":"https://fd5-photos.leclercdrive.fr/image.ashx?id=2558368&use=l&cat=p&typeid=i","cat":319788},{"id":1194,"n":"Calamars Pêche Océan A la romaine 40/60 - 500g","p":4.45,"u":"8,90 €/KG","img":"https://fd5-photos.leclercdrive.fr/image.ashx?id=625137&use=l&cat=p&typeid=i","cat":319788},{"id":1196,"n":"Coquilles Saint-Jacques Coté Table - 4x90g","p":4.79,"u":"13,31 €/KG","img":"https://fd5-photos.leclercdrive.fr/image.ashx?id=2625071&use=l&cat=p&typeid=i","cat":319775},{"id":1197,"n":"Paëlla royale Côté Table Fruits de mer poulet 1kg","p":4.07,"u":"4,07 €/KG","img":"https://fd5-photos.leclercdrive.fr/image.ashx?id=2663353&use=l&cat=p&typeid=i","cat":284254},{"id":1200,"n":"Poêlée paysanne Côté Table 900g","p":4.3,"u":"4,78 €/KG","img":"https://fd5-photos.leclercdrive.fr/image.ashx?id=2471670&use=l&cat=p&typeid=i","cat":319823},{"id":1201,"n":"Poêlée campagnarde Côté Table 900g","p":4.64,"u":"5,16 €/KG","img":"https://fd5-photos.leclercdrive.fr/image.ashx?id=2647414&use=l&cat=p&typeid=i","cat":319823},{"id":1211,"n":"Choux fleurs Notre Jardin Fleurettes 1kg","p":1.69,"u":"1,69 €/KG","img":"https://fd5-photos.leclercdrive.fr/image.ashx?id=2873024&use=l&cat=p&typeid=i","cat":319805},{"id":1212,"n":"Choux de Bruxelles Notre Jardin 1kg","p":1.95,"u":"1,95 €/KG","img":"https://fd5-photos.leclercdrive.fr/image.ashx?id=2873012&use=l&cat=p&typeid=i","cat":319805},{"id":1214,"n":"Haricots verts Notre jardin Très fins 1kg","p":1.82,"u":"1,82 €/KG","img":"https://fd5-photos.leclercdrive.fr/image.ashx?id=2900040&use=l&cat=p&typeid=i","cat":319805},{"id":1215,"n":"Haricots verts Notre Jardin Extra fins 1kg","p":1.85,"u":"1,85 €/KG","img":"https://fd5-photos.leclercdrive.fr/image.ashx?id=2873048&use=l&cat=p&typeid=i","cat":319805},{"id":1216,"n":"Courgettes Notre Jardin Rondelles 1kg","p":1.29,"u":"1,29 €/KG","img":"https://fd5-photos.leclercdrive.fr/image.ashx?id=2873096&use=l&cat=p&typeid=i","cat":319805},{"id":1217,"n":"Epinards Notre Jardin Branches - 1kg","p":1.3,"u":"1,30 €/KG","img":"https://fd5-photos.leclercdrive.fr/image.ashx?id=2873072&use=l&cat=p&typeid=i","cat":319805},{"id":1218,"n":"Epinards Notre Jardin Hâchés - 1kg","p":1.34,"u":"1,34 €/KG","img":"https://fd5-photos.leclercdrive.fr/image.ashx?id=2900037&use=l&cat=p&typeid=i","cat":319805},{"id":1219,"n":"Epinards Notre Jardin Hachés A la crème fraîche - 1kg","p":1.67,"u":"1,67 €/KG","img":"https://fd5-photos.leclercdrive.fr/image.ashx?id=2916656&use=l&cat=p&typeid=i","cat":319805},{"id":1220,"n":"Carottes Notre Jardin En rondelles 1kg","p":1.09,"u":"1,09 €/KG","img":"https://fd5-photos.leclercdrive.fr/image.ashx?id=2900070&use=l&cat=p&typeid=i","cat":319805},{"id":1221,"n":"Petits pois carottes Notre Jardin 1kg","p":2.25,"u":"2,25 €/KG","img":"https://fd5-photos.leclercdrive.fr/image.ashx?id=2900052&use=l&cat=p&typeid=i","cat":319805},{"id":1222,"n":"Petits pois Notre Jardin Extra fins 1kg","p":1.89,"u":"1,89 €/KG","img":"https://fd5-photos.leclercdrive.fr/image.ashx?id=2873060&use=l&cat=p&typeid=i","cat":319805},{"id":1223,"n":"Champignons Paris Notre jardin Emincés 1kg","p":1.95,"u":"1,95 €/KG","img":"https://fd5-photos.leclercdrive.fr/image.ashx?id=2873027&use=l&cat=p&typeid=i","cat":319805},{"id":1225,"n":"Légumes Notre Jardin Pour ratatouille 1kg","p":2.35,"u":"2,35 €/KG","img":"https://fd5-photos.leclercdrive.fr/image.ashx?id=2900058&use=l&cat=p&typeid=i","cat":319823},{"id":1226,"n":"Légumes potage Notre Jardin 1kg","p":1.28,"u":"1,28 €/KG","img":"https://fd5-photos.leclercdrive.fr/image.ashx?id=2916653&use=l&cat=p&typeid=i","cat":319805},{"id":1227,"n":"Poêlée de légumes Notre Jardin Méridionale - 1kg","p":2.95,"u":"2,95 €/KG","img":"https://fd5-photos.leclercdrive.fr/image.ashx?id=2803948&use=l&cat=p&typeid=i","cat":319823},{"id":1228,"n":"Poêlée de légumes Notre jardin Champêtre - 1kg","p":2.99,"u":"2,99 €/KG","img":"https://fd5-photos.leclercdrive.fr/image.ashx?id=2832867&use=l&cat=p&typeid=i","cat":319823},{"id":1238,"n":"Pommes rissolées Pom'lisse 1kg","p":1.56,"u":"1,56 €/KG","img":"https://fd5-photos.leclercdrive.fr/image.ashx?id=2704597&use=l&cat=p&typeid=i","cat":319792},{"id":1239,"n":"Frites allumettes Pom'lisse 1kg","p":1.85,"u":"1,85 €/KG","img":"https://fd5-photos.leclercdrive.fr/image.ashx?id=2699378&use=l&cat=p&typeid=i","cat":319791},{"id":1240,"n":"Frites Pom'lisse 2.5 kg","p":4.55,"u":"1,82 €/KG","img":"https://fd5-photos.leclercdrive.fr/image.ashx?id=2699390&use=l&cat=p&typeid=i","cat":319791},{"id":1242,"n":"Pom'Steak rustique Pom'Lisse Sachet - 1kg","p":2.29,"u":"2,29 €/KG","img":"https://fd5-photos.leclercdrive.fr/image.ashx?id=2704606&use=l&cat=p&typeid=i","cat":319791},{"id":1243,"n":"Frites Pom'lisse Au four - 600g","p":1.15,"u":"1,92 €/KG","img":"https://fd5-photos.leclercdrive.fr/image.ashx?id=2770678&use=l&cat=p&typeid=i","cat":319791},{"id":1244,"n":"Potatoes Pom'lisse Finement épicées - 600g","p":1.16,"u":"1,93 €/KG","img":"https://fd5-photos.leclercdrive.fr/image.ashx?id=2699663&use=l&cat=p&typeid=i","cat":319791},{"id":1245,"n":"Pommes noisettes Pom'lisse 1kg","p":1.88,"u":"1,88 €/KG","img":"https://fd5-photos.leclercdrive.fr/image.ashx?id=3015027&use=l&cat=p&typeid=i","cat":319792},{"id":1246,"n":"Pommes dauphine Pom'lisse 500g","p":1.49,"u":"2,98 €/KG","img":"https://fd5-photos.leclercdrive.fr/image.ashx?id=2958320&use=l&cat=p&typeid=i","cat":319792},{"id":1247,"n":"Pom'rustic Pom'Lisse Sachet 750 gr","p":2.55,"u":"3,40 €/KG","img":"https://fd5-photos.leclercdrive.fr/image.ashx?id=2851574&use=l&cat=p&typeid=i","cat":319792},{"id":1248,"n":"Frites Pom'lisse 1kg","p":1.87,"u":"1,87 €/KG","img":"https://fd5-photos.leclercdrive.fr/image.ashx?id=2699651&use=l&cat=p&typeid=i","cat":319791},{"id":1251,"n":"Crème glacée Eskiss Vanille de Madagascar - 494g","p":1.65,"u":"3,34 €/KG","img":"https://fd5-photos.leclercdrive.fr/image.ashx?id=2982592&use=l&cat=p&typeid=i","cat":284263},{"id":1252,"n":"Glace Smicy Vanille fraise chocolat - 345g","p":2.41,"u":"6,99 €/KG","img":"https://fd5-photos.leclercdrive.fr/image.ashx?id=2951113&use=l&cat=p&typeid=i","cat":285250},{"id":1309,"n":"Lessive Epsil gel main express Tube 250ml","p":1.55,"u":"6,20 €/L","img":"https://fd5-photos.leclercdrive.fr/image.ashx?id=2838906&use=l&cat=p&typeid=i","cat":284643},{"id":1335,"n":"Liquide vaisselle Visior Citron - 750ml","p":1.2,"u":"1,60 €/L","img":"https://fd5-photos.leclercdrive.fr/image.ashx?id=2930849&use=l&cat=p&typeid=i","cat":284655},{"id":1336,"n":"Liquide vaisselle Visior Ultra Peaux sensibles 500ml","p":0.64,"u":"1,28 €/L","img":"https://fd5-photos.leclercdrive.fr/image.ashx?id=2951116&use=l&cat=p&typeid=i","cat":284655},{"id":1344,"n":"Gants jetables Mamison latex T6 x10","p":1.33,"img":"https://fd5-photos.leclercdrive.fr/image.ashx?id=554721&use=l&cat=p&typeid=i","cat":284668},{"id":1345,"n":"Gants jetables Mamison latex T8 x10","p":1.33,"img":"https://fd5-photos.leclercdrive.fr/image.ashx?id=2742691&use=l&cat=p&typeid=i","cat":284668},{"id":1346,"n":"Eponges Mamison végétales Super absorbantes x3","p":1.17,"u":"0,39 €/P","img":"https://fd5-photos.leclercdrive.fr/image.ashx?id=2458052&use=l&cat=p&typeid=i","cat":284667},{"id":1358,"n":"Nettoyant Gel avec javel Clair 1L","p":1.09,"u":"1,09 €/L","img":"https://fd5-photos.leclercdrive.fr/image.ashx?id=2705062&use=l&cat=p&typeid=i","cat":284907},{"id":1359,"n":"Pastilles javel Clair x48 - 150g","p":1.65,"u":"11,00 €/KG","img":"https://fd5-photos.leclercdrive.fr/image.ashx?id=2631426&use=l&cat=p&typeid=i","cat":284661},{"id":1360,"n":"Eau de Javel Clair Parfum Eucalyptus - 2L","p":0.72,"u":"0,36 €/L","img":"https://fd5-photos.leclercdrive.fr/image.ashx?id=2949173&use=l&cat=p&typeid=i","cat":284661},{"id":1376,"n":"Lingettes nettoyantes Clair Sols muguet larges x15","p":1.14,"img":"https://fd5-photos.leclercdrive.fr/image.ashx?id=2593815&use=l&cat=p&typeid=i","cat":325364},{"id":1381,"n":"Dépoussiérant Clair meuble Cire 300ml","p":1.33,"u":"4,43 €/L","img":"https://fd5-photos.leclercdrive.fr/image.ashx?id=2819256&use=l&cat=p&typeid=i","cat":325364},{"id":1385,"n":"Spray nettoyant Vitroclen  Vitrocéramique - 250ml","p":2.74,"u":"10,96 €/L","img":"https://fd5-photos.leclercdrive.fr/image.ashx?id=2263727&use=l&cat=p&typeid=i","cat":325363},{"id":1386,"n":"Nettoyant four Clair 500ml","p":1.53,"u":"3,06 €/L","img":"https://fd5-photos.leclercdrive.fr/image.ashx?id=2858824&use=l&cat=p&typeid=i","cat":325363},{"id":1392,"n":"Blocs wc eau bleue Syphon x2 80g","p":1.12,"u":"14,00 €/KG","img":"https://fd5-photos.leclercdrive.fr/image.ashx?id=2302537&use=l&cat=p&typeid=i","cat":284662},{"id":1398,"n":"Recharge diffuseur électrique Insectivor anti-moustiques - x1","p":2.27,"img":"https://fd5-photos.leclercdrive.fr/image.ashx?id=2717105&use=l&cat=p&typeid=i","cat":298368},{"id":1400,"n":"Papier aluminium Elembal 20m","p":2.62,"img":"https://fd5-photos.leclercdrive.fr/image.ashx?id=2492252&use=l&cat=p&typeid=i","cat":334134},{"id":1401,"n":"Barquettes aluminium Elembal x10 0.5L","p":2.56,"img":"https://fd5-photos.leclercdrive.fr/image.ashx?id=1733306&use=l&cat=p&typeid=i","cat":334134},{"id":1402,"n":"Barquettes aluminium Elembal Plates 1L","p":4.4,"img":"https://fd5-photos.leclercdrive.fr/image.ashx?id=2455105&use=l&cat=p&typeid=i","cat":334134},{"id":1403,"n":"Barquettes aluminium Elembal Profondes x10 1L","p":4.3,"img":"https://fd5-photos.leclercdrive.fr/image.ashx?id=1733315&use=l&cat=p&typeid=i","cat":334134},{"id":1404,"n":"Barquettes aluminium Elembal x5 1,5L","p":2.77,"img":"https://fd5-photos.leclercdrive.fr/image.ashx?id=2455096&use=l&cat=p&typeid=i","cat":334134},{"id":1405,"n":"Barquettes aluminium Elembal x5 2L","p":3.46,"img":"https://fd5-photos.leclercdrive.fr/image.ashx?id=2455099&use=l&cat=p&typeid=i","cat":334134},{"id":1407,"n":"Film étirable Elembal 30m","p":1.2,"img":"https://fd5-photos.leclercdrive.fr/image.ashx?id=2431191&use=l&cat=p&typeid=i","cat":334134},{"id":1412,"n":"Sacs congélation Elembal Grand modèle x25","p":1.08,"img":"https://fd5-photos.leclercdrive.fr/image.ashx?id=2169147&use=l&cat=p&typeid=i","cat":334134},{"id":1413,"n":"Sacs congélation Elembal Petit modèle x50","p":1.1,"img":"https://fd5-photos.leclercdrive.fr/image.ashx?id=2158155&use=l&cat=p&typeid=i","cat":334134},{"id":1414,"n":"Sacs poubelle 30L Elembal à liens classiques - x25","p":1.26,"u":"0,05 €/P","img":"https://fd5-photos.leclercdrive.fr/image.ashx?id=2958699&use=l&cat=p&typeid=i","cat":285168},{"id":1415,"n":"Sacs poubelle 130L Elembal à liens classiques - x10","p":4.65,"u":"0,47 €/P","img":"https://fd5-photos.leclercdrive.fr/image.ashx?id=2791743&use=l&cat=p&typeid=i","cat":285168},{"id":1416,"n":"Sacs poubelle 100L Elembal Poignées coulissantes - x10","p":1.62,"u":"0,16 €/P","img":"https://fd5-photos.leclercdrive.fr/image.ashx?id=1959148&use=l&cat=p&typeid=i","cat":285168},{"id":1417,"n":"Sacs poubelle 100L Elembal à liens classiques - x10","p":1.54,"u":"0,15 €/P","img":"https://fd5-photos.leclercdrive.fr/image.ashx?id=2791734&use=l&cat=p&typeid=i","cat":285168},{"id":1418,"n":"Sacs poubelle 50L Elembal à liens classiques - x15","p":2.19,"u":"0,15 €/P","img":"https://fd5-photos.leclercdrive.fr/image.ashx?id=2958693&use=l&cat=p&typeid=i","cat":285168},{"id":1419,"n":"Sacs poubelle Elembal 20L x20","p":1.2,"u":"0,06 €/P","img":"https://fd5-photos.leclercdrive.fr/image.ashx?id=2100551&use=l&cat=p&typeid=i","cat":285168},{"id":1420,"n":"Sacs poubelle Elembal 20L A poignées - x30","p":2.08,"u":"0,07 €/P","img":"https://fd5-photos.leclercdrive.fr/image.ashx?id=2791674&use=l&cat=p&typeid=i","cat":285168},{"id":1421,"n":"Sacs poubelle Elembal 30L A poignées - x20","p":2.49,"u":"0,12 €/P","img":"https://fd5-photos.leclercdrive.fr/image.ashx?id=2791677&use=l&cat=p&typeid=i","cat":285168},{"id":1423,"n":"Sacs poubelle 50L Elembal Poignées coulissantes - x15","p":2.31,"u":"0,15 €/P","img":"https://fd5-photos.leclercdrive.fr/image.ashx?id=2958696&use=l&cat=p&typeid=i","cat":285168},{"id":1427,"n":"Gel douche Manava Pétales d'Orient - 250ml","p":1.15,"u":"4,60 €/L","img":"https://fd5-photos.leclercdrive.fr/image.ashx?id=2494214&use=l&cat=p&typeid=i","cat":284594},{"id":1428,"n":"Lait de douche Manava Coeur de vanille - 250ml","p":0.94,"u":"3,76 €/L","img":"https://fd5-photos.leclercdrive.fr/image.ashx?id=2456141&use=l&cat=p&typeid=i","cat":284594},{"id":1429,"n":"Gel douche Manava Boisé - 250ml","p":1.15,"u":"4,60 €/L","img":"https://fd5-photos.leclercdrive.fr/image.ashx?id=2809653&use=l&cat=p&typeid=i","cat":284594},{"id":1433,"n":"Recharge savon mains Manava Crème perles d'oranger - 250ml","p":0.68,"u":"2,72 €/L","img":"https://fd5-photos.leclercdrive.fr/image.ashx?id=2935483&use=l&cat=p&typeid=i","cat":284597},{"id":1435,"n":"Recharge savon mains Manava Crème Amande - 250ml","p":0.57,"u":"2,28 €/L","img":"https://fd5-photos.leclercdrive.fr/image.ashx?id=2935474&use=l&cat=p&typeid=i","cat":284597},{"id":1436,"n":"Lait de douche Manava Amande douce - 250ml","p":0.94,"u":"3,76 €/L","img":"https://fd5-photos.leclercdrive.fr/image.ashx?id=2771346&use=l&cat=p&typeid=i","cat":284594},{"id":1437,"n":"Lait de douche Manava Lait de coco - 250ml","p":0.94,"u":"3,76 €/L","img":"https://fd5-photos.leclercdrive.fr/image.ashx?id=2443176&use=l&cat=p&typeid=i","cat":284594},{"id":1449,"n":"Déodorant Manava fraîcheur Vanille glacée spray 200ml","p":1.39,"u":"6,95 €/L","img":"https://fd5-photos.leclercdrive.fr/image.ashx?id=2656445&use=l&cat=p&typeid=i","cat":284595},{"id":1464,"n":"Rasoirs jetables Bic 1 Sensitive - x10","p":1.39,"u":"0,14 €/P","img":"https://fd5-photos.leclercdrive.fr/image.ashx?id=2218035&use=l&cat=p&typeid=i","cat":284616},{"id":1465,"n":"Rasoirs jetables Comfort 2 Bic x10","p":3.48,"u":"0,35 €/P","img":"https://fd5-photos.leclercdrive.fr/image.ashx?id=2984862&use=l&cat=p&typeid=i","cat":284616},{"id":1466,"n":"Rasoirs jetables Bic 3 lames - x8","p":3.64,"u":"0,46 €/P","img":"https://fd5-photos.leclercdrive.fr/image.ashx?id=2789014&use=l&cat=p&typeid=i","cat":284616},{"id":1473,"n":"Gel à raser Carré Homme Hydratant 200ml","p":1.69,"u":"8,45 €/L","img":"https://fd5-photos.leclercdrive.fr/image.ashx?id=2771582&use=l&cat=p&typeid=i","cat":284617},{"id":1474,"n":"Rasoirs jetables Carré Homme 2 lames - x10","p":1.5,"u":"0,15 €/P","img":"https://fd5-photos.leclercdrive.fr/image.ashx?id=2873543&use=l&cat=p&typeid=i","cat":284616},{"id":1481,"n":"Dentifrice Dentamyl Protection caries - 75ml","p":0.73,"u":"9,73 €/L","img":"https://fd5-photos.leclercdrive.fr/image.ashx?id=2699129&use=l&cat=p&typeid=i","cat":284612},{"id":1482,"n":"Dentifrice enfant Dentamyl Fraise - 3-6 ans - 50ml","p":0.89,"u":"17,80 €/L","img":"https://fd5-photos.leclercdrive.fr/image.ashx?id=2075188&use=l&cat=p&typeid=i","cat":288898},{"id":1486,"n":"Brosse à dents enfant Dentamyl 2-6 ans x1","p":0.51,"img":"https://fd5-photos.leclercdrive.fr/image.ashx?id=1980485&use=l&cat=p&typeid=i","cat":288897},{"id":1487,"n":"Pansements Primoplast Multi-usages x40","p":1.11,"img":"https://fd5-photos.leclercdrive.fr/image.ashx?id=2891773&use=l&cat=p&typeid=i","cat":284630},{"id":1488,"n":"Mouchoirs blancs 4 plis Caresse Mouchoirs papier Lotion x12","p":2.28,"u":"0,19 €/P","img":"https://fd5-photos.leclercdrive.fr/image.ashx?id=2572993&use=l&cat=p&typeid=i","cat":284638},{"id":1620,"n":"Gel lavant bébé Mots d'Enfants Corps et cheveux - 250ml","p":1.49,"u":"5,96 €/L","img":"https://fd5-photos.leclercdrive.fr/image.ashx?id=3014149&use=l&cat=p&typeid=i","cat":284740},{"id":1627,"n":"Lingettes bébé Mots d'Enfants Ultra-douces - x72","p":1.75,"u":"0,02 €/P","img":"https://fd5-photos.leclercdrive.fr/image.ashx?id=2856447&use=l&cat=p&typeid=i","cat":284738},{"id":1629,"n":"Lingettes bébé Mots d'Enfants Sensitive - x63","p":1.32,"u":"0,02 €/P","img":"https://fd5-photos.leclercdrive.fr/image.ashx?id=2856462&use=l&cat=p&typeid=i","cat":284738},{"id":1637,"n":"Change + 2 slips maille Chorys Anatomiques - Homme/Femme - x20","p":15.94,"u":"0,80 €/P","img":"https://fd5-photos.leclercdrive.fr/image.ashx?id=2623660&use=l&cat=p&typeid=i","cat":284628},{"id":1640,"n":"Protection incontinence Chorys Rectangulaire - x24","p":4.62,"u":"0,19 €/P","img":"https://fd5-photos.leclercdrive.fr/image.ashx?id=2761980&use=l&cat=p&typeid=i","cat":284628},{"id":1654,"n":"Enveloppes adhésives Esquisse x50 11x22cm 80g","p":1.69,"u":"21,13 €/KG","img":"https://fd5-photos.leclercdrive.fr/image.ashx?id=2943181&use=l&cat=p&typeid=i","cat":284697},{"id":1655,"n":"Enveloppes adhésives Esquisse x100 11x22cm 80g","p":2.69,"img":"https://fd5-photos.leclercdrive.fr/image.ashx?id=2943184&use=l&cat=p&typeid=i","cat":284697},{"id":1656,"n":"Pochettes kraft Esquisse Adhésives 22.9x32.4cm x25","p":2.3,"img":"https://fd5-photos.leclercdrive.fr/image.ashx?id=1699690&use=l&cat=p&typeid=i","cat":284697},{"id":1657,"n":"Pochettes kraft Esquisse Adhésives 16.2x22.9cm x25","p":1.99,"img":"https://fd5-photos.leclercdrive.fr/image.ashx?id=1698655&use=l&cat=p&typeid=i","cat":284697},{"id":1662,"n":"Feuilles simples Esquisse x200 - Seyes - 21x29.7cm","p":1.79,"img":"https://fd5-photos.leclercdrive.fr/image.ashx?id=2131194&use=l&cat=p&typeid=i","cat":284697},{"id":1664,"n":"Copies doubles Esquisse Perforées - 21x29.7cm - x200","p":1.79,"img":"https://fd5-photos.leclercdrive.fr/image.ashx?id=1928770&use=l&cat=p&typeid=i","cat":284697},{"id":1665,"n":"Feuilles blanches Esquisse A4 90g - 500 feuilles","p":5.9,"img":"https://fd5-photos.leclercdrive.fr/image.ashx?id=2943193&use=l&cat=p&typeid=i","cat":284697},{"id":1684,"n":"Piles Foxter C/LR14 1.5V - x2","p":1.69,"img":"https://fd5-photos.leclercdrive.fr/image.ashx?id=2162168&use=l&cat=p&typeid=i","cat":300572},{"id":1685,"n":"Piles alcalines Foxter D/LR20 - x2","p":1.96,"img":"https://fd5-photos.leclercdrive.fr/image.ashx?id=2162171&use=l&cat=p&typeid=i","cat":300572},{"id":1686,"n":"Pile Foxter 9V/6LR61 - x1","p":1.99,"img":"https://fd5-photos.leclercdrive.fr/image.ashx?id=2162159&use=l&cat=p&typeid=i","cat":300572},{"id":1687,"n":"Pile alcaline Foxter 3LR12 4,5V - x1","p":2.25,"img":"https://fd5-photos.leclercdrive.fr/image.ashx?id=2162177&use=l&cat=p&typeid=i","cat":300572},{"id":1729,"n":"Croquettes chiens Lydog poulet Petit chien - Poulet - 1kg","p":2.92,"u":"2,92 €/KG","img":"https://fd5-photos.leclercdrive.fr/image.ashx?id=2895762&use=l&cat=p&typeid=i","cat":294526},{"id":1730,"n":"Barquette chiens Lydog Au Saumon et Truite - 300g","p":1.49,"u":"4,97 €/KG","img":"https://fd5-photos.leclercdrive.fr/image.ashx?id=2042433&use=l&cat=p&typeid=i","cat":284673},{"id":1735,"n":"Croquettes chiens Tous Mes Amis Spécial Forme - 10kg","p":12.25,"u":"1,23 €/KG","img":"https://fd5-photos.leclercdrive.fr/image.ashx?id=1972608&use=l&cat=p&typeid=i","cat":284672},{"id":1751,"n":"Croquettes chat Purina One Adulte - Saumon/Céréales - 450g","p":2.29,"u":"5,09 €/KG","img":"https://fd5-photos.leclercdrive.fr/image.ashx?id=2683220&use=l&cat=p&typeid=i","cat":284680},{"id":1753,"n":"Croquettes chat Purina One Adulte - Saumon/Céréales -1.5kg","p":6.52,"u":"4,35 €/KG","img":"https://fd5-photos.leclercdrive.fr/image.ashx?id=2902268&use=l&cat=p&typeid=i","cat":284680},{"id":1754,"n":"Croquettes chat Purina One Adulte - Poulet/Céréales - 3kg","p":11.31,"u":"3,77 €/KG","img":"https://fd5-photos.leclercdrive.fr/image.ashx?id=2432007&use=l&cat=p&typeid=i","cat":284680},{"id":1755,"n":"Bouchées chiens Lydog Adulte - Boeuf - 4kg","p":7.49,"u":"1,87 €/KG","img":"https://fd5-photos.leclercdrive.fr/image.ashx?id=2907162&use=l&cat=p&typeid=i","cat":284672},{"id":1756,"n":"Emincés en sauce Tous mes amis pour chats -  800g","p":1.45,"u":"1,81 €/KG","img":"https://fd5-photos.leclercdrive.fr/image.ashx?id=2606798&use=l&cat=p&typeid=i","cat":285601},{"id":1759,"n":"Croquettes chat Tous mes amis Boeuf Poulet Foie - 400g","p":1.2,"u":"3,00 €/KG","img":"https://fd5-photos.leclercdrive.fr/image.ashx?id=2301379&use=l&cat=p&typeid=i","cat":284680},{"id":1761,"n":"Croquettes chat Tous mes amis Saumon thon lég.verts - 400g","p":1.11,"u":"2,78 €/KG","img":"https://fd5-photos.leclercdrive.fr/image.ashx?id=2301382&use=l&cat=p&typeid=i","cat":284680},{"id":1762,"n":"Croquettes chat Tous mes amis Poulet légumes - 4kg","p":5.76,"u":"1,44 €/KG","img":"https://fd5-photos.leclercdrive.fr/image.ashx?id=2301406&use=l&cat=p&typeid=i","cat":284680},{"id":1763,"n":"Croquettes chat Tous mes amis Boeuf Poulet Légumes - 2kg","p":2.79,"u":"1,40 €/KG","img":"https://fd5-photos.leclercdrive.fr/image.ashx?id=2739724&use=l&cat=p&typeid=i","cat":284680},{"id":1764,"n":"Croquettes chat Tous mes amis Poulet dinde canard olive - 2kg","p":3.62,"u":"1,81 €/KG","img":"https://fd5-photos.leclercdrive.fr/image.ashx?id=2301400&use=l&cat=p&typeid=i","cat":284680},{"id":1765,"n":"Croquettes chat Tous mes amis Saumon & Légumes - 2kg","p":2.79,"u":"1,40 €/KG","img":"https://fd5-photos.leclercdrive.fr/image.ashx?id=2301394&use=l&cat=p&typeid=i","cat":284680},{"id":1766,"n":"Croquettes chat Tous mes amis Chaton - 400g","p":1.05,"u":"2,63 €/KG","img":"https://fd5-photos.leclercdrive.fr/image.ashx?id=2503275&use=l&cat=p&typeid=i","cat":284680},{"id":1767,"n":"Barquette chats Tous mes amis au Boeuf - 100g","p":0.61,"u":"6,10 €/KG","img":"https://fd5-photos.leclercdrive.fr/image.ashx?id=2042418&use=l&cat=p&typeid=i","cat":285286},{"id":1768,"n":"Barquette chats Tous mes amis à l'agneau - 100g","p":0.62,"u":"6,20 €/KG","img":"https://fd5-photos.leclercdrive.fr/image.ashx?id=2052760&use=l&cat=p&typeid=i","cat":285286},{"id":1769,"n":"Barquette chats Lycat au Foie et Volaille - 100g","p":0.59,"u":"5,90 €/KG","img":"https://fd5-photos.leclercdrive.fr/image.ashx?id=2042415&use=l&cat=p&typeid=i","cat":285286},{"id":1770,"n":"Barquette chats Tous mes amis au Saumon 100g","p":0.58,"u":"5,80 €/KG","img":"https://fd5-photos.leclercdrive.fr/image.ashx?id=2042412&use=l&cat=p&typeid=i","cat":285286},{"id":1771,"n":"Terrines chats Tous mes amis Délices Multi-viandes - 3x400g","p":2.97,"u":"2,48 €/KG","img":"https://fd5-photos.leclercdrive.fr/image.ashx?id=2860703&use=l&cat=p&typeid=i","cat":285601},{"id":1772,"n":"Sachet repas chat Tous mes amis Poissons en gelée - 12x100g","p":3.65,"u":"3,04 €/KG","img":"https://fd5-photos.leclercdrive.fr/image.ashx?id=2027592&use=l&cat=p&typeid=i","cat":285286},{"id":1775,"n":"Litière minérale Catsan Hygiène plus pour chat - 10L","p":5.51,"u":"0,55 €/L","img":"https://fd5-photos.leclercdrive.fr/image.ashx?id=2692677&use=l&cat=p&typeid=i","cat":284683},{"id":1776,"n":"Litière chats Eco+ 7L","p":1.2,"u":"0,17 €/L","img":"https://fd5-photos.leclercdrive.fr/image.ashx?id=2757509&use=l&cat=p&typeid=i","cat":284683},{"id":1786,"n":"Blocs WC Syphon Activ' effect Fraîcheur marine x3","p":1.22,"u":"0,41 €/P","img":"https://fd5-photos.leclercdrive.fr/image.ashx?id=2317294&use=l&cat=p&typeid=i","cat":284662},{"id":1795,"n":"Lingettes nettoyantes Clair Multi-surfaces citron x50","p":1.38,"u":"0,03 €/P","img":"https://fd5-photos.leclercdrive.fr/image.ashx?id=2835193&use=l&cat=p&typeid=i","cat":325358},{"id":1798,"n":"Eponges Multi-usages Mamison grattantes - x3","p":0.89,"u":"0,30 €/P","img":"https://fd5-photos.leclercdrive.fr/image.ashx?id=2202341&use=l&cat=p&typeid=i","cat":284667},{"id":1799,"n":"Haricots verts Notre Jardin Très fins - 3x110g","p":1.83,"u":"5,55 €/KG","img":"https://fd5-photos.leclercdrive.fr/image.ashx?id=2987994&use=l&cat=p&typeid=i","cat":312606},{"id":1800,"n":"Lingettes nettoyantes Clair Muguet x50","p":1.72,"u":"0,03 €/P","img":"https://fd5-photos.leclercdrive.fr/image.ashx?id=2835196&use=l&cat=p&typeid=i","cat":325358},{"id":1801,"n":"Boules inox Mamison x2","p":0.44,"img":"https://fd5-photos.leclercdrive.fr/image.ashx?id=555602&use=l&cat=p&typeid=i","cat":284667},{"id":1802,"n":"Insecticide Insectivor cafards Fourmis araignées 400ml","p":2.49,"u":"6,23 €/L","img":"https://fd5-photos.leclercdrive.fr/image.ashx?id=2843039&use=l&cat=p&typeid=i","cat":298368},{"id":1803,"n":"Spray désodorisant Texil Textile 500ml","p":2.61,"u":"5,22 €/L","img":"https://fd5-photos.leclercdrive.fr/image.ashx?id=2958690&use=l&cat=p&typeid=i","cat":290451},{"id":1804,"n":"Asperges vertes miniatures  Notre Jardin - 100g","p":1.49,"u":"14,90 €/KG","img":"https://fd5-photos.leclercdrive.fr/image.ashx?id=2591515&use=l&cat=p&typeid=i","cat":312611},{"id":1806,"n":"Insecticide Insectivor guêpes Mouches moustiques - 400ml","p":2.22,"u":"5,55 €/L","img":"https://fd5-photos.leclercdrive.fr/image.ashx?id=2835008&use=l&cat=p&typeid=i","cat":298368},{"id":1810,"n":"Gel nettoyant wc Syphon 750ml","p":1.03,"u":"1,37 €/L","img":"https://fd5-photos.leclercdrive.fr/image.ashx?id=2558775&use=l&cat=p&typeid=i","cat":284662},{"id":1812,"n":"Gel nettoyant wc Syphon 750ml","p":0.66,"u":"0,88 €/L","img":"https://fd5-photos.leclercdrive.fr/image.ashx?id=2067935&use=l&cat=p&typeid=i","cat":284662},{"id":1816,"n":"Déboucheur canalisations Syphon Gel 1L","p":1.39,"u":"1,39 €/L","img":"https://fd5-photos.leclercdrive.fr/image.ashx?id=2202347&use=l&cat=p&typeid=i","cat":284908},{"id":1821,"n":"Confiture Bonne Maman Figues violettes - 370g","p":1.63,"u":"4,41 €/KG","img":"https://fd5-photos.leclercdrive.fr/image.ashx?id=2547477&use=l&cat=p&typeid=i","cat":284480},{"id":1822,"n":"Confiture Bonne Maman Myrtilles - 370g","p":2.63,"u":"7,11 €/KG","img":"https://fd5-photos.leclercdrive.fr/image.ashx?id=2132361&use=l&cat=p&typeid=i","cat":284480},{"id":1826,"n":"Confiture Douceur du Verger Abricots - Allégée - 340g","p":1.06,"u":"3,12 €/KG","img":"https://fd5-photos.leclercdrive.fr/image.ashx?id=2965440&use=l&cat=p&typeid=i","cat":284480},{"id":1828,"n":"Confiture Bonne Maman Framboises - 370g","p":2.27,"u":"6,14 €/KG","img":"https://fd5-photos.leclercdrive.fr/image.ashx?id=2544807&use=l&cat=p&typeid=i","cat":284480},{"id":1832,"n":"Confiture Bonne Maman Oranges amères 370g","p":1.46,"u":"3,95 €/KG","img":"https://fd5-photos.leclercdrive.fr/image.ashx?id=2559184&use=l&cat=p&typeid=i","cat":284480},{"id":1833,"n":"Confiture Douceur du Verger Fraises - 340g","p":1.05,"u":"3,09 €/KG","img":"https://fd5-photos.leclercdrive.fr/image.ashx?id=2965431&use=l&cat=p&typeid=i","cat":284480},{"id":1835,"n":"Confiture Douceur du Verger Orange 340g","p":0.99,"u":"2,83 €/KG","img":"https://fd5-photos.leclercdrive.fr/image.ashx?id=2965434&use=l&cat=p&typeid=i","cat":284480},{"id":1845,"n":"Barres de céréales Frosties Kellogg's - 6x25g","p":1.75,"u":"11,67 €/KG","img":"https://fd5-photos.leclercdrive.fr/image.ashx?id=2300062&use=l&cat=p&typeid=i","cat":285869},{"id":1846,"n":"Compote Douceur du Verger Gourdes Pomme Fraise - 4x90g","p":1.39,"u":"3,86 €/KG","img":"https://fd5-photos.leclercdrive.fr/image.ashx?id=2837024&use=l&cat=p&typeid=i","cat":284508},{"id":1847,"n":"Barres céréales Fitness Nestlé Chocolat - 6x23.5g","p":2.09,"u":"14,82 €/KG","img":"https://fd5-photos.leclercdrive.fr/image.ashx?id=2947009&use=l&cat=p&typeid=i","cat":285869},{"id":1848,"n":"Chocolat au lait Tablette d'Or Lait Noisettes - 3x100g","p":3.63,"u":"12,10 €/KG","img":"https://fd5-photos.leclercdrive.fr/image.ashx?id=3014347&use=l&cat=p&typeid=i","cat":284497},{"id":1850,"n":"Chocolat au lait Tablette d'Or Céréales croustillantes 2x100g","p":2.01,"u":"10,05 €/KG","img":"https://fd5-photos.leclercdrive.fr/image.ashx?id=2555952&use=l&cat=p&typeid=i","cat":284497},{"id":1861,"n":"Levure chimique Tablier Blanc x6 sachets","p":0.26,"u":"3,94 €/KG","img":"https://fd5-photos.leclercdrive.fr/image.ashx?id=2867892&use=l&cat=p&typeid=i","cat":294686},{"id":1863,"n":"Soja cuisine fluide Bio Bjorg - 25cl","p":1.02,"u":"4,08 €/L","img":"https://fd5-photos.leclercdrive.fr/image.ashx?id=2970921&use=l&cat=p&typeid=i","cat":316069},{"id":1864,"n":"Chocolat Tablette d'Or Noir amandes entières 200g","p":1.84,"u":"9,20 €/KG","img":"https://fd5-photos.leclercdrive.fr/image.ashx?id=2982886&use=l&cat=p&typeid=i","cat":284956},{"id":1865,"n":"Chocolat Tablette d'Or noir Ecorces d'orange 200g","p":2.45,"u":"12,25 €/KG","img":"https://fd5-photos.leclercdrive.fr/image.ashx?id=2654267&use=l&cat=p&typeid=i","cat":284956},{"id":1867,"n":"Chocolat au lait Tablette d'Or Noisettes entières - 200g","p":2.31,"u":"11,55 €/KG","img":"https://fd5-photos.leclercdrive.fr/image.ashx?id=2580889&use=l&cat=p&typeid=i","cat":284497},{"id":1868,"n":"Chocolat blanc Tablette d'Or Noisettes entières - 200g","p":2.45,"u":"12,25 €/KG","img":"https://fd5-photos.leclercdrive.fr/image.ashx?id=2753469&use=l&cat=p&typeid=i","cat":284957},{"id":1870,"n":"Tablette de chocolat Equador Noir 85% cacao - 100g","p":1.53,"u":"15,30 €/KG","img":"https://fd5-photos.leclercdrive.fr/image.ashx?id=2840734&use=l&cat=p&typeid=i","cat":284956},{"id":1871,"n":"Céréales mini-pack Kellogg's Multi-variétés - 215g","p":2.58,"u":"12,00 €/KG","img":"https://fd5-photos.leclercdrive.fr/image.ashx?id=3014467&use=l&cat=p&typeid=i","cat":309513},{"id":1872,"n":"Pâte à tartiner Nustikao Gressins 3x60g","p":1.8,"u":"10,00 €/KG","img":"https://fd5-photos.leclercdrive.fr/image.ashx?id=2440703&use=l&cat=p&typeid=i","cat":284488},{"id":1873,"n":"Petits pains grillés Epi d'Or Complet - 225g","p":0.89,"u":"3,96 €/KG","img":"https://fd5-photos.leclercdrive.fr/image.ashx?id=2726491&use=l&cat=p&typeid=i","cat":284479},{"id":1874,"n":"Chocolat Tablette d'Or Noir noisettes entières 200g","p":2.05,"u":"10,25 €/KG","img":"https://fd5-photos.leclercdrive.fr/image.ashx?id=2582516&use=l&cat=p&typeid=i","cat":284956},{"id":1878,"n":"Compote Douceur du Verger Coupelle pomme pêche - 4x100g","p":1.19,"u":"2,98 €/KG","img":"https://fd5-photos.leclercdrive.fr/image.ashx?id=2663464&use=l&cat=p&typeid=i","cat":284508},{"id":1879,"n":"Compote Douceur du Verger Coupelle pomme poire - 4x100g","p":1.17,"u":"2,93 €/KG","img":"https://fd5-photos.leclercdrive.fr/image.ashx?id=2663470&use=l&cat=p&typeid=i","cat":284508},{"id":1883,"n":"Compote Douceur du Verger Gourdes Pomme Banane - 4x90g","p":1.59,"u":"4,42 €/KG","img":"https://fd5-photos.leclercdrive.fr/image.ashx?id=2837027&use=l&cat=p&typeid=i","cat":284508},{"id":1884,"n":"Compote Douceur du Verger Gourdes Pomme - 4x90g","p":0.99,"u":"2,75 €/KG","img":"https://fd5-photos.leclercdrive.fr/image.ashx?id=2837018&use=l&cat=p&typeid=i","cat":284508},{"id":1886,"n":"Petits pois Notre Jardin A l'étuvée - Extra fins - 560g","p":1.29,"u":"2,30 €/KG","img":"https://fd5-photos.leclercdrive.fr/image.ashx?id=2526267&use=l&cat=p&typeid=i","cat":312607},{"id":1887,"n":"Champignons Paris Notre Jardin Pieds et morceaux - 3x115g","p":1.99,"u":"5,77 €/KG","img":"https://fd5-photos.leclercdrive.fr/image.ashx?id=2724693&use=l&cat=p&typeid=i","cat":312610},{"id":1888,"n":"Flageolets verts Notre Jardin Extra fins - 530g","p":1.29,"u":"2,43 €/KG","img":"https://fd5-photos.leclercdrive.fr/image.ashx?id=2468819&use=l&cat=p&typeid=i","cat":312606},{"id":1889,"n":"Macédoine légumes Notre Jardin 3x130g","p":1.74,"u":"4,46 €/KG","img":"https://fd5-photos.leclercdrive.fr/image.ashx?id=2537349&use=l&cat=p&typeid=i","cat":312612},{"id":1890,"n":"Choux Bruxelles Notre Jardin 265g","p":1.29,"u":"4,87 €/KG","img":"https://fd5-photos.leclercdrive.fr/image.ashx?id=2913654&use=l&cat=p&typeid=i","cat":312612},{"id":1895,"n":"Foie de morue Connétable MSC - Fumé - 121g","p":2.26,"u":"18,68 €/KG","img":"https://fd5-photos.leclercdrive.fr/image.ashx?id=2804454&use=l&cat=p&typeid=i","cat":305147},{"id":1897,"n":"Pâté NRT Campagne porc breton - 200g","p":1.91,"u":"9,55 €/KG","img":"https://fd5-photos.leclercdrive.fr/image.ashx?id=2560494&use=l&cat=p&typeid=i","cat":305149},{"id":1898,"n":"Cassoulet Côté Table 840g","p":2.19,"u":"2,61 €/KG","img":"https://fd5-photos.leclercdrive.fr/image.ashx?id=2977096&use=l&cat=p&typeid=i","cat":284440},{"id":1901,"n":"Taboulé Côté Table Etui 730g","p":1.87,"u":"2,56 €/KG","img":"https://fd5-photos.leclercdrive.fr/image.ashx?id=2977093&use=l&cat=p&typeid=i","cat":325094},{"id":1902,"n":"Chips à l'ancienne Pom'Lisse Nature - 150g","p":1.04,"u":"6,93 €/KG","img":"https://fd5-photos.leclercdrive.fr/image.ashx?id=2724829&use=l&cat=p&typeid=i","cat":284447},{"id":1903,"n":"Saucisses cocktail Tokapi  240g","p":1.95,"u":"8,13 €/KG","img":"https://fd5-photos.leclercdrive.fr/image.ashx?id=2943614&use=l&cat=p&typeid=i","cat":284450},{"id":1906,"n":"Huile de tournesol Lesieur  1L","p":2.42,"u":"2,42 €/L","img":"https://fd5-photos.leclercdrive.fr/image.ashx?id=2916839&use=l&cat=p&typeid=i","cat":284453},{"id":1907,"n":"Vinaigre de Xérès AOP Maille 50cl","p":2.83,"u":"5,66 €/L","img":"https://fd5-photos.leclercdrive.fr/image.ashx?id=2769624&use=l&cat=p&typeid=i","cat":298543},{"id":1909,"n":"Olives vertes Rustica Entières - 200g","p":1.24,"u":"6,20 €/KG","img":"https://fd5-photos.leclercdrive.fr/image.ashx?id=2499073&use=l&cat=p&typeid=i","cat":284458},{"id":1913,"n":"Pâtes Barilla Coquillettes - 500g","p":0.91,"u":"1,82 €/KG","img":"https://fd5-photos.leclercdrive.fr/image.ashx?id=2392218&use=l&cat=p&typeid=i","cat":284427},{"id":1920,"n":"Boisson végétale Bio Bjorg Soja Douceur - 1L","p":1.93,"u":"1,93 €/L","img":"https://fd5-photos.leclercdrive.fr/image.ashx?id=2967052&use=l&cat=p&typeid=i","cat":316067},{"id":1925,"n":"Petits beurre P'tit Déli x24 - 200g","p":0.95,"u":"4,75 €/KG","img":"https://fd5-photos.leclercdrive.fr/image.ashx?id=1898886&use=l&cat=p&typeid=i","cat":284487},{"id":1928,"n":"Brioche vendéenne IGP NRT Tressée - 650g","p":4.06,"u":"6,25 €/KG","img":"https://fd5-photos.leclercdrive.fr/image.ashx?id=2679789&use=l&cat=p&typeid=i","cat":284478},{"id":1935,"n":"Café Soluble Nescafé Sélection - 200g","p":5.85,"u":"29,25 €/KG","img":"https://fd5-photos.leclercdrive.fr/image.ashx?id=2968847&use=l&cat=p&typeid=i","cat":284843},{"id":1939,"n":"Infusion Tiséa verveine menthe x25","p":0.92,"u":"23,00 €/KG","img":"https://fd5-photos.leclercdrive.fr/image.ashx?id=2441102&use=l&cat=p&typeid=i","cat":293234},{"id":1942,"n":"Chocolat en poudre Nesquik Boîte 1kg","p":6.05,"u":"6,05 €/KG","img":"https://fd5-photos.leclercdrive.fr/image.ashx?id=2493805&use=l&cat=p&typeid=i","cat":293235},{"id":1943,"n":"Confiture Bonne Maman Fraises - 750g","p":3.76,"u":"5,01 €/KG","img":"https://fd5-photos.leclercdrive.fr/image.ashx?id=2906073&use=l&cat=p&typeid=i","cat":284480},{"id":1944,"n":"Miel Nid d'Abeille A tartiner - 250 g","p":1.91,"u":"7,64 €/KG","img":"https://fd5-photos.leclercdrive.fr/image.ashx?id=2696805&use=l&cat=p&typeid=i","cat":287643},{"id":1953,"n":"Sucre n°4 Saint Louis Morceaux - 1kg","p":2.18,"u":"2,18 €/KG","img":"https://fd5-photos.leclercdrive.fr/image.ashx?id=2624236&use=l&cat=p&typeid=i","cat":284502},{"id":1955,"n":"Farine de blé T45 Tablier Blanc 1kg","p":0.69,"u":"0,69 €/KG","img":"https://fd5-photos.leclercdrive.fr/image.ashx?id=2832622&use=l&cat=p&typeid=i","cat":284503},{"id":1956,"n":"Compote Douceur du Verger Coupelle pomme banane - 4x100g","p":1.3,"u":"3,25 €/KG","img":"https://fd5-photos.leclercdrive.fr/image.ashx?id=2663461&use=l&cat=p&typeid=i","cat":284508},{"id":1961,"n":"Tablette de chocolat Equador Noir 72% cacao 100g","p":1.39,"u":"13,90 €/KG","img":"https://fd5-photos.leclercdrive.fr/image.ashx?id=2822920&use=l&cat=p&typeid=i","cat":284956},{"id":1962,"n":"Tablette de Chocolat Blanc Galak - 2x100g","p":2.78,"u":"13,90 €/KG","img":"https://fd5-photos.leclercdrive.fr/image.ashx?id=2769618&use=l&cat=p&typeid=i","cat":284957},{"id":1972,"n":"Eau minérale gazeuse Perrier  Bouteilles en verre 8x20cl","p":3.31,"u":"2,07 €/L","img":"https://fd5-photos.leclercdrive.fr/image.ashx?id=2587551&use=l&cat=p&typeid=i","cat":284536},{"id":1975,"n":"Sirop Frucci Menthe - 75cl","p":1.85,"u":"2,47 €/L","img":"https://fd5-photos.leclercdrive.fr/image.ashx?id=2842208&use=l&cat=p&typeid=i","cat":295020},{"id":1980,"n":"Pur Jus d'ananas Jafaden Brique élopack 1L","p":2.09,"u":"2,09 €/L","img":"https://fd5-photos.leclercdrive.fr/image.ashx?id=2955683&use=l&cat=p&typeid=i","cat":284916},{"id":1984,"n":"Thé glacé Fresh Tea Pêche - 2L","p":1.64,"u":"0,82 €/L","img":"https://fd5-photos.leclercdrive.fr/image.ashx?id=2997937&use=l&cat=p&typeid=i","cat":295019},{"id":1989,"n":"Whisky Sir Edward's 40%vol - 70cl","p":12.1,"u":"17,29 €/L","img":"https://fd5-photos.leclercdrive.fr/image.ashx?id=2503371&use=l&cat=p&typeid=i","cat":284547},{"id":1990,"n":"Scotch Whisky Label 5 40%vol - 70cl","p":14.11,"u":"20,16 €/L","img":"https://fd5-photos.leclercdrive.fr/image.ashx?id=2639468&use=l&cat=p&typeid=i","cat":284547},{"id":1992,"n":"Whisky Famous grouse 40%vol. - 70cl","p":15.24,"u":"21,77 €/L","img":"https://fd5-photos.leclercdrive.fr/image.ashx?id=2745088&use=l&cat=p&typeid=i","cat":284547},{"id":1994,"n":"Whisky J&B Rare 40%vol - 70cl","p":15.83,"u":"22,61 €/L","img":"https://fd5-photos.leclercdrive.fr/image.ashx?id=2301028&use=l&cat=p&typeid=i","cat":284547},{"id":1995,"n":"Whisky Ballantine's Finest Blended Scotch 40% vol - 70cl","p":15.4,"pp":14.4,"u":"20,57 €/L","img":"https://fd5-photos.leclercdrive.fr/image.ashx?id=2981298&use=l&cat=p&typeid=i","cat":284547},{"id":1997,"n":"Whisky Clan Campbell Blended Scotch 40% vol - 70cl","p":15.2,"u":"21,71 €/L","img":"https://fd5-photos.leclercdrive.fr/image.ashx?id=2868365&use=l&cat=p&typeid=i","cat":284547},{"id":1998,"n":"Whiskey Irlandais Jameson  40% vol - 70cl","p":21.76,"u":"31,09 €/L","img":"https://fd5-photos.leclercdrive.fr/image.ashx?id=2866025&use=l&cat=p&typeid=i","cat":284547},{"id":2000,"n":"Pastis Duval 45%vol - 1L","p":16.75,"u":"16,75 €/L","img":"https://fd5-photos.leclercdrive.fr/image.ashx?id=2659656&use=l&cat=p&typeid=i","cat":284548},{"id":2001,"n":"Pastis Ricard Anisé 45% vol - 1L","p":19.89,"pp":18.89,"u":"18,89 €/L","img":"https://fd5-photos.leclercdrive.fr/image.ashx?id=2947820&use=l&cat=p&typeid=i","cat":284548},{"id":2002,"n":"Pastis de Marseille Vivalis 45%vol - 1L","p":17.02,"u":"17,02 €/L","img":"https://fd5-photos.leclercdrive.fr/image.ashx?id=2699639&use=l&cat=p&typeid=i","cat":284548},{"id":2003,"n":"Vodka premium Eristoff Original 37,5° - 70cl","p":11.49,"u":"16,41 €/L","img":"https://fd5-photos.leclercdrive.fr/image.ashx?id=2850734&use=l&cat=p&typeid=i","cat":284550},{"id":2006,"n":"Vodka Novotna  Pure grain 37.5%vol - 70cl","p":10.59,"u":"15,13 €/L","img":"https://fd5-photos.leclercdrive.fr/image.ashx?id=1654441&use=l&cat=p&typeid=i","cat":284550},{"id":2007,"n":"Rhum blanc Bacardi Carta Blanca 37,5° - 70cl","p":14.7,"u":"21,00 €/L","img":"https://fd5-photos.leclercdrive.fr/image.ashx?id=2833933&use=l&cat=p&typeid=i","cat":284550},{"id":2009,"n":"Rhum ambré Negrita 40%vol - 50cl","p":7.73,"u":"15,46 €/L","img":"https://fd5-photos.leclercdrive.fr/image.ashx?id=2785112&use=l&cat=p&typeid=i","cat":284550},{"id":2010,"n":"Rhum blanc Old Nick  40%vol - 70cl","p":10.09,"u":"14,41 €/L","img":"https://fd5-photos.leclercdrive.fr/image.ashx?id=2483747&use=l&cat=p&typeid=i","cat":284550},{"id":2012,"n":"Rhum ambré Negrita 40%vol - 1L","p":13.17,"u":"13,17 €/L","img":"https://fd5-photos.leclercdrive.fr/image.ashx?id=2519633&use=l&cat=p&typeid=i","cat":284550},{"id":2014,"n":"Cognac Hennessy v.s 40%vol 70cl","p":35.81,"u":"51,16 €/L","img":"https://fd5-photos.leclercdrive.fr/image.ashx?id=2732449&use=l&cat=p&typeid=i","cat":286032},{"id":2015,"n":"Liqueur The Original Baileys Irish Cream 17%vol - 70cl","p":11.57,"u":"16,53 €/L","img":"https://fd5-photos.leclercdrive.fr/image.ashx?id=2536059&use=l&cat=p&typeid=i","cat":286032},{"id":2018,"n":"Rhum Lagoa 40%vol - 50cl","p":7.0,"u":"14,00 €/L","img":"https://fd5-photos.leclercdrive.fr/image.ashx?id=2966487&use=l&cat=p&typeid=i","cat":284550},{"id":2019,"n":"Sucre de canne Lagoa 70cl","p":1.65,"u":"2,36 €/L","img":"https://fd5-photos.leclercdrive.fr/image.ashx?id=2966475&use=l&cat=p&typeid=i","cat":284551},{"id":2021,"n":"Apéritif Suze L'Originale 15% vol - 1L","p":9.61,"u":"9,61 €/L","img":"https://fd5-photos.leclercdrive.fr/image.ashx?id=2914462&use=l&cat=p&typeid=i","cat":284913},{"id":2023,"n":"Muscat Guillaume d'Arria 15.5%vol - 75cl","p":6.99,"u":"9,32 €/L","img":"https://fd5-photos.leclercdrive.fr/image.ashx?id=2974783&use=l&cat=p&typeid=i","cat":284913},{"id":2024,"n":"Rivesaltes ambré G. d'Arria 16%vol - 75cl","p":4.28,"u":"5,71 €/L","img":"https://fd5-photos.leclercdrive.fr/image.ashx?id=2974738&use=l&cat=p&typeid=i","cat":284913},{"id":2025,"n":"Muscat de Rivesaltes G. d'Arria 15.5%vol - 75cl","p":4.99,"u":"6,65 €/L","img":"https://fd5-photos.leclercdrive.fr/image.ashx?id=2974744&use=l&cat=p&typeid=i","cat":284913},{"id":2028,"n":"AOP Bordeaux rouge Baron de Lestac - 75cl","p":3.61,"u":"4,81 €/L","img":"https://fd5-photos.leclercdrive.fr/image.ashx?id=2471148&use=l&cat=p&typeid=i","cat":289556},{"id":2029,"n":"AOP Bordeaux rouge Malesan - 75 cl","p":5.1,"u":"6,80 €/L","img":"https://fd5-photos.leclercdrive.fr/image.ashx?id=2917432&use=l&cat=p&typeid=i","cat":289556},{"id":2044,"n":"IGP Pays d'Oc Merlot vin rouge Vieux Carion 13% vol -75 cl","p":2.25,"u":"3,00 €/L","img":"https://fd5-photos.leclercdrive.fr/image.ashx?id=2949412&use=l&cat=p&typeid=i","cat":289556},{"id":2045,"n":"IGP Pays d'Oc vin rouge Vieux Carion 12.5% vol -75 cl","p":2.25,"u":"3,00 €/L","img":"https://fd5-photos.leclercdrive.fr/image.ashx?id=2925168&use=l&cat=p&typeid=i","cat":289556},{"id":2049,"n":"IGP Pays d'Oc Gris vin rosé Rives & Terrasses - 75cl -12,5%","p":2.89,"u":"3,85 €/L","img":"https://fd5-photos.leclercdrive.fr/image.ashx?id=2920918&use=l&cat=p&typeid=i","cat":289558},{"id":2051,"n":"IGP Pays d'Oc Syrah vin rosé Vieux Carion 12.5% vol -75 cl","p":2.25,"u":"3,00 €/L","img":"https://fd5-photos.leclercdrive.fr/image.ashx?id=2892340&use=l&cat=p&typeid=i","cat":289558},{"id":2058,"n":"IGP Pays d'Oc Sauvignon Blanc Vieux Carion 12% vol -75 cl","p":2.25,"u":"3,00 €/L","img":"https://fd5-photos.leclercdrive.fr/image.ashx?id=2879937&use=l&cat=p&typeid=i","cat":289557},{"id":2072,"n":"AOP Champagne Mumm Cordon Rouge Brut 12% vol - 75cl","p":28.9,"pp":27.9,"u":"37,20 €/L","img":"https://fd5-photos.leclercdrive.fr/image.ashx?id=3011005&use=l&cat=p&typeid=i","cat":284542},{"id":2073,"n":"AOC Champagne brut rosé Pol Carson - 75cl","p":19.95,"u":"26,60 €/L","img":"https://fd5-photos.leclercdrive.fr/image.ashx?id=2909876&use=l&cat=p&typeid=i","cat":284542},{"id":2074,"n":"AOP Champagne demi-sec blanc Pol Carson - 75cl","p":17.99,"u":"23,99 €/L","img":"https://fd5-photos.leclercdrive.fr/image.ashx?id=2909846&use=l&cat=p&typeid=i","cat":284542},{"id":2075,"n":"AOP Champagne brut Pol Carson - 75cl","p":17.99,"u":"23,99 €/L","img":"https://fd5-photos.leclercdrive.fr/image.ashx?id=2909843&use=l&cat=p&typeid=i","cat":284542},{"id":2078,"n":"Pétillant Gibus pomme Sans alcool 75cl","p":2.39,"u":"3,19 €/L","img":"https://fd5-photos.leclercdrive.fr/image.ashx?id=1887586&use=l&cat=p&typeid=i","cat":289460},{"id":2079,"n":"Cidre bouché Les Goelleries Breton doux 2%vol. - 75cl","p":2.12,"u":"2,83 €/L","img":"https://fd5-photos.leclercdrive.fr/image.ashx?id=2842190&use=l&cat=p&typeid=i","cat":334880},{"id":2082,"n":"AOP Crémant d'Alsace brut Rebmann - 75 cl","p":5.95,"u":"7,93 €/L","img":"https://fd5-photos.leclercdrive.fr/image.ashx?id=2888935&use=l&cat=p&typeid=i","cat":284545},{"id":2087,"n":"Jus de pomme pétillant Champomy L'Original Pomme - 75cl","p":2.69,"u":"3,59 €/L","img":"https://fd5-photos.leclercdrive.fr/image.ashx?id=2688683&use=l&cat=p&typeid=i","cat":289460},{"id":2090,"n":"Emmental fromage bloc Les Croisés - 500g","p":4.19,"u":"8,38 €/KG","img":"https://fd5-photos.leclercdrive.fr/image.ashx?id=1992255&use=l&cat=p&typeid=i","cat":314034},{"id":2092,"n":"Bûche de chèvre Saint-Maure LEs Croisés 25% MG - 200g","p":2.06,"u":"10,30 €/KG","img":"https://fd5-photos.leclercdrive.fr/image.ashx?id=2894719&use=l&cat=p&typeid=i","cat":314031},{"id":2095,"n":"Emmental Fromage râpé Les Croisés - 3x70g","p":1.89,"u":"9,00 €/KG","img":"https://fd5-photos.leclercdrive.fr/image.ashx?id=2849572&use=l&cat=p&typeid=i","cat":314035},{"id":2104,"n":"Mousse à la liégeoise Délisse Chocolat - 8x80g","p":2.35,"u":"3,67 €/KG","img":"https://fd5-photos.leclercdrive.fr/image.ashx?id=3009490&use=l&cat=p&typeid=i","cat":284417},{"id":2107,"n":"Lait demi-écrémé Délisse Brique UHT -  1L","p":0.99,"u":"0,99 €/L","img":"https://fd5-photos.leclercdrive.fr/image.ashx?id=2981801&use=l&cat=p&typeid=i","cat":284377},{"id":2108,"n":"Lait entier Délisse UHT - Brique : 1L","p":1.08,"u":"1,08 €/L","img":"https://fd5-photos.leclercdrive.fr/image.ashx?id=2981825&use=l&cat=p&typeid=i","cat":285610},{"id":2109,"n":"Matin Léger de Lactel Sans lactose 1.2% mg - 1L","p":1.54,"u":"1,54 €/L","img":"https://fd5-photos.leclercdrive.fr/image.ashx?id=2883122&use=l&cat=p&typeid=i","cat":317169},{"id":2111,"n":"Beurre Extra fin Les Croisés Doux - 82% MG - 250g","p":2.35,"u":"9,40 €/KG","img":"https://fd5-photos.leclercdrive.fr/image.ashx?id=2791224&use=l&cat=p&typeid=i","cat":284379},{"id":2112,"n":"Sauce Béchamel Bridélice 3x20cl","p":2.77,"u":"4,62 €/L","img":"https://fd5-photos.leclercdrive.fr/image.ashx?id=2888458&use=l&cat=p&typeid=i","cat":284382},{"id":2114,"n":"Saucisse sèche Saint Azay Qualité supérieure - 250g","p":2.99,"u":"11,96 €/KG","img":"https://fd5-photos.leclercdrive.fr/image.ashx?id=1966346&use=l&cat=p&typeid=i","cat":316006},{"id":2121,"n":"Carottes râpées Menu Fraîcheur  Assaisonnées - 300g","p":0.69,"u":"2,30 €/KG","img":"https://fd5-photos.leclercdrive.fr/image.ashx?id=2552403&use=l&cat=p&typeid=i","cat":333657},{"id":2125,"n":"Tagliatelle fraîche Turini 350g","p":1.19,"u":"3,40 €/KG","img":"https://fd5-photos.leclercdrive.fr/image.ashx?id=2846514&use=l&cat=p&typeid=i","cat":333682},{"id":2126,"n":"Pâte brisée Tablier Blanc Prête à dérouler - 230g","p":0.65,"u":"2,83 €/KG","img":"https://fd5-photos.leclercdrive.fr/image.ashx?id=2922385&use=l&cat=p&typeid=i","cat":333681},{"id":2128,"n":"Bâtonnets Surimi Pêche Océan MSC - x12 - 200g","p":1.38,"u":"6,90 €/KG","img":"https://fd5-photos.leclercdrive.fr/image.ashx?id=2981837&use=l&cat=p&typeid=i","cat":285189},{"id":2129,"n":"Tarama Ronde des mers  Aux oeufs de cabillaud - 100g","p":0.99,"u":"9,90 €/KG","img":"https://fd5-photos.leclercdrive.fr/image.ashx?id=2824600&use=l&cat=p&typeid=i","cat":315999},{"id":2130,"n":"Filets d'anchois Pêche Océan Huile d'olive - 50g","p":1.36,"u":"27,20 €/KG","img":"https://fd5-photos.leclercdrive.fr/image.ashx?id=1671613&use=l&cat=p&typeid=i","cat":285190},{"id":2139,"n":"Gants jetables Mamison latex T7 x10","p":1.33,"img":"https://fd5-photos.leclercdrive.fr/image.ashx?id=2742688&use=l&cat=p&typeid=i","cat":284668},{"id":2141,"n":"Crème nettoyante Clair 3en1 - 750ml","p":1.15,"u":"1,53 €/L","img":"https://fd5-photos.leclercdrive.fr/image.ashx?id=2868310&use=l&cat=p&typeid=i","cat":325357},{"id":2164,"n":"Enveloppes Esquisse adhésives C6 100x80g","p":2.39,"img":"https://fd5-photos.leclercdrive.fr/image.ashx?id=1928740&use=l&cat=p&typeid=i","cat":284697},{"id":2175,"n":"Sucre cristal Saint Louis Sachet 1 kg","p":2.37,"u":"2,37 €/KG","img":"https://fd5-photos.leclercdrive.fr/image.ashx?id=2624245&use=l&cat=p&typeid=i","cat":284502},{"id":2179,"n":"Barres céréales Special K  Kellogg's Chocolat - 6x21,5g","p":2.2,"u":"17,05 €/KG","img":"https://fd5-photos.leclercdrive.fr/image.ashx?id=3011113&use=l&cat=p&typeid=i","cat":285869},{"id":2185,"n":"boisson végétale soja  sans sucre bio bjorg nature 1l","p":1.65,"u":"1,65 €/L","img":"https://fd5-photos.leclercdrive.fr/image.ashx?id=2939385&use=l&cat=p&typeid=i","cat":316067},{"id":2187,"n":"Mascarpone Les Croisés - 250g","p":1.78,"u":"7,12 €/KG","img":"https://fd5-photos.leclercdrive.fr/image.ashx?id=2992507&use=l&cat=p&typeid=i","cat":314026},{"id":2192,"n":"Papier aluminium Elembal 50m","p":4.4,"img":"https://fd5-photos.leclercdrive.fr/image.ashx?id=2854201&use=l&cat=p&typeid=i","cat":334134},{"id":2193,"n":"Film étirable Elembal 2en1 20m","p":1.25,"img":"https://fd5-photos.leclercdrive.fr/image.ashx?id=2059962&use=l&cat=p&typeid=i","cat":334134},{"id":2194,"n":"Sacs congélation Elembal Moyen modèle x50","p":1.08,"img":"https://fd5-photos.leclercdrive.fr/image.ashx?id=2257205&use=l&cat=p&typeid=i","cat":334134},{"id":2195,"n":"Sacs poubelle 30L Elembal Poignées coulissantes - x20","p":2.11,"u":"0,11 €/P","img":"https://fd5-photos.leclercdrive.fr/image.ashx?id=1959157&use=l&cat=p&typeid=i","cat":285168},{"id":2198,"n":"Cassoulet La Belle Chaurienne Porc 4/4 840g","p":4.48,"u":"5,33 €/KG","img":"https://fd5-photos.leclercdrive.fr/image.ashx?id=2837355&use=l&cat=p&typeid=i","cat":284440},{"id":2199,"n":"Cassoulet La Belle Chaurienne Canard 4/4 840g","p":5.02,"u":"5,98 €/KG","img":"https://fd5-photos.leclercdrive.fr/image.ashx?id=2837340&use=l&cat=p&typeid=i","cat":284440},{"id":2200,"n":"Muffins nature Epi d'Or x4 - 250g","p":1.51,"u":"6,04 €/KG","img":"https://fd5-photos.leclercdrive.fr/image.ashx?id=2939052&use=l&cat=p&typeid=i","cat":284985},{"id":2201,"n":"Pastis 51 Anisé 45% vol - 1L","p":18.9,"u":"18,90 €/L","img":"https://fd5-photos.leclercdrive.fr/image.ashx?id=2998916&use=l&cat=p&typeid=i","cat":284548},{"id":2203,"n":"Palermo rouge Sans alcool - 1L","p":3.51,"u":"3,51 €/L","img":"https://fd5-photos.leclercdrive.fr/image.ashx?id=1866952&use=l&cat=p&typeid=i","cat":284549},{"id":2217,"n":"Soin dents Polident Anti-bactérien comprimés x108","p":4.77,"u":"0,04 €/P","img":"https://fd5-photos.leclercdrive.fr/image.ashx?id=2557242&use=l&cat=p&typeid=i","cat":285158},{"id":2224,"n":"Boisson lactée Candy'UP Chocolat - 6x20cl","p":2.3,"u":"1,92 €/L","img":"https://fd5-photos.leclercdrive.fr/image.ashx?id=2485635&use=l&cat=p&typeid=i","cat":295246},{"id":2226,"n":"Lait vitaminé Viva Candia  1%MG Brique - 1L","p":1.04,"u":"1,04 €/L","img":"https://fd5-photos.leclercdrive.fr/image.ashx?id=2891505&use=l&cat=p&typeid=i","cat":317169},{"id":2228,"n":"Eau de toilette Scorpio rouge Flacon - 75ml","p":7.86,"pp":5.19,"u":"69,20 €/L","img":"https://fd5-photos.leclercdrive.fr/image.ashx?id=2329777&use=l&cat=p&typeid=i","cat":287740},{"id":2236,"n":"Sucre vanillé Vahiné 10 sachets - 75g","p":1.55,"u":"20,67 €/KG","img":"https://fd5-photos.leclercdrive.fr/image.ashx?id=2490536&use=l&cat=p&typeid=i","cat":294686},{"id":2237,"n":"Arôme Fleur d'oranger Vahiné 200ml","p":1.48,"u":"7,40 €/L","img":"https://fd5-photos.leclercdrive.fr/image.ashx?id=2983231&use=l&cat=p&typeid=i","cat":284504},{"id":2238,"n":"Arôme vanille Vahiné 200ml","p":2.38,"u":"11,90 €/L","img":"https://fd5-photos.leclercdrive.fr/image.ashx?id=2490551&use=l&cat=p&typeid=i","cat":284504},{"id":2239,"n":"Gélatine alimentaire Vahiné 9 feuilles - 17g","p":1.24,"u":"72,94 €/KG","img":"https://fd5-photos.leclercdrive.fr/image.ashx?id=2876305&use=l&cat=p&typeid=i","cat":284504},{"id":2242,"n":"Patchs purifiants Diadermine 3 zones x6","p":3.8,"u":"0,63 €/P","img":"https://fd5-photos.leclercdrive.fr/image.ashx?id=2327860&use=l&cat=p&typeid=i","cat":284603},{"id":2244,"n":"Démaquillant Diadermine Yeux douceur 125 ml","p":1.99,"u":"16,58 €/L","img":"https://fd5-photos.leclercdrive.fr/image.ashx?id=2334935&use=l&cat=p&typeid=i","cat":284603},{"id":2257,"n":"Crème Hydratante Soft Nivea Visage Corps Mains - 75ml","p":1.6,"u":"22,86 €/L","img":"https://fd5-photos.leclercdrive.fr/image.ashx?id=3005215&use=l&cat=p&typeid=i","cat":325350},{"id":2259,"n":"Crème Hydratante Soft Nivea Visage Corps Mains - 200ml","p":2.89,"u":"14,45 €/L","img":"https://fd5-photos.leclercdrive.fr/image.ashx?id=3014608&use=l&cat=p&typeid=i","cat":325350},{"id":2276,"n":"Antiseptique Mercurochrome Incolore spray - 100ml","p":2.97,"u":"29,70 €/L","img":"https://fd5-photos.leclercdrive.fr/image.ashx?id=2662268&use=l&cat=p&typeid=i","cat":284630},{"id":2277,"n":"Gel lubrifiant Intimy Classic - 70ml","p":3.79,"u":"54,14 €/L","img":"https://fd5-photos.leclercdrive.fr/image.ashx?id=2927330&use=l&cat=p&typeid=i","cat":285160},{"id":2279,"n":"Eau oxygénée Mercurochrome 200ml","p":2.11,"u":"10,55 €/L","img":"https://fd5-photos.leclercdrive.fr/image.ashx?id=2663980&use=l&cat=p&typeid=i","cat":284630},{"id":2280,"n":"Compresses stériles Mercurochrome - x60","p":6.19,"u":"0,10 €/P","img":"https://fd5-photos.leclercdrive.fr/image.ashx?id=2731483&use=l&cat=p&typeid=i","cat":284630},{"id":2281,"n":"Pansements Mercurochrome Famille x50","p":4.33,"u":"0,09 €/P","img":"https://fd5-photos.leclercdrive.fr/image.ashx?id=2731471&use=l&cat=p&typeid=i","cat":284630},{"id":2282,"n":"Bandes à découper Mercurochrome 6cm x10","p":3.23,"img":"https://fd5-photos.leclercdrive.fr/image.ashx?id=2719027&use=l&cat=p&typeid=i","cat":284630},{"id":2305,"n":"Lait Démaquillant Mixa  Anti-dessèchement - 200ml","p":2.93,"u":"14,65 €/L","img":"https://fd5-photos.leclercdrive.fr/image.ashx?id=2285390&use=l&cat=p&typeid=i","cat":284603},{"id":2317,"n":"Mousse Coiffante Franck Provost Cheveux Bouclés - 200ml","p":4.24,"u":"21,20 €/L","img":"https://fd5-photos.leclercdrive.fr/image.ashx?id=2575606&use=l&cat=p&typeid=i","cat":284609},{"id":2322,"n":"Mousse Coiffante Dop Vivelle Extra boucle - 150ml","p":3.23,"u":"21,53 €/L","img":"https://fd5-photos.leclercdrive.fr/image.ashx?id=2574823&use=l&cat=p&typeid=i","cat":284609},{"id":2324,"n":"Eau Micellaire vitaminée Mixa Peaux Sensibles - 200ml","p":3.15,"u":"15,75 €/L","img":"https://fd5-photos.leclercdrive.fr/image.ashx?id=2445334&use=l&cat=p&typeid=i","cat":284603},{"id":2326,"n":"Lait demi-écrémé Lactel Vitamine D Bouteille - 1l","p":1.22,"u":"1,22 €/L","img":"https://fd5-photos.leclercdrive.fr/image.ashx?id=2889421&use=l&cat=p&typeid=i","cat":284377},{"id":2331,"n":"Lait Bio demi-écrémé Lactel UHT Bouteille - 1l","p":1.52,"u":"1,52 €/L","img":"https://fd5-photos.leclercdrive.fr/image.ashx?id=2886915&use=l&cat=p&typeid=i","cat":284377},{"id":2336,"n":"Baume soin Après-Rasage Mennen Peaux Sensibles - 100ml","p":3.62,"u":"36,20 €/L","img":"https://fd5-photos.leclercdrive.fr/image.ashx?id=2517905&use=l&cat=p&typeid=i","cat":288147},{"id":2338,"n":"Lotion Après-Rasage Mennen Apaisante - 125ml","p":3.62,"u":"28,96 €/L","img":"https://fd5-photos.leclercdrive.fr/image.ashx?id=2469620&use=l&cat=p&typeid=i","cat":288147},{"id":2356,"n":"Lingettes Demak'up Peaux sèches sensibles x25","p":3.1,"u":"0,12 €/P","img":"https://fd5-photos.leclercdrive.fr/image.ashx?id=3014458&use=l&cat=p&typeid=i","cat":284603},{"id":2373,"n":"Activateur biologique Eparcyl  Liquide fosse septique - 500 ml","p":6.24,"u":"12,48 €/L","img":"https://fd5-photos.leclercdrive.fr/image.ashx?id=2144059&use=l&cat=p&typeid=i","cat":284908},{"id":2411,"n":"Gel nettoyant Garnier Pure Tube 150ml","p":3.98,"u":"26,53 €/L","img":"https://fd5-photos.leclercdrive.fr/image.ashx?id=2751651&use=l&cat=p&typeid=i","cat":284603},{"id":2441,"n":"Préservatifs Durex Love Faciles et rapides à poser x6","p":2.98,"u":"0,50 €/P","img":"https://fd5-photos.leclercdrive.fr/image.ashx?id=2963895&use=l&cat=p&typeid=i","cat":284631},{"id":2484,"n":"Dentifrice Signal Haleine Pure 75ml","p":1.29,"u":"17,20 €/L","img":"https://fd5-photos.leclercdrive.fr/image.ashx?id=1984459&use=l&cat=p&typeid=i","cat":284612},{"id":2503,"n":"Biscuit vanille citron Gerlinéa  encas minceur - 156g","p":1.82,"u":"12,13 €/KG","img":"https://fd5-photos.leclercdrive.fr/image.ashx?id=2654779&use=l&cat=p&typeid=i","cat":318651},{"id":2504,"n":"Levure de bière Gerblé à saupoudrer - 150g","p":2.31,"u":"15,40 €/KG","img":"https://fd5-photos.leclercdrive.fr/image.ashx?id=2575036&use=l&cat=p&typeid=i","cat":288382},{"id":2505,"n":"Crème au chocolat GERLINEA   Repas minceur - 3x210g","p":4.29,"u":"6,81 €/KG","img":"https://fd5-photos.leclercdrive.fr/image.ashx?id=2653450&use=l&cat=p&typeid=i","cat":318652},{"id":2506,"n":"Coupelle crème Gerlinea Vanille caramel -  3x210g","p":4.27,"u":"6,78 €/KG","img":"https://fd5-photos.leclercdrive.fr/image.ashx?id=2653453&use=l&cat=p&typeid=i","cat":318652},{"id":2507,"n":"Crème chocolat Gerlinéa  Repas minceur  540g","p":12.09,"u":"22,39 €/KG","img":"https://fd5-photos.leclercdrive.fr/image.ashx?id=2654740&use=l&cat=p&typeid=i","cat":318652},{"id":2510,"n":"Biscuits soja figue GERBLE   - 4x4, 270g","p":1.97,"u":"7,30 €/KG","img":"https://fd5-photos.leclercdrive.fr/image.ashx?id=2812720&use=l&cat=p&typeid=i","cat":318651},{"id":2511,"n":"Biscuits diététiques Gerblé Soja Orange - 280g","p":1.39,"u":"4,96 €/KG","img":"https://fd5-photos.leclercdrive.fr/image.ashx?id=2623166&use=l&cat=p&typeid=i","cat":318651},{"id":2523,"n":"Amandes effilées Couleurs Vives 125g","p":1.99,"u":"15,92 €/KG","img":"https://fd5-photos.leclercdrive.fr/image.ashx?id=2896874&use=l&cat=p&typeid=i","cat":284504},{"id":2524,"n":"Amandes Couleurs Vives En poudre - 125g","p":1.97,"u":"15,76 €/KG","img":"https://fd5-photos.leclercdrive.fr/image.ashx?id=2896871&use=l&cat=p&typeid=i","cat":284504},{"id":2525,"n":"Cerneaux noix Couleurs Vives 125g","p":1.78,"u":"14,83 €/KG","img":"https://fd5-photos.leclercdrive.fr/image.ashx?id=2886436&use=l&cat=p&typeid=i","cat":284357},{"id":2529,"n":"Salade composée Notre Jardin 400g","p":1.24,"u":"3,10 €/KG","img":"https://fd5-photos.leclercdrive.fr/image.ashx?id=2686320&use=l&cat=p&typeid=i","cat":284353},{"id":2530,"n":"Salade Notre Jardin Mâche - 125g","p":0.95,"u":"7,60 €/KG","img":"https://fd5-photos.leclercdrive.fr/image.ashx?id=2655598&use=l&cat=p&typeid=i","cat":284353},{"id":2531,"n":"Salade Notre Jardin Coeurs de laitue - 200g","p":0.99,"u":"4,95 €/KG","img":"https://fd5-photos.leclercdrive.fr/image.ashx?id=2720139&use=l&cat=p&typeid=i","cat":284353},{"id":2532,"n":"Laitue Iceberg Notre Jardin 300g","p":0.89,"u":"2,97 €/KG","img":"https://fd5-photos.leclercdrive.fr/image.ashx?id=2720151&use=l&cat=p&typeid=i","cat":284353},{"id":2568,"n":"Laque Cheveux L'Oréal Paris Fixation forte - 150ml","p":3.74,"u":"24,93 €/L","img":"https://fd5-photos.leclercdrive.fr/image.ashx?id=2576157&use=l&cat=p&typeid=i","cat":284609},{"id":2570,"n":"Spray Cheveux L'Oréal Paris Fixation Normale - 150ml","p":4.49,"u":"29,93 €/L","img":"https://fd5-photos.leclercdrive.fr/image.ashx?id=2576160&use=l&cat=p&typeid=i","cat":284609},{"id":2571,"n":"Gel Coiffant L'Oréal Paris Ultra Fixant 24H - 150ml","p":4.15,"u":"27,67 €/L","img":"https://fd5-photos.leclercdrive.fr/image.ashx?id=2576163&use=l&cat=p&typeid=i","cat":284609},{"id":2574,"n":"Gel Coiffant L'Oréal Paris Gel Ultra Fixant 24h - 150ml","p":4.76,"u":"31,73 €/L","img":"https://fd5-photos.leclercdrive.fr/image.ashx?id=2833240&use=l&cat=p&typeid=i","cat":284609},{"id":2576,"n":"Soin anti-âge L'Oréal Paris Age Perfect - 50ml","p":10.18,"u":"203,60 €/L","img":"https://fd5-photos.leclercdrive.fr/image.ashx?id=2867356&use=l&cat=p&typeid=i","cat":325345},{"id":2588,"n":"Eau minérale Thonon 6x1.5L","p":2.61,"u":"0,29 €/L","img":"https://fd5-photos.leclercdrive.fr/image.ashx?id=2915557&use=l&cat=p&typeid=i","cat":284535},{"id":2593,"n":"Eau minérale naturelle Contrex 6x50cl","p":2.16,"u":"0,72 €/L","img":"https://fd5-photos.leclercdrive.fr/image.ashx?id=2731714&use=l&cat=p&typeid=i","cat":284535},{"id":2612,"n":"Lait demi-écrémé UHT Délisse  Brique - 6x1L","p":5.94,"u":"0,99 €/L","img":"https://fd5-photos.leclercdrive.fr/image.ashx?id=2970539&use=l&cat=p&typeid=i","cat":284377},{"id":2613,"n":"Lait demi-écrémé UHT Délisse Bouteille - 6x1L","p":6.3,"u":"1,05 €/L","img":"https://fd5-photos.leclercdrive.fr/image.ashx?id=2970533&use=l&cat=p&typeid=i","cat":284377},{"id":2614,"n":"Lait demi-écrémé Délisse UHT Bouteille -  6x50cl","p":4.74,"u":"1,58 €/L","img":"https://fd5-photos.leclercdrive.fr/image.ashx?id=2970560&use=l&cat=p&typeid=i","cat":284377},{"id":2615,"n":"Lait écrémé Délisse Brique : 6x1L","p":5.52,"u":"0,92 €/L","img":"https://fd5-photos.leclercdrive.fr/image.ashx?id=2976276&use=l&cat=p&typeid=i","cat":284949},{"id":2616,"n":"Lait entier Délisse UHT - Brique : 6x1L","p":6.48,"u":"1,08 €/L","img":"https://fd5-photos.leclercdrive.fr/image.ashx?id=2970548&use=l&cat=p&typeid=i","cat":285610},{"id":2617,"n":"Lait Bio demi-écrémé Lactel UHT Bouteille - 6x50cl","p":5.56,"u":"1,85 €/L","img":"https://fd5-photos.leclercdrive.fr/image.ashx?id=2892766&use=l&cat=p&typeid=i","cat":284377},{"id":2618,"n":"Lait chèvre demi-écrémé Lactel UHT Bouteille - 6x1L","p":12.3,"u":"2,05 €/L","img":"https://fd5-photos.leclercdrive.fr/image.ashx?id=2873961&use=l&cat=p&typeid=i","cat":295251},{"id":2619,"n":"Lait bio Bio Village Bouteille  Demi-écrémé UHT -  6x1L","p":6.48,"u":"1,08 €/L","img":"https://fd5-photos.leclercdrive.fr/image.ashx?id=2969997&use=l&cat=p&typeid=i","cat":284377},{"id":2623,"n":"Joker Pur Jus Engagé  Multifruits - 1L","p":2.48,"u":"2,48 €/L","img":"https://fd5-photos.leclercdrive.fr/image.ashx?id=3001287&use=l&cat=p&typeid=i","cat":284917},{"id":2629,"n":"Lames Gillette GII Plus - x10","p":8.03,"u":"0,80 €/P","img":"https://fd5-photos.leclercdrive.fr/image.ashx?id=2946487&use=l&cat=p&typeid=i","cat":284616},{"id":2631,"n":"Salade Catalane Petit Navire 220g","p":2.12,"u":"9,64 €/KG","img":"https://fd5-photos.leclercdrive.fr/image.ashx?id=2796213&use=l&cat=p&typeid=i","cat":284437},{"id":2638,"n":"Eau minérale Courmayeur 6x1.5L","p":2.68,"u":"0,30 €/L","img":"https://fd5-photos.leclercdrive.fr/image.ashx?id=2964105&use=l&cat=p&typeid=i","cat":284535},{"id":2649,"n":"Eau de source de Montagne 6x1.5L","p":1.68,"u":"0,19 €/L","img":"https://fd5-photos.leclercdrive.fr/image.ashx?id=2590430&use=l&cat=p&typeid=i","cat":284535},{"id":2650,"n":"Whisky William Lawson's Finest Blend 40° - 100cl","p":17.88,"u":"17,88 €/L","img":"https://fd5-photos.leclercdrive.fr/image.ashx?id=2966134&use=l&cat=p&typeid=i","cat":284547},{"id":2679,"n":"Miel Lune de Miel fleurs 375g","p":3.17,"u":"8,45 €/KG","img":"https://fd5-photos.leclercdrive.fr/image.ashx?id=2338763&use=l&cat=p&typeid=i","cat":287643},{"id":2722,"n":"Yaourts aromatisés Délisse Vanille - 8x125g","p":2.58,"u":"2,58 €/KG","img":"https://fd5-photos.leclercdrive.fr/image.ashx?id=2816121&use=l&cat=p&typeid=i","cat":286006},{"id":2729,"n":"Pistaches grillées à sec Tokapi 300g","p":3.86,"u":"12,87 €/KG","img":"https://fd5-photos.leclercdrive.fr/image.ashx?id=2795541&use=l&cat=p&typeid=i","cat":284448},{"id":2734,"n":"Eau de source Eco+ 6x 1.5L","p":1.14,"u":"0,13 €/L","img":"https://fd5-photos.leclercdrive.fr/image.ashx?id=2859143&use=l&cat=p&typeid=i","cat":284535},{"id":2737,"n":"Eau minérale Des Alpes  6x1.5L","p":2.1,"u":"0,23 €/L","img":"https://fd5-photos.leclercdrive.fr/image.ashx?id=2768667&use=l&cat=p&typeid=i","cat":284535},{"id":2742,"n":"Eau gazeuse San Pellegrino Minérale naturelle - 6x1L","p":3.77,"u":"0,63 €/L","img":"https://fd5-photos.leclercdrive.fr/image.ashx?id=2740316&use=l&cat=p&typeid=i","cat":284536},{"id":2743,"n":"Eau gazeuse  Badoit verte finement pétillante - 6x50cl","p":3.27,"u":"1,09 €/L","img":"https://fd5-photos.leclercdrive.fr/image.ashx?id=2983081&use=l&cat=p&typeid=i","cat":284536},{"id":2749,"n":"Lait entier Délisse UHT - Bouteille : 6x1L","p":7.74,"u":"1,29 €/L","img":"https://fd5-photos.leclercdrive.fr/image.ashx?id=2970569&use=l&cat=p&typeid=i","cat":285610},{"id":2750,"n":"Lait écrémé Délisse UHT - Bouteille : 6x1L","p":5.94,"u":"0,99 €/L","img":"https://fd5-photos.leclercdrive.fr/image.ashx?id=2970578&use=l&cat=p&typeid=i","cat":284949},{"id":2755,"n":"Lait demi-écrémé Lactel Vitamine D Bouteille - 6x1l","p":6.94,"u":"1,16 €/L","img":"https://fd5-photos.leclercdrive.fr/image.ashx?id=2889424&use=l&cat=p&typeid=i","cat":284377},{"id":2757,"n":"Lait Bio demi-écrémé Lactel  UHT Bouteille - 6x1l","p":9.12,"u":"1,52 €/L","img":"https://fd5-photos.leclercdrive.fr/image.ashx?id=2886918&use=l&cat=p&typeid=i","cat":284377},{"id":2758,"n":"Lait Matin Léger de Lactel Sans lactose 1.2% mg - 6x50cl","p":6.36,"u":"2,12 €/L","img":"https://fd5-photos.leclercdrive.fr/image.ashx?id=2883564&use=l&cat=p&typeid=i","cat":317169},{"id":2759,"n":"Lait Matin Léger de Lactel Sans lactose 1.2% mg - 6x1L","p":9.24,"u":"1,54 €/L","img":"https://fd5-photos.leclercdrive.fr/image.ashx?id=2883125&use=l&cat=p&typeid=i","cat":317169},{"id":2760,"n":"Lait vitaminé Viva Candia  1%MG Brique - 6x1L","p":6.24,"u":"1,04 €/L","img":"https://fd5-photos.leclercdrive.fr/image.ashx?id=2891511&use=l&cat=p&typeid=i","cat":317169},{"id":2776,"n":"Crème Mains Réparatrice Mixa Mains abîmées - 100ml","p":2.14,"u":"21,40 €/L","img":"https://fd5-photos.leclercdrive.fr/image.ashx?id=2276024&use=l&cat=p&typeid=i","cat":325354},{"id":2777,"n":"Crème mains protectrice Mixa Anti-dessèchement - 100ml","p":2.36,"u":"23,60 €/L","img":"https://fd5-photos.leclercdrive.fr/image.ashx?id=2299873&use=l&cat=p&typeid=i","cat":325354},{"id":2779,"n":"Whisky William Lawson's Finest Blend 40° - 70cl","p":12.48,"u":"17,83 €/L","img":"https://fd5-photos.leclercdrive.fr/image.ashx?id=2848340&use=l&cat=p&typeid=i","cat":284547},{"id":2799,"n":"Fromage frais Délisse Fruits panachés - 24x50g","p":2.88,"u":"2,40 €/KG","img":"https://fd5-photos.leclercdrive.fr/image.ashx?id=2922494&use=l&cat=p&typeid=i","cat":284414},{"id":2813,"n":"Pizza Chèvre Turini Cuite au feu de bois - 420g","p":2.21,"u":"5,26 €/KG","img":"https://fd5-photos.leclercdrive.fr/image.ashx?id=2815214&use=l&cat=p&typeid=i","cat":284256},{"id":2814,"n":"Pizza 4 fromages Turini Cuite au feu de bois - 420g","p":2.23,"u":"5,31 €/KG","img":"https://fd5-photos.leclercdrive.fr/image.ashx?id=2815211&use=l&cat=p&typeid=i","cat":284256},{"id":2825,"n":"Lentilles précuites Lunor 500g","p":1.86,"u":"3,72 €/KG","img":"https://fd5-photos.leclercdrive.fr/image.ashx?id=2197660&use=l&cat=p&typeid=i","cat":284352},{"id":2845,"n":"Glace Cône Nestlé Extrême Rhum raisins x6 - 426g","p":3.44,"u":"8,08 €/KG","img":"https://fd5-photos.leclercdrive.fr/image.ashx?id=2729848&use=l&cat=p&typeid=i","cat":284264},{"id":2866,"n":"Pomme Granny Smith  6p","p":3.03,"u":"0,51 €/P","img":"https://fd5-photos.leclercdrive.fr/image.ashx?id=1628328&use=l&cat=p&typeid=i","cat":284356},{"id":2868,"n":"Légumes pour pot au feu  1kg","p":3.66,"u":"3,66 €/KG","img":"https://fd5-photos.leclercdrive.fr/image.ashx?id=615314&use=l&cat=p&typeid=i","cat":284352},{"id":2872,"n":"Poireau Botte 1kg","p":2.64,"u":"2,64 €/KG","img":"https://fd5-photos.leclercdrive.fr/image.ashx?id=1633169&use=l&cat=p&typeid=i","cat":284352},{"id":2873,"n":"Mélange de poivrons doux  500g","p":4.43,"u":"8,86 €/KG","img":"https://fd5-photos.leclercdrive.fr/image.ashx?id=1633178&use=l&cat=p&typeid=i","cat":284352},{"id":2875,"n":"Pains aux raisins  4x1P","p":4.2,"u":"1,05 €/P","img":"https://fd5-photos.leclercdrive.fr/image.ashx?id=557978&use=l&cat=p&typeid=i","cat":284984},{"id":2877,"n":"Chaussons aux pommes  4x1 p","p":4.2,"u":"1,05 €/P","img":"https://fd5-photos.leclercdrive.fr/image.ashx?id=2071013&use=l&cat=p&typeid=i","cat":284984},{"id":2879,"n":"Viande bovine 2x entrecôte *** à griller - 400g","p":15.05,"u":"37,63 €/KG","img":"https://fd5-photos.leclercdrive.fr/image.ashx?id=1495737&use=l&cat=p&typeid=i","cat":284328},{"id":2905,"n":"Steak haché Charal 5%mg - 400g","p":9.75,"u":"24,38 €/KG","img":"https://fd5-photos.leclercdrive.fr/image.ashx?id=1889171&use=l&cat=p&typeid=i","cat":284332},{"id":2906,"n":"Steak haché Charal 15%MG - 400g","p":7.3,"u":"18,25 €/KG","img":"https://fd5-photos.leclercdrive.fr/image.ashx?id=1889177&use=l&cat=p&typeid=i","cat":284332},{"id":2929,"n":"Biscuits raisins GERBLE   - 4x4, 270g","p":1.88,"u":"6,96 €/KG","img":"https://fd5-photos.leclercdrive.fr/image.ashx?id=2662298&use=l&cat=p&typeid=i","cat":318651},{"id":2930,"n":"Biscuits pomme noisette GERBLE   4x4 - 230g","p":1.38,"u":"6,00 €/KG","img":"https://fd5-photos.leclercdrive.fr/image.ashx?id=2967753&use=l&cat=p&typeid=i","cat":318651},{"id":2932,"n":"Biscuit miel sésame GERBLE  - 6x3,  162g","p":2.36,"u":"14,57 €/KG","img":"https://fd5-photos.leclercdrive.fr/image.ashx?id=2662277&use=l&cat=p&typeid=i","cat":318651},{"id":2933,"n":"Germe de blé Gerblé 250g","p":1.88,"u":"7,52 €/KG","img":"https://fd5-photos.leclercdrive.fr/image.ashx?id=2575060&use=l&cat=p&typeid=i","cat":288382},{"id":2934,"n":"Barres Amande GERBLE   - 6 sachets 150g","p":2.42,"u":"16,13 €/KG","img":"https://fd5-photos.leclercdrive.fr/image.ashx?id=2664088&use=l&cat=p&typeid=i","cat":318652},{"id":2935,"n":"Biscuits écorce confite GERBLE   - 4x5,  360g","p":1.48,"u":"4,11 €/KG","img":"https://fd5-photos.leclercdrive.fr/image.ashx?id=2662907&use=l&cat=p&typeid=i","cat":318651},{"id":2937,"n":"Biscuits goûter chocolat GERBLE  - 3x4,  250g","p":1.58,"u":"6,32 €/KG","img":"https://fd5-photos.leclercdrive.fr/image.ashx?id=2625181&use=l&cat=p&typeid=i","cat":318651},{"id":2938,"n":"Biscuits germe de blé GERBLE   - 5x5, 210g","p":1.24,"u":"5,90 €/KG","img":"https://fd5-photos.leclercdrive.fr/image.ashx?id=2573540&use=l&cat=p&typeid=i","cat":318651},{"id":2950,"n":"Biscuits lait chocolat GERBLE   - 5x4, 230g","p":1.59,"u":"6,91 €/KG","img":"https://fd5-photos.leclercdrive.fr/image.ashx?id=2575030&use=l&cat=p&typeid=i","cat":318651},{"id":2951,"n":"Biscuit chocolat GERLINEA  Encas minceur - 4x4, 200g","p":1.96,"u":"9,80 €/KG","img":"https://fd5-photos.leclercdrive.fr/image.ashx?id=2654770&use=l&cat=p&typeid=i","cat":318652},{"id":2968,"n":"Tablette chocolat Milka Chocolat lait/caramel - 2x100g","p":3.28,"u":"16,40 €/KG","img":"https://fd5-photos.leclercdrive.fr/image.ashx?id=3009146&use=l&cat=p&typeid=i","cat":284497},{"id":2969,"n":"Sticks et bretzels Tokapi 300g","p":1.2,"u":"4,00 €/KG","img":"https://fd5-photos.leclercdrive.fr/image.ashx?id=2431104&use=l&cat=p&typeid=i","cat":297000},{"id":2971,"n":"Chips ondulées Pom'Lisse  Nature - 150g","p":0.93,"u":"6,20 €/KG","img":"https://fd5-photos.leclercdrive.fr/image.ashx?id=2657196&use=l&cat=p&typeid=i","cat":284447},{"id":2973,"n":"Chips Pom'Lisse Barbecue - 135g","p":0.89,"u":"6,59 €/KG","img":"https://fd5-photos.leclercdrive.fr/image.ashx?id=2774046&use=l&cat=p&typeid=i","cat":284447},{"id":2975,"n":"Huile arachide Lesieur 1L","p":4.0,"u":"4,00 €/L","img":"https://fd5-photos.leclercdrive.fr/image.ashx?id=2916845&use=l&cat=p&typeid=i","cat":284453},{"id":2988,"n":"Dessert fruits mixés Sojasun Framboise / Passion - 4x100g","p":1.53,"u":"3,83 €/KG","img":"https://fd5-photos.leclercdrive.fr/image.ashx?id=2355671&use=l&cat=p&typeid=i","cat":316071},{"id":3000,"n":"Oeufs frais plein air Bio Bio Village - x6","p":2.09,"u":"0,35 €/P","img":"https://fd5-photos.leclercdrive.fr/image.ashx?id=1520951&use=l&cat=p&typeid=i","cat":284378},{"id":3001,"n":"Boisson soja Sojasun nature 1l","p":1.51,"u":"1,51 €/L","img":"https://fd5-photos.leclercdrive.fr/image.ashx?id=2472867&use=l&cat=p&typeid=i","cat":316067},{"id":3010,"n":"Sauce Mexicaine Tables du Monde Hot - 315g","p":1.49,"u":"4,73 €/KG","img":"https://fd5-photos.leclercdrive.fr/image.ashx?id=2476960&use=l&cat=p&typeid=i","cat":288993},{"id":3011,"n":"Sauce Mexicaine Tables du Monde Medium - 315g","p":1.49,"u":"4,73 €/KG","img":"https://fd5-photos.leclercdrive.fr/image.ashx?id=2476963&use=l&cat=p&typeid=i","cat":288993},{"id":3012,"n":"Sauce Fajitas Tables du Monde 430g","p":1.97,"u":"4,58 €/KG","img":"https://fd5-photos.leclercdrive.fr/image.ashx?id=2470228&use=l&cat=p&typeid=i","cat":288993},{"id":3013,"n":"Pain de mie 7 céréales Epi d'Or Grandes tranches - 550g","p":1.19,"u":"2,16 €/KG","img":"https://fd5-photos.leclercdrive.fr/image.ashx?id=1959532&use=l&cat=p&typeid=i","cat":284477},{"id":3014,"n":"Brioche tressée Epi d'Or Pépites de chocolat - 600g","p":2.36,"u":"3,93 €/KG","img":"https://fd5-photos.leclercdrive.fr/image.ashx?id=2867898&use=l&cat=p&typeid=i","cat":284478},{"id":3028,"n":"Brioche tranchée Epi d'Or Pépites de chocolat 500g","p":2.09,"u":"4,18 €/KG","img":"https://fd5-photos.leclercdrive.fr/image.ashx?id=2867901&use=l&cat=p&typeid=i","cat":284478},{"id":3033,"n":"Pâtes fraîches Turini Fettuccini - 350g","p":1.49,"u":"4,26 €/KG","img":"https://fd5-photos.leclercdrive.fr/image.ashx?id=2882313&use=l&cat=p&typeid=i","cat":333682},{"id":3034,"n":"Fromage Parmesan Parmareggio 60g","p":1.35,"u":"22,50 €/KG","img":"https://fd5-photos.leclercdrive.fr/image.ashx?id=2975458&use=l&cat=p&typeid=i","cat":314035},{"id":3040,"n":"Beurre moulé bio Bio Village Doux - 82% MG - 250g","p":2.99,"u":"11,96 €/KG","img":"https://fd5-photos.leclercdrive.fr/image.ashx?id=2437052&use=l&cat=p&typeid=i","cat":284379},{"id":3041,"n":"Beurre moulé bio Bio Village Demi-sel - 80% MG - 250g","p":2.99,"u":"11,96 €/KG","img":"https://fd5-photos.leclercdrive.fr/image.ashx?id=2437055&use=l&cat=p&typeid=i","cat":284379},{"id":3044,"n":"Crème Anglaise Elle&Vire à la Vanille de Bourbon - 33cl","p":2.05,"u":"6,21 €/L","img":"https://fd5-photos.leclercdrive.fr/image.ashx?id=2816895&use=l&cat=p&typeid=i","cat":284382},{"id":3052,"n":"Dentifrice Menthe Fluoryl Gencives Sensibles - 75ml","p":1.9,"u":"25,33 €/L","img":"https://fd5-photos.leclercdrive.fr/image.ashx?id=2473312&use=l&cat=p&typeid=i","cat":284612},{"id":3055,"n":"Gel à raser féminin Siliss Velours abricot - 200ml","p":1.69,"u":"8,45 €/L","img":"https://fd5-photos.leclercdrive.fr/image.ashx?id=2699408&use=l&cat=p&typeid=i","cat":325352},{"id":3066,"n":"Tampons Doulys avec applicateur Normal - x24","p":2.46,"u":"0,10 €/P","img":"https://fd5-photos.leclercdrive.fr/image.ashx?id=2965452&use=l&cat=p&typeid=i","cat":284626},{"id":3070,"n":"Serviette hygiénique Doulys Ultra - Normal+  - x14","p":1.29,"u":"0,09 €/P","img":"https://fd5-photos.leclercdrive.fr/image.ashx?id=2838915&use=l&cat=p&typeid=i","cat":284624},{"id":3072,"n":"Serviette hygiénique Doulys Maxi confort - Super - x16","p":1.45,"u":"0,09 €/P","img":"https://fd5-photos.leclercdrive.fr/image.ashx?id=2838912&use=l&cat=p&typeid=i","cat":284624},{"id":3089,"n":"Sauce Béchamel Elle&Vire au Lait Entier - 33cl","p":1.81,"u":"5,48 €/L","img":"https://fd5-photos.leclercdrive.fr/image.ashx?id=2835992&use=l&cat=p&typeid=i","cat":284382},{"id":3091,"n":"Cordons bleus Maître coq Poulet - 1kg","p":7.5,"u":"7,50 €/KG","img":"https://fd5-photos.leclercdrive.fr/image.ashx?id=2762103&use=l&cat=p&typeid=i","cat":333683},{"id":3093,"n":"Cake fruits P'tit déli Tranché 300g","p":1.66,"u":"5,53 €/KG","img":"https://fd5-photos.leclercdrive.fr/image.ashx?id=2823078&use=l&cat=p&typeid=i","cat":284493},{"id":3099,"n":"Mini cakes P'tit Déli  aux fruits x10","p":2.98,"u":"9,93 €/KG","img":"https://fd5-photos.leclercdrive.fr/image.ashx?id=2047019&use=l&cat=p&typeid=i","cat":284493},{"id":3101,"n":"Biscuits fourrés Chamonix LU Orange - 250g","p":1.47,"u":"5,88 €/KG","img":"https://fd5-photos.leclercdrive.fr/image.ashx?id=2982982&use=l&cat=p&typeid=i","cat":284489},{"id":3104,"n":"Sablés P'tit Déli Fourrés Figue x16 - 165g","p":1.09,"u":"6,61 €/KG","img":"https://fd5-photos.leclercdrive.fr/image.ashx?id=2753372&use=l&cat=p&typeid=i","cat":284489},{"id":3106,"n":"Biscuits Cookies P'tit Déli Noix coco Chocolat - 200g","p":1.39,"u":"6,95 €/KG","img":"https://fd5-photos.leclercdrive.fr/image.ashx?id=2896853&use=l&cat=p&typeid=i","cat":325066},{"id":3107,"n":"Biscuits petit beurre LU Pocket - 300g","p":1.86,"u":"6,20 €/KG","img":"https://fd5-photos.leclercdrive.fr/image.ashx?id=3001940&use=l&cat=p&typeid=i","cat":284487},{"id":3108,"n":"Biscuits petit déjeuner Prince Céréales - 300g","p":1.82,"u":"6,07 €/KG","img":"https://fd5-photos.leclercdrive.fr/image.ashx?id=2346648&use=l&cat=p&typeid=i","cat":284491},{"id":3123,"n":"Plat bébé Blédina 8 mois  Pomme de terre poulet - 2x200g","p":2.29,"u":"5,73 €/KG","img":"https://fd5-photos.leclercdrive.fr/image.ashx?id=2975056&use=l&cat=p&typeid=i","cat":312236},{"id":3142,"n":"Café et Chicorée Soluble Ricoré  Original - 100g","p":2.66,"u":"26,60 €/KG","img":"https://fd5-photos.leclercdrive.fr/image.ashx?id=2951542&use=l&cat=p&typeid=i","cat":284843},{"id":3144,"n":"Chocolat Tablette d'Or noir Extra 47% cacao 3x100g","p":2.77,"u":"9,23 €/KG","img":"https://fd5-photos.leclercdrive.fr/image.ashx?id=2982889&use=l&cat=p&typeid=i","cat":284956},{"id":3147,"n":"Madeleines P'tit déli coquilles 500g","p":1.7,"u":"3,40 €/KG","img":"https://fd5-photos.leclercdrive.fr/image.ashx?id=2999484&use=l&cat=p&typeid=i","cat":284492},{"id":3148,"n":"Madeleines longues P'tit déli Marbrées chocolat 250g","p":1.45,"u":"5,80 €/KG","img":"https://fd5-photos.leclercdrive.fr/image.ashx?id=2999490&use=l&cat=p&typeid=i","cat":284492},{"id":3151,"n":"Café moulu Plantation  Tradition - 250g","p":2.52,"u":"10,08 €/KG","img":"https://fd5-photos.leclercdrive.fr/image.ashx?id=2607401&use=l&cat=p&typeid=i","cat":284750},{"id":3152,"n":"Café Plantation  Kenya - 250g","p":3.92,"u":"15,68 €/KG","img":"https://fd5-photos.leclercdrive.fr/image.ashx?id=2607431&use=l&cat=p&typeid=i","cat":284750},{"id":3153,"n":"Café moulu Plantation  Tradition décaféiné - 250g","p":2.95,"u":"11,80 €/KG","img":"https://fd5-photos.leclercdrive.fr/image.ashx?id=2607407&use=l&cat=p&typeid=i","cat":284750},{"id":3158,"n":"Café moulu Plantation  doux - 2x250g","p":6.88,"u":"13,76 €/KG","img":"https://fd5-photos.leclercdrive.fr/image.ashx?id=2607428&use=l&cat=p&typeid=i","cat":284750},{"id":3166,"n":"Dessert fruitier pomme Douceur du Verger 16x100g","p":2.8,"u":"1,75 €/KG","img":"https://fd5-photos.leclercdrive.fr/image.ashx?id=798031&use=l&cat=p&typeid=i","cat":284416},{"id":3168,"n":"Porc au caramel Riz parfumé Marie à la sauce nuoc-mâm -300g","p":4.18,"u":"13,93 €/KG","img":"https://fd5-photos.leclercdrive.fr/image.ashx?id=2317864&use=l&cat=p&typeid=i","cat":333665},{"id":3169,"n":"Tortellini iTurini Ricotta épinard - 300g","p":1.48,"u":"4,93 €/KG","img":"https://fd5-photos.leclercdrive.fr/image.ashx?id=2869266&use=l&cat=p&typeid=i","cat":333682},{"id":3171,"n":"Tortellini Turini Jambon cru - 250g","p":1.96,"u":"7,84 €/KG","img":"https://fd5-photos.leclercdrive.fr/image.ashx?id=2778039&use=l&cat=p&typeid=i","cat":333682},{"id":3186,"n":"Liquide vaisselle Visior citron 1,5L","p":2.15,"u":"1,43 €/L","img":"https://fd5-photos.leclercdrive.fr/image.ashx?id=2930852&use=l&cat=p&typeid=i","cat":284655},{"id":3192,"n":"Détachant sans javel Textil 2L","p":3.19,"u":"1,60 €/L","img":"https://fd5-photos.leclercdrive.fr/image.ashx?id=2988036&use=l&cat=p&typeid=i","cat":284651},{"id":3193,"n":"Aérosol désodorisant Oust Fraîcheur propre 300ml","p":2.05,"u":"6,83 €/L","img":"https://fd5-photos.leclercdrive.fr/image.ashx?id=1715230&use=l&cat=p&typeid=i","cat":311626},{"id":3195,"n":"Coton Primoplast prédécoupé 100g","p":0.98,"u":"9,80 €/KG","img":"https://fd5-photos.leclercdrive.fr/image.ashx?id=2856453&use=l&cat=p&typeid=i","cat":284630},{"id":3200,"n":"Petits pains grillés Epi d'Or  Froment - 225g","p":0.79,"u":"3,51 €/KG","img":"https://fd5-photos.leclercdrive.fr/image.ashx?id=2496410&use=l&cat=p&typeid=i","cat":284479},{"id":3208,"n":"Confiture Allégée aux Fraises Andros - 350g","p":1.53,"u":"4,37 €/KG","img":"https://fd5-photos.leclercdrive.fr/image.ashx?id=2911229&use=l&cat=p&typeid=i","cat":284480},{"id":3212,"n":"Farine pour pain Francine Multi-céréales - 1,5kg","p":2.32,"u":"1,55 €/KG","img":"https://fd5-photos.leclercdrive.fr/image.ashx?id=2220611&use=l&cat=p&typeid=i","cat":284503},{"id":3215,"n":"Riz long Comptoir du Grain Etuvé - 1kg","p":1.72,"u":"1,72 €/KG","img":"https://fd5-photos.leclercdrive.fr/image.ashx?id=2076640&use=l&cat=p&typeid=i","cat":284428},{"id":3217,"n":"Riz Basmati Comptoir du Grain Sélection Riz long - 500g","p":1.35,"u":"2,70 €/KG","img":"https://fd5-photos.leclercdrive.fr/image.ashx?id=2076643&use=l&cat=p&typeid=i","cat":284428},{"id":3220,"n":"Céréales Tipiak - Blé Maïs Soja Prêt en 4 min - 400g","p":1.38,"u":"3,45 €/KG","img":"https://fd5-photos.leclercdrive.fr/image.ashx?id=2989144&use=l&cat=p&typeid=i","cat":284429},{"id":3221,"n":"Purée pomme de terre Pom'lisse Nature - 8x125g - 1kg","p":3.19,"u":"3,19 €/KG","img":"https://fd5-photos.leclercdrive.fr/image.ashx?id=2954573&use=l&cat=p&typeid=i","cat":284431},{"id":3223,"n":"Pâtes capellini Panzani 500g","p":1.12,"u":"2,24 €/KG","img":"https://fd5-photos.leclercdrive.fr/image.ashx?id=2876038&use=l&cat=p&typeid=i","cat":284427},{"id":3224,"n":"Pâtes Barilla Spaghetti n°5 - 1kg","p":1.74,"u":"1,74 €/KG","img":"https://fd5-photos.leclercdrive.fr/image.ashx?id=2481182&use=l&cat=p&typeid=i","cat":284427},{"id":3225,"n":"Pâtes Lasagnes Panzani - 500G","p":1.63,"u":"3,26 €/KG","img":"https://fd5-photos.leclercdrive.fr/image.ashx?id=2896105&use=l&cat=p&typeid=i","cat":284427},{"id":3226,"n":"Pâtes cannelloni Panzani  A farcir - 250g","p":1.18,"u":"4,72 €/KG","img":"https://fd5-photos.leclercdrive.fr/image.ashx?id=2896108&use=l&cat=p&typeid=i","cat":284427},{"id":3233,"n":"Haricots verts Notre Jardin Extra fins - 220g","p":1.89,"u":"8,59 €/KG","img":"https://fd5-photos.leclercdrive.fr/image.ashx?id=2050621&use=l&cat=p&typeid=i","cat":312606},{"id":3239,"n":"Biscuit Petit beurre P'tit Déli Tablette chocolat noir - 150g","p":1.37,"u":"9,13 €/KG","img":"https://fd5-photos.leclercdrive.fr/image.ashx?id=2949170&use=l&cat=p&typeid=i","cat":284488},{"id":3240,"n":"Biscuit Petit beurre P'tit Déli Tablette lait noisette - 150g","p":1.61,"u":"10,73 €/KG","img":"https://fd5-photos.leclercdrive.fr/image.ashx?id=2523673&use=l&cat=p&typeid=i","cat":284488},{"id":3253,"n":"Escargots Maître Coquille De Bourgogne x48 - 355g","p":12.99,"u":"36,59 €/KG","img":"https://fd5-photos.leclercdrive.fr/image.ashx?id=2977132&use=l&cat=p&typeid=i","cat":319775},{"id":3255,"n":"Bûche glacée Eskiss Fruits exotiques - 570g","p":5.09,"u":"8,93 €/KG","img":"https://fd5-photos.leclercdrive.fr/image.ashx?id=2791260&use=l&cat=p&typeid=i","cat":284266},{"id":3256,"n":"Bûche glacée Eskiss Crème brulée - 527g","p":4.68,"u":"8,88 €/KG","img":"https://fd5-photos.leclercdrive.fr/image.ashx?id=2791257&use=l&cat=p&typeid=i","cat":284266},{"id":3257,"n":"Bûche glacée Eskiss 3 chocolats - 536g","p":5.36,"u":"10,00 €/KG","img":"https://fd5-photos.leclercdrive.fr/image.ashx?id=2791254&use=l&cat=p&typeid=i","cat":284266},{"id":3258,"n":"Champignons Paris Notre Jardin Pieds et morceaux - 460g","p":2.29,"u":"4,98 €/KG","img":"https://fd5-photos.leclercdrive.fr/image.ashx?id=2553893&use=l&cat=p&typeid=i","cat":312610},{"id":3260,"n":"Noix de Saint Jacques NRT de la baie de St-Brieuc - 300g","p":14.99,"u":"49,97 €/KG","img":"https://fd5-photos.leclercdrive.fr/image.ashx?id=2801064&use=l&cat=p&typeid=i","cat":319787},{"id":3262,"n":"Carottes Notre Jardin Extra-fines - 530g","p":1.69,"u":"3,19 €/KG","img":"https://fd5-photos.leclercdrive.fr/image.ashx?id=1993550&use=l&cat=p&typeid=i","cat":312607},{"id":3263,"n":"Champignons Paris Notre Jardin Entiers - 460g","p":2.69,"u":"5,85 €/KG","img":"https://fd5-photos.leclercdrive.fr/image.ashx?id=2553887&use=l&cat=p&typeid=i","cat":312610},{"id":3269,"n":"Coeurs de palmiers Notre Jardin Extra tendres - 220g","p":2.27,"u":"10,32 €/KG","img":"https://fd5-photos.leclercdrive.fr/image.ashx?id=2072701&use=l&cat=p&typeid=i","cat":312611},{"id":3270,"n":"Coeurs de palmiers Notre Jardin Extra tendres - 250g","p":4.74,"u":"18,96 €/KG","img":"https://fd5-photos.leclercdrive.fr/image.ashx?id=2599137&use=l&cat=p&typeid=i","cat":312611},{"id":3271,"n":"Maïs Notre Jardin Tendre - 3x140g","p":1.89,"u":"4,50 €/KG","img":"https://fd5-photos.leclercdrive.fr/image.ashx?id=2074653&use=l&cat=p&typeid=i","cat":312611},{"id":3272,"n":"Asperges blanches grosses Notre Jardin - 320g","p":3.49,"u":"10,91 €/KG","img":"https://fd5-photos.leclercdrive.fr/image.ashx?id=2049016&use=l&cat=p&typeid=i","cat":312611},{"id":3273,"n":"Sardines tomate Pêche Océan 3x69g","p":2.49,"u":"12,03 €/KG","img":"https://fd5-photos.leclercdrive.fr/image.ashx?id=2659076&use=l&cat=p&typeid=i","cat":305146},{"id":3277,"n":"Chips à l'ancienne Pom'lisse Nature - 6x30g","p":1.58,"u":"8,78 €/KG","img":"https://fd5-photos.leclercdrive.fr/image.ashx?id=2657193&use=l&cat=p&typeid=i","cat":284447},{"id":3282,"n":"Moutarde Amora Mi-forte - 230g Divers coloris","p":1.95,"u":"8,48 €/KG","img":"https://fd5-photos.leclercdrive.fr/image.ashx?id=2504473&use=l&cat=p&typeid=i","cat":288850},{"id":3285,"n":"Vinaigre balsamique Rustica 50cl","p":1.57,"u":"3,14 €/L","img":"https://fd5-photos.leclercdrive.fr/image.ashx?id=2765701&use=l&cat=p&typeid=i","cat":298543},{"id":3288,"n":"Chocolats fourrés Mon Chéri  x35 - 368g","p":11.11,"u":"30,19 €/KG","img":"https://fd5-photos.leclercdrive.fr/image.ashx?id=2945002&use=l&cat=p&typeid=i","cat":327601},{"id":3292,"n":"Tomates pelées Notre Jardin Entières - 238g","p":0.85,"u":"3,57 €/KG","img":"https://fd5-photos.leclercdrive.fr/image.ashx?id=2190002&use=l&cat=p&typeid=i","cat":312608},{"id":3305,"n":"Sauce Provençale Turini 420g","p":0.97,"u":"2,31 €/KG","img":"https://fd5-photos.leclercdrive.fr/image.ashx?id=2047010&use=l&cat=p&typeid=i","cat":287599},{"id":3307,"n":"Cidre bouché Les Goelleries Normand brut 5.5%vol. - 75cl","p":1.79,"u":"2,39 €/L","img":"https://fd5-photos.leclercdrive.fr/image.ashx?id=2842196&use=l&cat=p&typeid=i","cat":334880},{"id":3308,"n":"Pur jus de carotte Jafaden - 1L","p":2.29,"u":"2,29 €/L","img":"https://fd5-photos.leclercdrive.fr/image.ashx?id=2860712&use=l&cat=p&typeid=i","cat":284523},{"id":3309,"n":"Pur jus de pomme Jafaden 1L","p":1.34,"u":"1,34 €/L","img":"https://fd5-photos.leclercdrive.fr/image.ashx?id=2955632&use=l&cat=p&typeid=i","cat":284522},{"id":3310,"n":"Pur jus de pomme Bio Village Bio - 1L","p":1.49,"u":"1,49 €/L","img":"https://fd5-photos.leclercdrive.fr/image.ashx?id=2901527&use=l&cat=p&typeid=i","cat":284522},{"id":3311,"n":"Thé glacé Fresh Tea Pêche - 1,5L","p":1.25,"u":"0,83 €/L","img":"https://fd5-photos.leclercdrive.fr/image.ashx?id=2622242&use=l&cat=p&typeid=i","cat":295019},{"id":3316,"n":"Sirop Frucci Grenadine - 1L","p":2.76,"u":"2,76 €/L","img":"https://fd5-photos.leclercdrive.fr/image.ashx?id=2954073&use=l&cat=p&typeid=i","cat":295020},{"id":3320,"n":"Bonbons Werther's Original Mini 42g","p":1.61,"u":"38,33 €/KG","img":"https://fd5-photos.leclercdrive.fr/image.ashx?id=2660167&use=l&cat=p&typeid=i","cat":304252},{"id":3324,"n":"Dentifrice Vademecum Blancheur & plantes 75ml","p":1.54,"u":"20,53 €/L","img":"https://fd5-photos.leclercdrive.fr/image.ashx?id=2438225&use=l&cat=p&typeid=i","cat":284612},{"id":3325,"n":"Dentifrice Vademecum Fluor et plantes 75ml","p":1.53,"u":"20,40 €/L","img":"https://fd5-photos.leclercdrive.fr/image.ashx?id=2438228&use=l&cat=p&typeid=i","cat":284612},{"id":3338,"n":"Protège-slips Doulys Mince - Plié - x30","p":1.25,"u":"0,04 €/P","img":"https://fd5-photos.leclercdrive.fr/image.ashx?id=2824129&use=l&cat=p&typeid=i","cat":284625},{"id":3341,"n":"AOC Vin doux Muscat Dauré  rivesaltes 15.5%vol - 75 cl","p":6.43,"u":"8,57 €/L","img":"https://fd5-photos.leclercdrive.fr/image.ashx?id=2865680&use=l&cat=p&typeid=i","cat":284913},{"id":3343,"n":"Vodka Poliakov 37.5%vol - 70cl","p":11.09,"u":"15,84 €/L","img":"https://fd5-photos.leclercdrive.fr/image.ashx?id=2810759&use=l&cat=p&typeid=i","cat":284550},{"id":3344,"n":"Nectar Jafaden Banane - 1L","p":2.09,"u":"2,09 €/L","img":"https://fd5-photos.leclercdrive.fr/image.ashx?id=2955701&use=l&cat=p&typeid=i","cat":284915},{"id":3345,"n":"Nectar Jafaden Poire - 1L","p":2.49,"u":"2,49 €/L","img":"https://fd5-photos.leclercdrive.fr/image.ashx?id=2955695&use=l&cat=p&typeid=i","cat":284915},{"id":3355,"n":"World Mix Haribo Sachet bonbons - 500g","p":3.0,"u":"6,00 €/KG","img":"https://fd5-photos.leclercdrive.fr/image.ashx?id=2805207&use=l&cat=p&typeid=i","cat":304250},{"id":3356,"n":"Banan's Haribo Sachet bonbons - 300g","p":1.44,"u":"4,80 €/KG","img":"https://fd5-photos.leclercdrive.fr/image.ashx?id=1739936&use=l&cat=p&typeid=i","cat":304250},{"id":3359,"n":"Compote Andros Pomme 750g","p":1.52,"u":"2,03 €/KG","img":"https://fd5-photos.leclercdrive.fr/image.ashx?id=2327716&use=l&cat=p&typeid=i","cat":284508},{"id":3361,"n":"Pâtée chats Gourmet gold Mousselines 4x85g","p":1.87,"u":"5,50 €/KG","img":"https://fd5-photos.leclercdrive.fr/image.ashx?id=2711103&use=l&cat=p&typeid=i","cat":285286},{"id":3364,"n":"Huile de douche Manava Bien être oriental 250ml","p":1.16,"u":"4,64 €/L","img":"https://fd5-photos.leclercdrive.fr/image.ashx?id=2809659&use=l&cat=p&typeid=i","cat":284594},{"id":3365,"n":"Gel douche et shampooing Carré Homme Dynamisante - 250ml","p":1.15,"u":"4,60 €/L","img":"https://fd5-photos.leclercdrive.fr/image.ashx?id=2910329&use=l&cat=p&typeid=i","cat":284619},{"id":3371,"n":"Kit Fajitas Tables du Monde 505g","p":2.79,"u":"5,52 €/KG","img":"https://fd5-photos.leclercdrive.fr/image.ashx?id=2679726&use=l&cat=p&typeid=i","cat":288993},{"id":3372,"n":"Terrines Tous Mes Amis Pour chats  3 saveurs - 3x400g","p":3.29,"u":"2,74 €/KG","img":"https://fd5-photos.leclercdrive.fr/image.ashx?id=2865050&use=l&cat=p&typeid=i","cat":285601},{"id":3373,"n":"Tortillas Tables du Monde Galettes de blé x8 320g","p":1.71,"u":"5,34 €/KG","img":"https://fd5-photos.leclercdrive.fr/image.ashx?id=2679729&use=l&cat=p&typeid=i","cat":288993},{"id":3375,"n":"Lingettes bébé Mots d'Enfants Toilettes fruits rouges - x60","p":1.7,"u":"0,03 €/P","img":"https://fd5-photos.leclercdrive.fr/image.ashx?id=2856465&use=l&cat=p&typeid=i","cat":284738},{"id":3376,"n":"Café moulu Bio Village Bio  Pérou - 250g","p":4.21,"u":"16,84 €/KG","img":"https://fd5-photos.leclercdrive.fr/image.ashx?id=2552436&use=l&cat=p&typeid=i","cat":284750},{"id":3378,"n":"Litchis  500g","p":4.99,"u":"9,98 €/KG","img":"https://fd5-photos.leclercdrive.fr/image.ashx?id=1636365&use=l&cat=p&typeid=i","cat":284356},{"id":3387,"n":"Gel à raser Carré Homme Vitaminé protecteur 200ml","p":1.89,"u":"9,45 €/L","img":"https://fd5-photos.leclercdrive.fr/image.ashx?id=2704642&use=l&cat=p&typeid=i","cat":284617},{"id":3393,"n":"Dentifrice Protection Signal Caries 100ml","p":1.14,"u":"11,40 €/L","img":"https://fd5-photos.leclercdrive.fr/image.ashx?id=2961810&use=l&cat=p&typeid=i","cat":284612},{"id":3395,"n":"Dentifrice Dentamyl Aux plantes 75ml","p":0.94,"u":"12,53 €/L","img":"https://fd5-photos.leclercdrive.fr/image.ashx?id=2489104&use=l&cat=p&typeid=i","cat":284612},{"id":3396,"n":"Dentifrice Dentamyl Haleine fraîche 75ml","p":0.76,"u":"10,13 €/L","img":"https://fd5-photos.leclercdrive.fr/image.ashx?id=2489101&use=l&cat=p&typeid=i","cat":284612},{"id":3401,"n":"Serviette hygiénique Doulys Maxi - Spécial nuit - x12","p":0.95,"u":"0,08 €/P","img":"https://fd5-photos.leclercdrive.fr/image.ashx?id=2838927&use=l&cat=p&typeid=i","cat":284624},{"id":3412,"n":"Soupe de poissons Régal Soupe 1L","p":2.69,"u":"2,69 €/L","img":"https://fd5-photos.leclercdrive.fr/image.ashx?id=2607410&use=l&cat=p&typeid=i","cat":287366},{"id":3413,"n":"Asperges blanches Notre Jardin Pointes - 110g","p":2.35,"u":"21,36 €/KG","img":"https://fd5-photos.leclercdrive.fr/image.ashx?id=2049022&use=l&cat=p&typeid=i","cat":312611},{"id":3414,"n":"Asperges vertes Moyennes Notre Jardin - 185g PNE","p":2.08,"u":"11,24 €/KG","img":"https://fd5-photos.leclercdrive.fr/image.ashx?id=2049025&use=l&cat=p&typeid=i","cat":312611},{"id":3416,"n":"Ratatouille Notre Jardin A la provençale - 750g","p":1.29,"u":"1,72 €/KG","img":"https://fd5-photos.leclercdrive.fr/image.ashx?id=2526291&use=l&cat=p&typeid=i","cat":312612},{"id":3421,"n":"Huile Fruit d'Or végétale 1L","p":3.3,"u":"3,30 €/L","img":"https://fd5-photos.leclercdrive.fr/image.ashx?id=2916854&use=l&cat=p&typeid=i","cat":284453},{"id":3424,"n":"Plat moussaka Côté table 850g","p":4.63,"u":"5,45 €/KG","img":"https://fd5-photos.leclercdrive.fr/image.ashx?id=2045175&use=l&cat=p&typeid=i","cat":284254},{"id":3428,"n":"Feuilletés paniers Côté Table St Jacques Fruits de mer 4x100g","p":4.45,"u":"11,13 €/KG","img":"https://fd5-photos.leclercdrive.fr/image.ashx?id=2549379&use=l&cat=p&typeid=i","cat":319776},{"id":3429,"n":"Lasagnes bolognaises Côté table 1kg","p":3.49,"u":"3,49 €/KG","img":"https://fd5-photos.leclercdrive.fr/image.ashx?id=2545628&use=l&cat=p&typeid=i","cat":284254},{"id":3441,"n":"AOP Freixenet Cava Cordon Negro Brut - 75cl","p":5.7,"u":"7,60 €/L","img":"https://fd5-photos.leclercdrive.fr/image.ashx?id=3011929&use=l&cat=p&typeid=i","cat":289461},{"id":3455,"n":"Saumon et torsades Côté Table  Sauce à l'oseille - 300g","p":2.59,"u":"8,63 €/KG","img":"https://fd5-photos.leclercdrive.fr/image.ashx?id=2809075&use=l&cat=p&typeid=i","cat":284953},{"id":3459,"n":"Petit Pois et Carottes Cassegrain 465g","p":2.51,"u":"5,40 €/KG","img":"https://fd5-photos.leclercdrive.fr/image.ashx?id=2912971&use=l&cat=p&typeid=i","cat":312607},{"id":3461,"n":"Maïs Bonduelle Sans Sucres Ajoutés 285g","p":0.91,"u":"3,19 €/KG","img":"https://fd5-photos.leclercdrive.fr/image.ashx?id=2955303&use=l&cat=p&typeid=i","cat":312611},{"id":3462,"n":"Pain précuit Epi d'Or Demi-baguette x2 - 300g","p":0.65,"u":"2,17 €/KG","img":"https://fd5-photos.leclercdrive.fr/image.ashx?id=2684814&use=l&cat=p&typeid=i","cat":325069},{"id":3476,"n":"Petits pots Hipp Bio risotto Dès 8 mois légumes 2x190g","p":2.2,"u":"5,79 €/KG","img":"https://fd5-photos.leclercdrive.fr/image.ashx?id=2924659&use=l&cat=p&typeid=i","cat":312236},{"id":3508,"n":"Protège-slips Nana Fraicheur Qutodienne - Plié - x32","p":1.35,"u":"0,04 €/P","img":"https://fd5-photos.leclercdrive.fr/image.ashx?id=2986891&use=l&cat=p&typeid=i","cat":284625},{"id":3517,"n":"Bonbons Haribo Réglisse Carensac - 250g","p":1.69,"u":"6,76 €/KG","img":"https://fd5-photos.leclercdrive.fr/image.ashx?id=2982405&use=l&cat=p&typeid=i","cat":304250},{"id":3520,"n":"Boîtes chiens Lydog Terrines Viande volaille - 4x405g","p":3.47,"u":"2,14 €/KG","img":"https://fd5-photos.leclercdrive.fr/image.ashx?id=2815746&use=l&cat=p&typeid=i","cat":288578},{"id":3525,"n":"Crêpes fourrées P'tit déli Chocolat x8 - 256g","p":1.65,"u":"6,45 €/KG","img":"https://fd5-photos.leclercdrive.fr/image.ashx?id=2656335&use=l&cat=p&typeid=i","cat":284494},{"id":3528,"n":"Gel arnica Mercurochrome 75ml","p":2.76,"u":"36,80 €/L","img":"https://fd5-photos.leclercdrive.fr/image.ashx?id=2663989&use=l&cat=p&typeid=i","cat":284630},{"id":3549,"n":"IGP Pays d'Oc rosé J.P. Chenet 12.5% vol - 75cl","p":2.86,"u":"3,81 €/L","img":"https://fd5-photos.leclercdrive.fr/image.ashx?id=2985108&use=l&cat=p&typeid=i","cat":289558},{"id":3550,"n":"AOP Côtes de Provence rosé Billette Bouquet - 75cl","p":6.37,"u":"8,49 €/L","img":"https://fd5-photos.leclercdrive.fr/image.ashx?id=2625433&use=l&cat=p&typeid=i","cat":289558},{"id":3553,"n":"Whisky Chivas Regal 12 ans Blended Scotch 40% vol - 70cl","p":28.9,"pp":26.01,"u":"37,16 €/L","img":"https://fd5-photos.leclercdrive.fr/image.ashx?id=2914444&use=l&cat=p&typeid=i","cat":284547},{"id":3558,"n":"IGP Pays d'Oc rouge J-P Chenet Cabernet-Syrah 13% vol - 75 cl","p":3.32,"u":"4,43 €/L","img":"https://fd5-photos.leclercdrive.fr/image.ashx?id=2810864&use=l&cat=p&typeid=i","cat":289556},{"id":3559,"n":"IGP Pays d'Oc rouge J-P Chenet Merlot HVE - 75 cl","p":3.44,"u":"4,59 €/L","img":"https://fd5-photos.leclercdrive.fr/image.ashx?id=2837157&use=l&cat=p&typeid=i","cat":289556},{"id":3560,"n":"AOC Champagne brut blanc Pol Carson - 1,5L","p":39.99,"u":"26,66 €/L","img":"https://fd5-photos.leclercdrive.fr/image.ashx?id=2909855&use=l&cat=p&typeid=i","cat":284542},{"id":3564,"n":"Vin de l'Union Européenne  La Villageoise - 6x25cl","p":4.43,"u":"2,95 €/L","img":"https://fd5-photos.leclercdrive.fr/image.ashx?id=2731651&use=l&cat=p&typeid=i","cat":289557},{"id":3570,"n":"Concentré à diluer Pulco Citron - 70cl","p":2.54,"u":"3,63 €/L","img":"https://fd5-photos.leclercdrive.fr/image.ashx?id=2687845&use=l&cat=p&typeid=i","cat":295020},{"id":3571,"n":"Nectar Jafaden Abricot - 1L","p":2.59,"u":"2,59 €/L","img":"https://fd5-photos.leclercdrive.fr/image.ashx?id=2955713&use=l&cat=p&typeid=i","cat":284915},{"id":3575,"n":"Litière chats Tous mes Amis Végétale - 10L","p":4.39,"u":"0,44 €/L","img":"https://fd5-photos.leclercdrive.fr/image.ashx?id=2055217&use=l&cat=p&typeid=i","cat":284683},{"id":3576,"n":"Litière chats Tous mes Amis Minérale - Hygiénique - 10L","p":4.65,"u":"0,47 €/L","img":"https://fd5-photos.leclercdrive.fr/image.ashx?id=2055211&use=l&cat=p&typeid=i","cat":284683},{"id":3580,"n":"Le Haricot vert Cueilli Main Bonduelle Extra Fin 280g","p":2.8,"u":"10,00 €/KG","img":"https://fd5-photos.leclercdrive.fr/image.ashx?id=2910019&use=l&cat=p&typeid=i","cat":312606},{"id":3584,"n":"Macédoine de Légumes Bonduelle 530g","p":1.45,"u":"2,74 €/KG","img":"https://fd5-photos.leclercdrive.fr/image.ashx?id=2939235&use=l&cat=p&typeid=i","cat":312612},{"id":3587,"n":"AOP Bordeaux rouge Blaissac - 75cl","p":4.48,"u":"5,97 €/L","img":"https://fd5-photos.leclercdrive.fr/image.ashx?id=2917429&use=l&cat=p&typeid=i","cat":289556},{"id":3588,"n":"IGP Pays d'Oc rouge Roche Mazet Cabernet Sauvignon 12.5% 75cl","p":3.15,"u":"4,20 €/L","img":"https://fd5-photos.leclercdrive.fr/image.ashx?id=2333000&use=l&cat=p&typeid=i","cat":289556},{"id":3589,"n":"IGP Pays d'Oc rouge Roche Mazet Merlot - 75cl","p":2.82,"u":"3,76 €/L","img":"https://fd5-photos.leclercdrive.fr/image.ashx?id=2332997&use=l&cat=p&typeid=i","cat":289556},{"id":3590,"n":"IGP Pays d'Oc rosé Roche Mazet Cinsault Grenache 12% vol 75cl","p":3.19,"u":"4,25 €/L","img":"https://fd5-photos.leclercdrive.fr/image.ashx?id=2341510&use=l&cat=p&typeid=i","cat":289558},{"id":3593,"n":"Vin d'Italie rouge pétillant Vilaveroni Lambrusco- 75cl","p":3.8,"u":"5,07 €/L","img":"https://fd5-photos.leclercdrive.fr/image.ashx?id=2333021&use=l&cat=p&typeid=i","cat":289556},{"id":3599,"n":"IGP Pays d'Oc rosé Listel Grain De gris 12.5% vol - 75cl","p":3.21,"u":"4,28 €/L","img":"https://fd5-photos.leclercdrive.fr/image.ashx?id=2556135&use=l&cat=p&typeid=i","cat":289558},{"id":3600,"n":"Miel Lune de Miel Tartimiel 250g","p":1.93,"u":"7,72 €/KG","img":"https://fd5-photos.leclercdrive.fr/image.ashx?id=2662610&use=l&cat=p&typeid=i","cat":287643},{"id":3604,"n":"Allume-feu Silex cubes x28 200g","p":1.11,"u":"5,55 €/KG","img":"https://fd5-photos.leclercdrive.fr/image.ashx?id=2558781&use=l&cat=p&typeid=i","cat":300578},{"id":3609,"n":"Petit Pois Cassegrain Tendres et Fondants 495g","p":2.65,"u":"5,35 €/KG","img":"https://fd5-photos.leclercdrive.fr/image.ashx?id=2912962&use=l&cat=p&typeid=i","cat":312607},{"id":3610,"n":"Petits pois Notre Jardin A l'étuvée -Extra fins - 3x140g","p":2.1,"u":"5,00 €/KG","img":"https://fd5-photos.leclercdrive.fr/image.ashx?id=2537343&use=l&cat=p&typeid=i","cat":312607},{"id":3617,"n":"Galettes de riz bio Bio Village Complet x17 - 130g","p":0.91,"u":"7,00 €/KG","img":"https://fd5-photos.leclercdrive.fr/image.ashx?id=2816151&use=l&cat=p&typeid=i","cat":318651},{"id":3621,"n":"Pansements Mercurochrome Ampoules x10","p":4.36,"img":"https://fd5-photos.leclercdrive.fr/image.ashx?id=2862143&use=l&cat=p&typeid=i","cat":284630},{"id":3622,"n":"Alcool modifié Mercurochrome 90° - 100ml","p":2.57,"u":"25,70 €/L","img":"https://fd5-photos.leclercdrive.fr/image.ashx?id=2663977&use=l&cat=p&typeid=i","cat":284630},{"id":3630,"n":"Filets colin Alaska Pêche océan 4 tranches - MSC - 400g","p":2.49,"u":"6,23 €/KG","img":"https://fd5-photos.leclercdrive.fr/image.ashx?id=2930087&use=l&cat=p&typeid=i","cat":319786},{"id":3633,"n":"Colin d'Alaska Pêche Océan x10 tranches - MSC - 1kg","p":6.25,"u":"6,25 €/KG","img":"https://fd5-photos.leclercdrive.fr/image.ashx?id=2930096&use=l&cat=p&typeid=i","cat":319786},{"id":3641,"n":"Fromage Apéritif Apérivrais  Saveurs d'Italie - 100g","p":2.08,"u":"20,80 €/KG","img":"https://fd5-photos.leclercdrive.fr/image.ashx?id=2944705&use=l&cat=p&typeid=i","cat":314027},{"id":3643,"n":"Scotch Whisky Baird's 40%vol - 70cl","p":10.99,"u":"15,70 €/L","img":"https://fd5-photos.leclercdrive.fr/image.ashx?id=2907159&use=l&cat=p&typeid=i","cat":284547},{"id":3649,"n":"AOP Asti Vilaveroni 75cl","p":6.31,"u":"8,41 €/L","img":"https://fd5-photos.leclercdrive.fr/image.ashx?id=2337558&use=l&cat=p&typeid=i","cat":289461},{"id":3651,"n":"Vin du Portugal rosé Mateus - VSIG - 12% vol 75cl","p":4.24,"u":"5,65 €/L","img":"https://fd5-photos.leclercdrive.fr/image.ashx?id=2794619&use=l&cat=p&typeid=i","cat":289558},{"id":3655,"n":"Eau gazeuse St-Yorre 6x50cl","p":3.0,"u":"1,00 €/L","img":"https://fd5-photos.leclercdrive.fr/image.ashx?id=2877727&use=l&cat=p&typeid=i","cat":284536},{"id":3660,"n":"Fromage tartiflette Les Croisés 27%mg 500g","p":3.89,"u":"7,78 €/KG","img":"https://fd5-photos.leclercdrive.fr/image.ashx?id=2791746&use=l&cat=p&typeid=i","cat":314037},{"id":3663,"n":"Fromage à Raclette RichesMonts  3 saveurs 27 Tranches - 700g","p":9.79,"u":"13,99 €/KG","img":"https://fd5-photos.leclercdrive.fr/image.ashx?id=2766289&use=l&cat=p&typeid=i","cat":314037},{"id":3668,"n":"Faisselle Rians - 6%mg - 1kg","p":2.48,"u":"2,48 €/KG","img":"https://fd5-photos.leclercdrive.fr/image.ashx?id=2659629&use=l&cat=p&typeid=i","cat":284409},{"id":3681,"n":"Confit canard 4/5 cuisses Nos Régions ont du Talent 745g","p":15.28,"u":"20,51 €/KG","img":"https://fd5-photos.leclercdrive.fr/image.ashx?id=2723210&use=l&cat=p&typeid=i","cat":305149},{"id":3684,"n":"Eau gazeuse Rozana 6x1L","p":2.65,"u":"0,44 €/L","img":"https://fd5-photos.leclercdrive.fr/image.ashx?id=2870602&use=l&cat=p&typeid=i","cat":284536},{"id":3694,"n":"Pâtes Torti Legumes Panzani - 500G","p":1.18,"u":"2,36 €/KG","img":"https://fd5-photos.leclercdrive.fr/image.ashx?id=2876032&use=l&cat=p&typeid=i","cat":284427},{"id":3699,"n":"Café moulu Bio Village Bio Amérique latine - 250g","p":4.99,"u":"19,96 €/KG","img":"https://fd5-photos.leclercdrive.fr/image.ashx?id=2603713&use=l&cat=p&typeid=i","cat":284750},{"id":3712,"n":"Emincé poulet Côté Table Sauce curry - 300g","p":2.02,"u":"6,73 €/KG","img":"https://fd5-photos.leclercdrive.fr/image.ashx?id=2393857&use=l&cat=p&typeid=i","cat":284953},{"id":3713,"n":"Huile d'olive Rustica Vierge extra - 50cl","p":4.8,"u":"9,60 €/L","img":"https://fd5-photos.leclercdrive.fr/image.ashx?id=2930340&use=l&cat=p&typeid=i","cat":284453},{"id":3714,"n":"Serviette hygiénique Doulys Ultra minces - Normal - x16","p":1.03,"u":"0,06 €/P","img":"https://fd5-photos.leclercdrive.fr/image.ashx?id=2838924&use=l&cat=p&typeid=i","cat":284624},{"id":3716,"n":"Pizza cuite sur pierre Turini Royale - 400g","p":1.99,"u":"4,98 €/KG","img":"https://fd5-photos.leclercdrive.fr/image.ashx?id=2815205&use=l&cat=p&typeid=i","cat":284256},{"id":3719,"n":"Gomme Coiffante L'Oréal Paris Effet Remodelable - 150ml","p":3.54,"u":"23,60 €/L","img":"https://fd5-photos.leclercdrive.fr/image.ashx?id=2614194&use=l&cat=p&typeid=i","cat":284609},{"id":3736,"n":"Chocolat Pâtissier Menier Tablette Noir - 200g","p":2.07,"u":"10,35 €/KG","img":"https://fd5-photos.leclercdrive.fr/image.ashx?id=2624146&use=l&cat=p&typeid=i","cat":285562},{"id":3741,"n":"Biscottes fourrées Cracotte LU  Fraise - 200g","p":1.5,"u":"7,50 €/KG","img":"https://fd5-photos.leclercdrive.fr/image.ashx?id=3004807&use=l&cat=p&typeid=i","cat":284479},{"id":3742,"n":"Goûter Moelleux P'tit déli   Lait cacao et coco x10 420g","p":2.63,"u":"6,26 €/KG","img":"https://fd5-photos.leclercdrive.fr/image.ashx?id=2523691&use=l&cat=p&typeid=i","cat":284495},{"id":3743,"n":"Mini brownie Brossard Chocolat pépites x8 - 240g","p":2.41,"u":"10,04 €/KG","img":"https://fd5-photos.leclercdrive.fr/image.ashx?id=2965100&use=l&cat=p&typeid=i","cat":294776},{"id":3748,"n":"Soufflés Grignot' Tokapi  Saveur Fromage - 90g","p":0.72,"u":"8,00 €/KG","img":"https://fd5-photos.leclercdrive.fr/image.ashx?id=1956625&use=l&cat=p&typeid=i","cat":284449},{"id":3754,"n":"Crackers Tuc Bacon - 100g","p":0.79,"u":"7,90 €/KG","img":"https://fd5-photos.leclercdrive.fr/image.ashx?id=3002198&use=l&cat=p&typeid=i","cat":297000},{"id":3755,"n":"Mini-flûtes feuilletées Tokapi Emmental - 100g","p":1.4,"u":"14,00 €/KG","img":"https://fd5-photos.leclercdrive.fr/image.ashx?id=2374652&use=l&cat=p&typeid=i","cat":297000},{"id":3756,"n":"Mélange Exotique Tokapi  Bananes et papaye - 120g","p":1.47,"u":"12,25 €/KG","img":"https://fd5-photos.leclercdrive.fr/image.ashx?id=2793991&use=l&cat=p&typeid=i","cat":284448},{"id":3758,"n":"Sachet repas chats Gourmet 4 variétés de filets - 4x85g","p":1.79,"u":"5,26 €/KG","img":"https://fd5-photos.leclercdrive.fr/image.ashx?id=2902274&use=l&cat=p&typeid=i","cat":285286},{"id":3759,"n":"Sachet repas chats Gourmet Filets en sachet - 4x85g","p":1.79,"u":"5,26 €/KG","img":"https://fd5-photos.leclercdrive.fr/image.ashx?id=2902337&use=l&cat=p&typeid=i","cat":285286},{"id":3773,"n":"Feuilletés paniers Côté Table Jambon fromage - 4x100g","p":2.15,"u":"5,38 €/KG","img":"https://fd5-photos.leclercdrive.fr/image.ashx?id=2549382&use=l&cat=p&typeid=i","cat":319776},{"id":3775,"n":"Feuilletés paniers Côté Table Fromage de chèvre - 4x100g","p":2.95,"u":"7,38 €/KG","img":"https://fd5-photos.leclercdrive.fr/image.ashx?id=2549385&use=l&cat=p&typeid=i","cat":319776},{"id":3777,"n":"Légumes couscous Notre jardin 1kg","p":1.99,"u":"1,99 €/KG","img":"https://fd5-photos.leclercdrive.fr/image.ashx?id=2900031&use=l&cat=p&typeid=i","cat":319823},{"id":3784,"n":"Coquilles poisson Côté Table Et fruits de mer x6 - 660g","p":5.35,"u":"8,11 €/KG","img":"https://fd5-photos.leclercdrive.fr/image.ashx?id=2990092&use=l&cat=p&typeid=i","cat":319775},{"id":3786,"n":"Poisson pané Pêche Océan MSC - x20 - 1kg","p":6.95,"u":"6,95 €/KG","img":"https://fd5-photos.leclercdrive.fr/image.ashx?id=1919342&use=l&cat=p&typeid=i","cat":319788},{"id":3789,"n":"Pavés de saumon Pêche Océan ASC - 2x125g","p":4.99,"u":"19,96 €/KG","img":"https://fd5-photos.leclercdrive.fr/image.ashx?id=2953722&use=l&cat=p&typeid=i","cat":319786},{"id":3794,"n":"Poisson pané Pêche Océan - MSC Colin d'alaska - x8 - 400g","p":2.78,"u":"6,95 €/KG","img":"https://fd5-photos.leclercdrive.fr/image.ashx?id=2176092&use=l&cat=p&typeid=i","cat":319788},{"id":3795,"n":"Poisson pané Pêche Océan Cabillaud - MSC - x8 400g","p":4.45,"u":"11,13 €/KG","img":"https://fd5-photos.leclercdrive.fr/image.ashx?id=1724533&use=l&cat=p&typeid=i","cat":319788},{"id":3796,"n":"Croquettes poisson Pêche Océan MSC - x6 - 300g","p":1.72,"u":"5,73 €/KG","img":"https://fd5-photos.leclercdrive.fr/image.ashx?id=2856157&use=l&cat=p&typeid=i","cat":319788},{"id":3797,"n":"Brandade morue Côté Table 1kg","p":3.99,"u":"3,99 €/KG","img":"https://fd5-photos.leclercdrive.fr/image.ashx?id=2047028&use=l&cat=p&typeid=i","cat":284254},{"id":3810,"n":"Epinards Notre Jardin Branches A la crème fraîche 1kg","p":2.98,"u":"2,98 €/KG","img":"https://fd5-photos.leclercdrive.fr/image.ashx?id=2873081&use=l&cat=p&typeid=i","cat":319805},{"id":3820,"n":"Sandwich XXL Daunat Jambon emmental - 230g","p":2.43,"u":"10,57 €/KG","img":"https://fd5-photos.leclercdrive.fr/image.ashx?id=2892700&use=l&cat=p&typeid=i","cat":333658},{"id":3823,"n":"Wings poulet Maître coq nature 400g","p":4.78,"u":"11,95 €/KG","img":"https://fd5-photos.leclercdrive.fr/image.ashx?id=2101438&use=l&cat=p&typeid=i","cat":333685},{"id":3828,"n":"Pansements Mercurochrome Economiques x20","p":2.77,"img":"https://fd5-photos.leclercdrive.fr/image.ashx?id=2748269&use=l&cat=p&typeid=i","cat":284630},{"id":3834,"n":"Beurre Président Doux - 82%mg - 250g","p":2.97,"u":"11,88 €/P","img":"https://fd5-photos.leclercdrive.fr/image.ashx?id=2731846&use=l&cat=p&typeid=i","cat":284379},{"id":3844,"n":"Sirop érable Maple Joe Du Canada - 250g","p":3.42,"u":"13,68 €/KG","img":"https://fd5-photos.leclercdrive.fr/image.ashx?id=2656559&use=l&cat=p&typeid=i","cat":287643},{"id":3862,"n":"Cacahuètes grillées Tokapi Salées - 500g","p":1.44,"u":"2,88 €/KG","img":"https://fd5-photos.leclercdrive.fr/image.ashx?id=2795532&use=l&cat=p&typeid=i","cat":284448},{"id":3864,"n":"Jus multifruits Jafaden 12 fruits - 1L","p":1.33,"u":"1,33 €/L","img":"https://fd5-photos.leclercdrive.fr/image.ashx?id=2461387&use=l&cat=p&typeid=i","cat":284917},{"id":3871,"n":"Pain grillé Pelletier Blé complet - 500g","p":1.84,"u":"3,68 €/KG","img":"https://fd5-photos.leclercdrive.fr/image.ashx?id=2345376&use=l&cat=p&typeid=i","cat":284479},{"id":3873,"n":"Cuisses poulet fermier Loué Jaune x2 - 480g","p":4.87,"u":"10,15 €/KG","img":"https://fd5-photos.leclercdrive.fr/image.ashx?id=2250555&use=l&cat=p&typeid=i","cat":284336},{"id":3874,"n":"Filet Poulet Jaune LR X2  IGP Volailles du Maine  - 240g","p":7.57,"u":"31,54 €/KG","img":"https://fd5-photos.leclercdrive.fr/image.ashx?id=2250561&use=l&cat=p&typeid=i","cat":284336},{"id":3904,"n":"Viande bovine Charal3x steak*** À griller - 300g","p":7.92,"u":"26,40 €/KG","img":"https://fd5-photos.leclercdrive.fr/image.ashx?id=2485907&use=l&cat=p&typeid=i","cat":284328},{"id":3912,"n":"Viande bovine Charal ***  à griller - 280g","p":6.71,"u":"23,96 €/KG","img":"https://fd5-photos.leclercdrive.fr/image.ashx?id=1889162&use=l&cat=p&typeid=i","cat":284328},{"id":3914,"n":"Steak haché Charal 5%mg - 260g","p":6.4,"u":"24,62 €/KG","img":"https://fd5-photos.leclercdrive.fr/image.ashx?id=1889165&use=l&cat=p&typeid=i","cat":284332},{"id":3915,"n":"Steak haché 15%mg Charal Viande bovine - 260g","p":5.9,"u":"22,69 €/KG","img":"https://fd5-photos.leclercdrive.fr/image.ashx?id=1889174&use=l&cat=p&typeid=i","cat":284332},{"id":3916,"n":"Steak haché 12%mg Bio Charal Viande bovine - 200g","p":4.92,"u":"24,60 €/KG","img":"https://fd5-photos.leclercdrive.fr/image.ashx?id=1912553&use=l&cat=p&typeid=i","cat":284332},{"id":3917,"n":"Viande Bovine Française Charal: Pavé aux 3 poivres x2 - 260g","p":7.0,"u":"26,92 €/KG","img":"https://fd5-photos.leclercdrive.fr/image.ashx?id=2311195&use=l&cat=p&typeid=i","cat":284328},{"id":3918,"n":"Viande Bovine Française Charal Pavé à l'échalote x2 - 260g","p":7.0,"u":"26,92 €/KG","img":"https://fd5-photos.leclercdrive.fr/image.ashx?id=2311198&use=l&cat=p&typeid=i","cat":284328},{"id":3921,"n":"Carpaccio au Parmesan Charal - 230g","p":6.9,"u":"30,00 €/KG","img":"https://fd5-photos.leclercdrive.fr/image.ashx?id=2482174&use=l&cat=p&typeid=i","cat":284328},{"id":3922,"n":"Carpaccio au Basilic Charal - 230g","p":6.9,"u":"30,00 €/KG","img":"https://fd5-photos.leclercdrive.fr/image.ashx?id=1933746&use=l&cat=p&typeid=i","cat":284328},{"id":3923,"n":"Bacon burger Charal 2x155g","p":6.26,"u":"20,19 €/KG","img":"https://fd5-photos.leclercdrive.fr/image.ashx?id=2547092&use=l&cat=p&typeid=i","cat":333671},{"id":3924,"n":"Cheese Burger Charal Viande bovine française 2x145g","p":5.93,"u":"20,45 €/KG","img":"https://fd5-photos.leclercdrive.fr/image.ashx?id=2516095&use=l&cat=p&typeid=i","cat":333671},{"id":3925,"n":"Maxi Cheese Charal Viande bovine française - 220g","p":4.75,"u":"21,59 €/KG","img":"https://fd5-photos.leclercdrive.fr/image.ashx?id=2547098&use=l&cat=p&typeid=i","cat":333671},{"id":3926,"n":"Hot dog Charal 120g","p":2.76,"u":"23,00 €/KG","img":"https://fd5-photos.leclercdrive.fr/image.ashx?id=2653465&use=l&cat=p&typeid=i","cat":333671},{"id":3944,"n":"Jus multifruits Jafaden Briquettes - 6x20cl","p":1.79,"u":"1,49 €/L","img":"https://fd5-photos.leclercdrive.fr/image.ashx?id=2751880&use=l&cat=p&typeid=i","cat":284524},{"id":3946,"n":"Pâtes Barilla Spaghettoni n°7 - 500g","p":0.91,"u":"1,82 €/KG","img":"https://fd5-photos.leclercdrive.fr/image.ashx?id=2392221&use=l&cat=p&typeid=i","cat":284427},{"id":3951,"n":"Sucre vanillé Tablier blanc x10 75g","p":0.79,"u":"10,53 €/KG","img":"https://fd5-photos.leclercdrive.fr/image.ashx?id=2487431&use=l&cat=p&typeid=i","cat":294686},{"id":3952,"n":"Sucre Confisuc Saint Louis Spécial confiture - 1kg","p":2.15,"u":"2,15 €/KG","img":"https://fd5-photos.leclercdrive.fr/image.ashx?id=2019969&use=l&cat=p&typeid=i","cat":284502},{"id":3955,"n":"Ravioli pur bœuf  Panzani - 400g","p":1.59,"u":"3,98 €/KG","img":"https://fd5-photos.leclercdrive.fr/image.ashx?id=2876050&use=l&cat=p&typeid=i","cat":284442},{"id":3956,"n":"Confit canard 2 cuisses NRT 425g","p":9.59,"u":"22,56 €/KG","img":"https://fd5-photos.leclercdrive.fr/image.ashx?id=2545234&use=l&cat=p&typeid=i","cat":284440},{"id":3957,"n":"Thon blanc Petit Navire Au naturel - 93g","p":2.51,"u":"26,99 €/KG","img":"https://fd5-photos.leclercdrive.fr/image.ashx?id=2868329&use=l&cat=p&typeid=i","cat":303867},{"id":3960,"n":"Haricots Mungo  Notre Jardin 3x90g","p":1.98,"u":"7,33 €/KG","img":"https://fd5-photos.leclercdrive.fr/image.ashx?id=2174678&use=l&cat=p&typeid=i","cat":312611},{"id":3980,"n":"Sauce bolognaise Turini 680g","p":2.44,"u":"3,59 €/KG","img":"https://fd5-photos.leclercdrive.fr/image.ashx?id=2634863&use=l&cat=p&typeid=i","cat":287599},{"id":3981,"n":"Petits pois carottes Extra fins Notre Jardin - 3x130g","p":1.68,"u":"4,31 €/KG","img":"https://fd5-photos.leclercdrive.fr/image.ashx?id=2537346&use=l&cat=p&typeid=i","cat":312607},{"id":3983,"n":"Flageolets verts Notre Jardin Extra fins - 3x130g","p":1.98,"u":"5,08 €/KG","img":"https://fd5-photos.leclercdrive.fr/image.ashx?id=2537352&use=l&cat=p&typeid=i","cat":312606},{"id":3989,"n":"Soda Jean's Cola  2L","p":1.5,"u":"0,75 €/L","img":"https://fd5-photos.leclercdrive.fr/image.ashx?id=2699423&use=l&cat=p&typeid=i","cat":284530},{"id":3991,"n":"Tarte aux 3 fromages Côté Table - 400g","p":2.82,"u":"7,05 €/KG","img":"https://fd5-photos.leclercdrive.fr/image.ashx?id=2791707&use=l&cat=p&typeid=i","cat":284257},{"id":3994,"n":"Tourte Côté Table Champignon jambon - 500g","p":4.99,"u":"9,98 €/KG","img":"https://fd5-photos.leclercdrive.fr/image.ashx?id=2791680&use=l&cat=p&typeid=i","cat":284257},{"id":3996,"n":"Hachis parmentier Côté table 600g","p":3.52,"u":"5,87 €/KG","img":"https://fd5-photos.leclercdrive.fr/image.ashx?id=2045181&use=l&cat=p&typeid=i","cat":284254},{"id":3997,"n":"Hachis parmentier Côté table 1kg","p":4.83,"u":"4,83 €/KG","img":"https://fd5-photos.leclercdrive.fr/image.ashx?id=2045172&use=l&cat=p&typeid=i","cat":284254},{"id":3998,"n":"Frites allumettes Pom'lisse Au four - 600g","p":1.24,"u":"2,07 €/KG","img":"https://fd5-photos.leclercdrive.fr/image.ashx?id=2699666&use=l&cat=p&typeid=i","cat":319791},{"id":3999,"n":"Crêpes Côté Table Champignons x6 - 300g","p":1.88,"u":"6,27 €/KG","img":"https://fd5-photos.leclercdrive.fr/image.ashx?id=2499352&use=l&cat=p&typeid=i","cat":319776},{"id":4000,"n":"Quiche lorraine Côté Table Mini - 8x100g","p":6.5,"u":"8,13 €/KG","img":"https://fd5-photos.leclercdrive.fr/image.ashx?id=2898023&use=l&cat=p&typeid=i","cat":284257},{"id":4001,"n":"Gratin d'aubergines Côté Table 450g","p":3.75,"u":"8,33 €/KG","img":"https://fd5-photos.leclercdrive.fr/image.ashx?id=1983436&use=l&cat=p&typeid=i","cat":319802},{"id":4003,"n":"Coquilles Saint-Jacques NRT baie de St-Brieuc x2 - 200g","p":6.79,"u":"33,95 €/KG","img":"https://fd5-photos.leclercdrive.fr/image.ashx?id=2839956&use=l&cat=p&typeid=i","cat":319775},{"id":4007,"n":"Macédoine légumes Notre jardin 1kg","p":1.77,"u":"1,77 €/KG","img":"https://fd5-photos.leclercdrive.fr/image.ashx?id=2873078&use=l&cat=p&typeid=i","cat":319823},{"id":4008,"n":"Julienne légumes Notre jardin 600g","p":1.38,"u":"2,30 €/KG","img":"https://fd5-photos.leclercdrive.fr/image.ashx?id=2900073&use=l&cat=p&typeid=i","cat":319823},{"id":4009,"n":"Printanière légumes Notre jardin 1kg","p":1.47,"u":"1,47 €/KG","img":"https://fd5-photos.leclercdrive.fr/image.ashx?id=2873030&use=l&cat=p&typeid=i","cat":319823},{"id":4014,"n":"Gratin choux fleurs Côté Table 450g","p":3.72,"u":"8,27 €/KG","img":"https://fd5-photos.leclercdrive.fr/image.ashx?id=1977356&use=l&cat=p&typeid=i","cat":319802},{"id":4022,"n":"Fricassée de poulet Côté table Riz et légumes 900g","p":6.51,"u":"7,23 €/KG","img":"https://fd5-photos.leclercdrive.fr/image.ashx?id=2549370&use=l&cat=p&typeid=i","cat":284254},{"id":4024,"n":"Sauce crudité Rustica Nature - 50cl","p":0.88,"u":"1,76 €/L","img":"https://fd5-photos.leclercdrive.fr/image.ashx?id=1972910&use=l&cat=p&typeid=i","cat":284456},{"id":4025,"n":"Pois chiches Notre Jardin 530g","p":1.19,"u":"2,25 €/KG","img":"https://fd5-photos.leclercdrive.fr/image.ashx?id=2988006&use=l&cat=p&typeid=i","cat":312609},{"id":4026,"n":"Cuisses poulet rôti Le gaulois x2 - 350g","p":4.45,"u":"12,71 €/KG","img":"https://fd5-photos.leclercdrive.fr/image.ashx?id=2277122&use=l&cat=p&typeid=i","cat":284336},{"id":4028,"n":"Filets poulet rôti Le gaulois 230g","p":5.24,"u":"22,78 €/KG","img":"https://fd5-photos.leclercdrive.fr/image.ashx?id=2686879&use=l&cat=p&typeid=i","cat":284336},{"id":4029,"n":"Crème marron de Clément Faugier Vanillée Ardèche - 500g","p":2.44,"u":"4,88 €/KG","img":"https://fd5-photos.leclercdrive.fr/image.ashx?id=1880738&use=l&cat=p&typeid=i","cat":284481},{"id":4063,"n":"Cidre bouché Les Goelleries Normand doux 2%vol. - 75cl","p":1.79,"u":"2,39 €/L","img":"https://fd5-photos.leclercdrive.fr/image.ashx?id=2842202&use=l&cat=p&typeid=i","cat":334880},{"id":4086,"n":"Ecorces Beaux Jours Pin maritime 20/40mm - 50L","p":9.15,"u":"0,18 €/L","img":"https://fd5-photos.leclercdrive.fr/image.ashx?id=2162189&use=l&cat=p&typeid=i","cat":335919},{"id":4101,"n":"Pâtes coquillettes Panzani 1kg","p":1.67,"u":"1,67 €/KG","img":"https://fd5-photos.leclercdrive.fr/image.ashx?id=2873823&use=l&cat=p&typeid=i","cat":284427},{"id":4103,"n":"Compotes Andros Pomme Fraise - 8x100g","p":2.43,"u":"3,04 €/KG","img":"https://fd5-photos.leclercdrive.fr/image.ashx?id=2883940&use=l&cat=p&typeid=i","cat":284416},{"id":4120,"n":"Bouchées chocolatées Mon Chéri Liqueur cerise x16 - 168g","p":4.97,"u":"29,58 €/KG","img":"https://fd5-photos.leclercdrive.fr/image.ashx?id=2964018&use=l&cat=p&typeid=i","cat":327601},{"id":4141,"n":"Infusion Tiséa réglisse menthe x25","p":0.9,"u":"22,50 €/KG","img":"https://fd5-photos.leclercdrive.fr/image.ashx?id=2553908&use=l&cat=p&typeid=i","cat":293234},{"id":4185,"n":"Chou blanc             1p","p":2.69,"img":"https://fd5-photos.leclercdrive.fr/image.ashx?id=560849&use=l&cat=p&typeid=i","cat":284352},{"id":4193,"n":"Noix NRT 500g","p":3.99,"u":"7,98 €/KG","img":"https://fd5-photos.leclercdrive.fr/image.ashx?id=2321947&use=l&cat=p&typeid=i","cat":284357},{"id":4242,"n":"Vacherin Eskiss Vanille framboise - 535g","p":4.65,"u":"8,69 €/KG","img":"https://fd5-photos.leclercdrive.fr/image.ashx?id=2119121&use=l&cat=p&typeid=i","cat":284266},{"id":4249,"n":"Crème glacée Eskiss Chocolat noir - 494g","p":2.35,"u":"4,76 €/KG","img":"https://fd5-photos.leclercdrive.fr/image.ashx?id=2698162&use=l&cat=p&typeid=i","cat":284263},{"id":4250,"n":"Crème glacée Eskiss Café - 494g","p":2.14,"u":"4,33 €/KG","img":"https://fd5-photos.leclercdrive.fr/image.ashx?id=3002545&use=l&cat=p&typeid=i","cat":284263},{"id":4255,"n":"Crème glacée Eskiss Rhum raisin - 494g","p":2.45,"u":"4,96 €/KG","img":"https://fd5-photos.leclercdrive.fr/image.ashx?id=2982589&use=l&cat=p&typeid=i","cat":284263},{"id":4259,"n":"Pâtes spaghetti Panzani 1kg","p":1.66,"u":"1,66 €/KG","img":"https://fd5-photos.leclercdrive.fr/image.ashx?id=2869555&use=l&cat=p&typeid=i","cat":284427},{"id":4260,"n":"Biscuits sablés P'tit Déli Chocolat au lait - 200g","p":1.19,"u":"5,95 €/KG","img":"https://fd5-photos.leclercdrive.fr/image.ashx?id=2768457&use=l&cat=p&typeid=i","cat":284488},{"id":4262,"n":"Thon en tranche  Pêche Océan Naturel - 140g","p":2.05,"u":"14,64 €/KG","img":"https://fd5-photos.leclercdrive.fr/image.ashx?id=2941387&use=l&cat=p&typeid=i","cat":303867},{"id":4288,"n":"Boisson apéritif Voltano Base de vin Bianco 14.4%vol 1L","p":4.99,"u":"4,99 €/L","img":"https://fd5-photos.leclercdrive.fr/image.ashx?id=2843782&use=l&cat=p&typeid=i","cat":284913},{"id":4289,"n":"Boisson apéritif Voltano Base de vin rosso 14.4%vol 1L","p":4.75,"u":"4,75 €/L","img":"https://fd5-photos.leclercdrive.fr/image.ashx?id=2843785&use=l&cat=p&typeid=i","cat":284913},{"id":4290,"n":"Marrons entiers Notre Jardin - 510g","p":5.19,"u":"10,18 €/KG","img":"https://fd5-photos.leclercdrive.fr/image.ashx?id=2190014&use=l&cat=p&typeid=i","cat":312612},{"id":4346,"n":"Crêpes Côté Table Fromage x6 - 300g","p":1.75,"u":"5,83 €/KG","img":"https://fd5-photos.leclercdrive.fr/image.ashx?id=2932399&use=l&cat=p&typeid=i","cat":319776},{"id":4367,"n":"Papier toilette Uni Vert Compact écologique - x4","p":3.29,"u":"0,82 €/P","img":"https://fd5-photos.leclercdrive.fr/image.ashx?id=1957072&use=l&cat=p&typeid=i","cat":284634},{"id":4369,"n":"Gel wc menthe pin Uni Vert 750ml","p":1.62,"u":"2,16 €/L","img":"https://fd5-photos.leclercdrive.fr/image.ashx?id=2965446&use=l&cat=p&typeid=i","cat":284662},{"id":4381,"n":"Safran poudre Rustica 3 doses de 0,1g","p":2.96,"img":"https://fd5-photos.leclercdrive.fr/image.ashx?id=2991422&use=l&cat=p&typeid=i","cat":298297},{"id":4407,"n":"Biscuits duo glacier P'tit Déli 100g","p":1.25,"u":"12,50 €/KG","img":"https://fd5-photos.leclercdrive.fr/image.ashx?id=2874687&use=l&cat=p&typeid=i","cat":284487},{"id":4412,"n":"Boisson énergisante Red Bull 250ml","p":1.06,"u":"4,24 €/L","img":"https://fd5-photos.leclercdrive.fr/image.ashx?id=2340300&use=l&cat=p&typeid=i","cat":284533},{"id":4420,"n":"Sauce aux Morilles Charal 2 personnes - 120g","p":2.3,"u":"19,17 €/KG","img":"https://fd5-photos.leclercdrive.fr/image.ashx?id=2105023&use=l&cat=p&typeid=i","cat":284382},{"id":4425,"n":"Sauce aux 3 poivres Charal 2 personnes - 120g","p":1.92,"u":"16,00 €/KG","img":"https://fd5-photos.leclercdrive.fr/image.ashx?id=2105014&use=l&cat=p&typeid=i","cat":284382},{"id":4426,"n":"Sauce au Roquefort Charal 2 personnes - 120g","p":1.92,"u":"16,00 €/KG","img":"https://fd5-photos.leclercdrive.fr/image.ashx?id=2881329&use=l&cat=p&typeid=i","cat":284382},{"id":4427,"n":"Sauce Forestière Charal 2 personnes - 120g","p":1.92,"u":"16,00 €/KG","img":"https://fd5-photos.leclercdrive.fr/image.ashx?id=2558957&use=l&cat=p&typeid=i","cat":284382},{"id":4431,"n":"Plumeaux Clair jetables Avec poignée x5","p":3.03,"img":"https://fd5-photos.leclercdrive.fr/image.ashx?id=2832924&use=l&cat=p&typeid=i","cat":325364},{"id":4438,"n":"Hot Dog Charal ketchup 120g","p":2.76,"u":"23,00 €/KG","img":"https://fd5-photos.leclercdrive.fr/image.ashx?id=2264734&use=l&cat=p&typeid=i","cat":333671},{"id":4456,"n":"Crème Nourrissante Nivea Visage Corps Mains - 100ml","p":2.12,"u":"21,20 €/L","img":"https://fd5-photos.leclercdrive.fr/image.ashx?id=3014389&use=l&cat=p&typeid=i","cat":325350},{"id":4458,"n":"Pâtes cheveux d'anges Panzani 500g","p":1.26,"u":"2,52 €/KG","img":"https://fd5-photos.leclercdrive.fr/image.ashx?id=2896069&use=l&cat=p&typeid=i","cat":284427},{"id":4468,"n":"Boisson énergisante Red Bull 4x250ml","p":4.23,"u":"4,23 €/L","img":"https://fd5-photos.leclercdrive.fr/image.ashx?id=3011977&use=l&cat=p&typeid=i","cat":284533},{"id":4484,"n":"Salade : Sucrine 3p","p":0.95,"u":"0,32 €/P","img":"https://fd5-photos.leclercdrive.fr/image.ashx?id=1632539&use=l&cat=p&typeid=i","cat":284352},{"id":4497,"n":"Gomme Esquisse Caoutchouc","p":0.5,"img":"https://fd5-photos.leclercdrive.fr/image.ashx?id=2943211&use=l&cat=p&typeid=i","cat":334133},{"id":4499,"n":"Surligneur Esquisse 4 couleurs fluos - x4","p":1.99,"img":"https://fd5-photos.leclercdrive.fr/image.ashx?id=2943208&use=l&cat=p&typeid=i","cat":284696},{"id":4507,"n":"Enveloppes adhésives Eco+ 11x22cm 70g - x100","p":1.73,"u":"0,02 €/P","img":"https://fd5-photos.leclercdrive.fr/image.ashx?id=1699666&use=l&cat=p&typeid=i","cat":284697},{"id":4511,"n":"Pochettes perforées Eco+ 21x29.7cm - x100","p":1.14,"u":"0,01 €/P","img":"https://fd5-photos.leclercdrive.fr/image.ashx?id=2943124&use=l&cat=p&typeid=i","cat":284745},{"id":4512,"n":"Pur jus orange Jafaden Sans pulpe - 1L","p":2.43,"u":"2,43 €/L","img":"https://fd5-photos.leclercdrive.fr/image.ashx?id=2916668&use=l&cat=p&typeid=i","cat":285435},{"id":4515,"n":"Pansements Primoplast Pré-découpés x100","p":2.97,"img":"https://fd5-photos.leclercdrive.fr/image.ashx?id=2856459&use=l&cat=p&typeid=i","cat":284630},{"id":4518,"n":"Pomme de terre de consommation N.Jardin entières, épluch. 500g","p":1.35,"u":"2,70 €/KG","img":"https://fd5-photos.leclercdrive.fr/image.ashx?id=2694088&use=l&cat=p&typeid=i","cat":284352},{"id":4519,"n":"Bande à découper Primoplast Multi-usages - 10x6cm","p":0.79,"img":"https://fd5-photos.leclercdrive.fr/image.ashx?id=2885560&use=l&cat=p&typeid=i","cat":284630},{"id":4523,"n":"Côte de veau *** à griller           x2 - 360g","p":9.45,"u":"26,25 €/KG","img":"https://fd5-photos.leclercdrive.fr/image.ashx?id=621178&use=l&cat=p&typeid=i","cat":284329},{"id":4524,"n":"Filtre café Eco+ N°4 - x100","p":0.99,"u":"0,01 €/P","img":"https://fd5-photos.leclercdrive.fr/image.ashx?id=2593806&use=l&cat=p&typeid=i","cat":284751},{"id":4538,"n":"Crème pieds Scholl Réparatrice - 75ml","p":3.7,"u":"49,33 €/L","img":"https://fd5-photos.leclercdrive.fr/image.ashx?id=3011803&use=l&cat=p&typeid=i","cat":325354},{"id":4543,"n":"Gel Lubrifiant Intime Durex Sensitive base Eau 50ml","p":4.38,"u":"87,60 €/L","img":"https://fd5-photos.leclercdrive.fr/image.ashx?id=2961200&use=l&cat=p&typeid=i","cat":285160},{"id":4552,"n":"Escalope de veau *** à griller           x2 - 320g","p":7.89,"u":"24,66 €/KG","img":"https://fd5-photos.leclercdrive.fr/image.ashx?id=619014&use=l&cat=p&typeid=i","cat":284329},{"id":4555,"n":"Aiguillette Poulet Jaune LR  IGP Volailles du Maine  - 180g","p":5.4,"u":"30,00 €/KG","img":"https://fd5-photos.leclercdrive.fr/image.ashx?id=2592546&use=l&cat=p&typeid=i","cat":284336},{"id":4566,"n":"Nuggets de poulet Maître coq 1kg","p":7.41,"u":"7,41 €/KG","img":"https://fd5-photos.leclercdrive.fr/image.ashx?id=2877826&use=l&cat=p&typeid=i","cat":333684},{"id":4567,"n":"Panés de poulet Maître Coq 1kg","p":7.54,"u":"7,54 €/KG","img":"https://fd5-photos.leclercdrive.fr/image.ashx?id=2877823&use=l&cat=p&typeid=i","cat":333684},{"id":4569,"n":"Coq'ailes Maître Coq Mexicain - 250g","p":3.04,"u":"12,16 €/KG","img":"https://fd5-photos.leclercdrive.fr/image.ashx?id=2432034&use=l&cat=p&typeid=i","cat":333685},{"id":4570,"n":"Coq'ailes Maître coq Nature - 250g","p":3.04,"u":"12,16 €/KG","img":"https://fd5-photos.leclercdrive.fr/image.ashx?id=2412591&use=l&cat=p&typeid=i","cat":333685},{"id":4583,"n":"Sucre vanillé Vahiné Madagascar - 5x7,5g","p":1.93,"u":"50,79 €/KG","img":"https://fd5-photos.leclercdrive.fr/image.ashx?id=2489190&use=l&cat=p&typeid=i","cat":294686},{"id":4611,"n":"Stylo correcteur blanc Esquisse 8ml","p":0.99,"img":"https://fd5-photos.leclercdrive.fr/image.ashx?id=1701148&use=l&cat=p&typeid=i","cat":334133},{"id":4621,"n":"Epis de maïs précuits Lunor 400g","p":2.24,"u":"5,60 €/KG","img":"https://fd5-photos.leclercdrive.fr/image.ashx?id=1876658&use=l&cat=p&typeid=i","cat":284352},{"id":4624,"n":"Dattes Couleurs Vives 500g","p":2.75,"u":"5,50 €/KG","img":"https://fd5-photos.leclercdrive.fr/image.ashx?id=2542926&use=l&cat=p&typeid=i","cat":284357},{"id":4625,"n":"Arachides coques Couleurs Vives Grillées - 500g","p":2.45,"u":"4,90 €/KG","img":"https://fd5-photos.leclercdrive.fr/image.ashx?id=2886439&use=l&cat=p&typeid=i","cat":284448},{"id":4626,"n":"Vinaigrette Rustica Nature - 50cl","p":0.88,"u":"1,76 €/L","img":"https://fd5-photos.leclercdrive.fr/image.ashx?id=1972898&use=l&cat=p&typeid=i","cat":284456},{"id":4627,"n":"Vinaigre de Xérès Rustica 50cl","p":1.99,"u":"3,98 €/L","img":"https://fd5-photos.leclercdrive.fr/image.ashx?id=2603581&use=l&cat=p&typeid=i","cat":298543},{"id":4628,"n":"Moutarde de Dijon Rustica  Fine et forte - 440g","p":1.13,"u":"2,57 €/KG","img":"https://fd5-photos.leclercdrive.fr/image.ashx?id=2954340&use=l&cat=p&typeid=i","cat":288850},{"id":4629,"n":"Moutarde à l'ancienne Rustica Vinaigre - 350g","p":1.12,"u":"3,20 €/KG","img":"https://fd5-photos.leclercdrive.fr/image.ashx?id=2954343&use=l&cat=p&typeid=i","cat":288850},{"id":4630,"n":"Pâté piment d'Espelette NRT Label Rouge - 180g","p":2.39,"u":"13,28 €/KG","img":"https://fd5-photos.leclercdrive.fr/image.ashx?id=2991485&use=l&cat=p&typeid=i","cat":305149},{"id":4631,"n":"Confit foie volaille Côté Table Au porto - 180g","p":1.45,"u":"8,06 €/KG","img":"https://fd5-photos.leclercdrive.fr/image.ashx?id=2961659&use=l&cat=p&typeid=i","cat":305149},{"id":4640,"n":"Petits pois carottes Notre Jard Extra fins - 420g","p":1.35,"u":"3,21 €/KG","img":"https://fd5-photos.leclercdrive.fr/image.ashx?id=2987943&use=l&cat=p&typeid=i","cat":312607},{"id":4641,"n":"Croquettes chaton Purina One Junior - Poulet/Céréales - 450g","p":2.4,"u":"5,33 €/KG","img":"https://fd5-photos.leclercdrive.fr/image.ashx?id=2499883&use=l&cat=p&typeid=i","cat":284680},{"id":4667,"n":"Yaourts Mamie Nova Ananas passion - 2x150g","p":1.21,"u":"4,03 €/KG","img":"https://fd5-photos.leclercdrive.fr/image.ashx?id=2886960&use=l&cat=p&typeid=i","cat":284410},{"id":4679,"n":"Gel WC nettoyant Syphon Javel eucalyptus - 750ml","p":0.87,"u":"1,16 €/L","img":"https://fd5-photos.leclercdrive.fr/image.ashx?id=2663359&use=l&cat=p&typeid=i","cat":284662},{"id":4682,"n":"Petits pois Notre Jardin A l'étuvée - Extra fins - 445g","p":1.28,"u":"2,88 €/KG","img":"https://fd5-photos.leclercdrive.fr/image.ashx?id=2987940&use=l&cat=p&typeid=i","cat":312607},{"id":4688,"n":"Pâtes Blé complet Barilla Penne Rigate Integrale - 500g","p":1.12,"u":"2,24 €/KG","img":"https://fd5-photos.leclercdrive.fr/image.ashx?id=2986954&use=l&cat=p&typeid=i","cat":284427},{"id":4706,"n":"Persil plat la botte  1 p","p":1.49,"img":"https://fd5-photos.leclercdrive.fr/image.ashx?id=563967&use=l&cat=p&typeid=i","cat":293607},{"id":4727,"n":"Chocolat au lait Tablette d'Or Raisins secs & Noisettes - 200g","p":2.19,"u":"10,95 €/KG","img":"https://fd5-photos.leclercdrive.fr/image.ashx?id=2578629&use=l&cat=p&typeid=i","cat":284497},{"id":4766,"n":"Gazpacho Notre Jardin 1L","p":2.57,"u":"2,57 €/L","img":"https://fd5-photos.leclercdrive.fr/image.ashx?id=2794832&use=l&cat=p&typeid=i","cat":284355},{"id":4770,"n":"Betterave épluchée Allaire Entière 2x500g","p":1.91,"u":"1,91 €/KG","img":"https://fd5-photos.leclercdrive.fr/image.ashx?id=2425724&use=l&cat=p&typeid=i","cat":284352},{"id":4811,"n":"Veau *** à mijoter x2 Osso bucco -  600g","p":16.09,"u":"26,82 €/KG","img":"https://fd5-photos.leclercdrive.fr/image.ashx?id=760089&use=l&cat=p&typeid=i","cat":284329},{"id":4844,"n":"Pochettes perforées Esquisse x50","p":1.69,"img":"https://fd5-photos.leclercdrive.fr/image.ashx?id=2943157&use=l&cat=p&typeid=i","cat":284745},{"id":4852,"n":"Thon blanc Petit Navire Au naturel - 140g","p":3.81,"u":"27,21 €/KG","img":"https://fd5-photos.leclercdrive.fr/image.ashx?id=2570996&use=l&cat=p&typeid=i","cat":303867},{"id":4863,"n":"Tampons Doulys Digitaux Normal - x24","p":1.24,"u":"0,05 €/P","img":"https://fd5-photos.leclercdrive.fr/image.ashx?id=2965401&use=l&cat=p&typeid=i","cat":284626},{"id":4876,"n":"Petits pots bébé NATURNES Carottes 4M+ - 2x130g","p":0.92,"u":"3,54 €/KG","img":"https://fd5-photos.leclercdrive.fr/image.ashx?id=2522398&use=l&cat=p&typeid=i","cat":312234},{"id":4877,"n":"Petits pots bébé NATURNES Haricots Verts 4M+ - 2x130g","p":0.91,"u":"3,50 €/KG","img":"https://fd5-photos.leclercdrive.fr/image.ashx?id=2522401&use=l&cat=p&typeid=i","cat":312234},{"id":4878,"n":"Petits pots bébé NATURNES Petits Pois 4M+ - 2x130g","p":0.98,"u":"3,77 €/KG","img":"https://fd5-photos.leclercdrive.fr/image.ashx?id=2536182&use=l&cat=p&typeid=i","cat":312234},{"id":4879,"n":"Petits pots bébé NATURNES Courgettes 4M+ - 2x130g","p":0.88,"u":"3,38 €/KG","img":"https://fd5-photos.leclercdrive.fr/image.ashx?id=2532249&use=l&cat=p&typeid=i","cat":312234},{"id":4880,"n":"Petits pots bébé NATURNES Epinards 4M+ - 2x130g","p":0.92,"u":"3,54 €/KG","img":"https://fd5-photos.leclercdrive.fr/image.ashx?id=2736973&use=l&cat=p&typeid=i","cat":312234},{"id":4881,"n":"Petits pots bébé NATURNES Potiron 4M+ - 2x130g","p":0.89,"u":"3,42 €/KG","img":"https://fd5-photos.leclercdrive.fr/image.ashx?id=2532252&use=l&cat=p&typeid=i","cat":312234},{"id":4902,"n":"Purée de fruit NATURNES Pomme coing 4M+ - 4x130g","p":1.93,"u":"3,71 €/KG","img":"https://fd5-photos.leclercdrive.fr/image.ashx?id=2478375&use=l&cat=p&typeid=i","cat":312387},{"id":4903,"n":"Purée de fruit NATURNES Pommes Pruneaux 4M+ - 4x130g","p":2.08,"u":"4,00 €/KG","img":"https://fd5-photos.leclercdrive.fr/image.ashx?id=2571770&use=l&cat=p&typeid=i","cat":312387},{"id":4905,"n":"Purée de fruit NATURNES Pomme banane 4M+ - 4x130g","p":1.93,"u":"3,71 €/KG","img":"https://fd5-photos.leclercdrive.fr/image.ashx?id=2599937&use=l&cat=p&typeid=i","cat":312387},{"id":4906,"n":"Purée de fruit NATURNES Pommes Poires 4M+ - 4x130g","p":1.93,"u":"3,71 €/KG","img":"https://fd5-photos.leclercdrive.fr/image.ashx?id=2672551&use=l&cat=p&typeid=i","cat":312387},{"id":4909,"n":"Purée de fruit NATURNES Fruits du soleil 8M+ - 4x130g","p":2.12,"u":"4,08 €/KG","img":"https://fd5-photos.leclercdrive.fr/image.ashx?id=2629647&use=l&cat=p&typeid=i","cat":312388},{"id":4910,"n":"Purée de fruit NATURNES 6M+ Pomme Fraise Myrtilles - 4x130g","p":2.06,"u":"3,96 €/KG","img":"https://fd5-photos.leclercdrive.fr/image.ashx?id=2478399&use=l&cat=p&typeid=i","cat":312388},{"id":4922,"n":"Cracotte Lu Craquinette Choco noisette - 216g","p":2.07,"u":"9,58 €/KG","img":"https://fd5-photos.leclercdrive.fr/image.ashx?id=2474206&use=l&cat=p&typeid=i","cat":284479},{"id":4944,"n":"Tétines Air control Tigex Silicone +6mois x2","p":2.95,"img":"https://fd5-photos.leclercdrive.fr/image.ashx?id=2056356&use=l&cat=p&typeid=i","cat":284743},{"id":4949,"n":"Mouche bébé ergonomiqueTigex 0-24 mois embout en silicone x1","p":7.1,"img":"https://fd5-photos.leclercdrive.fr/image.ashx?id=2689838&use=l&cat=p&typeid=i","cat":289435},{"id":4971,"n":"Fromage Spécialité Port Salut - 320g","p":2.53,"u":"7,91 €/KG","img":"https://fd5-photos.leclercdrive.fr/image.ashx?id=2143762&use=l&cat=p&typeid=i","cat":329184},{"id":4988,"n":"Beurre Moulé Paysan Breton Doux - 82%MG - 500g","p":6.88,"u":"13,76 €/KG","img":"https://fd5-photos.leclercdrive.fr/image.ashx?id=2774496&use=l&cat=p&typeid=i","cat":284379},{"id":4997,"n":"Gésiers de volaille Le Gaulois 300g","p":3.56,"u":"11,87 €/KG","img":"https://fd5-photos.leclercdrive.fr/image.ashx?id=2732722&use=l&cat=p&typeid=i","cat":284715},{"id":5000,"n":"Frites de poulet Le Gaulois Panées France - 200g","p":2.62,"u":"13,10 €/KG","img":"https://fd5-photos.leclercdrive.fr/image.ashx?id=2261657&use=l&cat=p&typeid=i","cat":333684},{"id":5005,"n":"Rôti filet de dinde le Gaulois 600g","p":8.95,"u":"14,92 €/KG","img":"https://fd5-photos.leclercdrive.fr/image.ashx?id=2263889&use=l&cat=p&typeid=i","cat":284337},{"id":5015,"n":"Yaourts Les Zaros Délisse Fruits panachés - 16x125g","p":2.48,"u":"1,24 €/KG","img":"https://fd5-photos.leclercdrive.fr/image.ashx?id=2970444&use=l&cat=p&typeid=i","cat":284414},{"id":5016,"n":"Yaourts nature Déli'light 0% MG - 12x125g","p":1.91,"u":"1,27 €/KG","img":"https://fd5-photos.leclercdrive.fr/image.ashx?id=2922482&use=l&cat=p&typeid=i","cat":315000},{"id":5017,"n":"Betterave rouge Notre Jardin Entière cuite sous vide - 500g","p":0.72,"u":"1,44 €/KG","img":"https://fd5-photos.leclercdrive.fr/image.ashx?id=2885122&use=l&cat=p&typeid=i","cat":284352},{"id":5018,"n":"Yaourts Délisse Nature - 4x125g","p":0.65,"u":"1,30 €/KG","img":"https://fd5-photos.leclercdrive.fr/image.ashx?id=3003052&use=l&cat=p&typeid=i","cat":284409},{"id":5021,"n":"Crottin de chèvre Les Croisés 23%mg - 2x60g","p":1.78,"u":"14,83 €/KG","img":"https://fd5-photos.leclercdrive.fr/image.ashx?id=2891878&use=l&cat=p&typeid=i","cat":314031},{"id":5023,"n":"Salade composée Notre Jardin Mélée gourmande - 200g","p":0.99,"u":"4,95 €/KG","img":"https://fd5-photos.leclercdrive.fr/image.ashx?id=2718793&use=l&cat=p&typeid=i","cat":284353},{"id":5024,"n":"Viande des grisons Saint Azay 10 tranches - 80g","p":4.09,"u":"51,13 €/KG","img":"https://fd5-photos.leclercdrive.fr/image.ashx?id=2848490&use=l&cat=p&typeid=i","cat":316007},{"id":5025,"n":"Salade Notre Jardin Jeunes pousses - 125g","p":1.49,"u":"11,92 €/KG","img":"https://fd5-photos.leclercdrive.fr/image.ashx?id=2655601&use=l&cat=p&typeid=i","cat":284353},{"id":5026,"n":"Ravioli Turini Boeuf aux oignons - 300g","p":1.53,"u":"5,10 €/KG","img":"https://fd5-photos.leclercdrive.fr/image.ashx?id=2778036&use=l&cat=p&typeid=i","cat":333682},{"id":5028,"n":"Piémontaise Menu Fraîcheur Au jambon - 500g","p":2.2,"u":"4,40 €/KG","img":"https://fd5-photos.leclercdrive.fr/image.ashx?id=2901428&use=l&cat=p&typeid=i","cat":333657},{"id":5029,"n":"Museau de porc Menu Fraîcheur A la lyonnaise - 300g","p":1.99,"u":"6,63 €/KG","img":"https://fd5-photos.leclercdrive.fr/image.ashx?id=2816558&use=l&cat=p&typeid=i","cat":333657},{"id":5031,"n":"Petits chèvres doux Les Croisés 200g","p":2.02,"u":"10,10 €/KG","img":"https://fd5-photos.leclercdrive.fr/image.ashx?id=2927179&use=l&cat=p&typeid=i","cat":314031},{"id":5032,"n":"Pizza Turini Chorizo - 450g","p":2.69,"u":"5,98 €/KG","img":"https://fd5-photos.leclercdrive.fr/image.ashx?id=2987637&use=l&cat=p&typeid=i","cat":333679},{"id":5033,"n":"Galette au blé noir Côté Table Jambon  emmental 195g","p":1.49,"u":"7,64 €/KG","img":"https://fd5-photos.leclercdrive.fr/image.ashx?id=2837729&use=l&cat=p&typeid=i","cat":333672},{"id":5037,"n":"Gésiers de volaille Volandrie 300g","p":2.49,"u":"8,30 €/KG","img":"https://fd5-photos.leclercdrive.fr/image.ashx?id=2814860&use=l&cat=p&typeid=i","cat":284715},{"id":5039,"n":"Crème caramel Délisse 8x100g","p":2.98,"u":"3,73 €/KG","img":"https://fd5-photos.leclercdrive.fr/image.ashx?id=2466069&use=l&cat=p&typeid=i","cat":284419},{"id":5040,"n":"Yaourts aromatisés 0% Délisse 4 saveurs - 12x125g","p":2.64,"u":"1,76 €/KG","img":"https://fd5-photos.leclercdrive.fr/image.ashx?id=2898829&use=l&cat=p&typeid=i","cat":315000},{"id":5041,"n":"Fromage blanc Déli'light Nature 0% MG - 1kg","p":1.79,"u":"1,79 €/KG","img":"https://fd5-photos.leclercdrive.fr/image.ashx?id=2905213&use=l&cat=p&typeid=i","cat":315000},{"id":5042,"n":"Fromage raclette Les Croisés 3 variétés - 26%mg - 700g","p":9.29,"u":"13,27 €/KG","img":"https://fd5-photos.leclercdrive.fr/image.ashx?id=2791755&use=l&cat=p&typeid=i","cat":314037},{"id":5044,"n":"Fromage à tartiner Les Croisés  Ail et fines herbes 25%mg 150g","p":1.29,"u":"8,60 €/KG","img":"https://fd5-photos.leclercdrive.fr/image.ashx?id=2476122&use=l&cat=p&typeid=i","cat":314029},{"id":5045,"n":"Riz au lait Délisse Vanille - 8x115g","p":2.08,"u":"2,26 €/KG","img":"https://fd5-photos.leclercdrive.fr/image.ashx?id=2489116&use=l&cat=p&typeid=i","cat":284418},{"id":5046,"n":"Roquefort NRT AOP  Fromage de brebis -150g","p":2.99,"u":"19,93 €/KG","img":"https://fd5-photos.leclercdrive.fr/image.ashx?id=3013651&use=l&cat=p&typeid=i","cat":314032},{"id":5050,"n":"Sucre de canne Canadou 70cl","p":2.34,"u":"3,34 €/L","img":"https://fd5-photos.leclercdrive.fr/image.ashx?id=2534587&use=l&cat=p&typeid=i","cat":284551},{"id":5054,"n":"Olives Vertes Dénoyautées  100g","p":0.86,"u":"8,60 €/KG","img":"https://fd5-photos.leclercdrive.fr/image.ashx?id=2923432&use=l&cat=p&typeid=i","cat":284450},{"id":5070,"n":"Whisky Jack Daniel's Old N°7 70cL","p":19.95,"u":"28,50 €/L","img":"https://fd5-photos.leclercdrive.fr/image.ashx?id=2789763&use=l&cat=p&typeid=i","cat":284547},{"id":5071,"n":"Nettoyant Crème Vitroclen  Vitrocéramique - 200ml","p":2.07,"u":"10,35 €/L","img":"https://fd5-photos.leclercdrive.fr/image.ashx?id=2529825&use=l&cat=p&typeid=i","cat":325363},{"id":5073,"n":"Muscat Olympio Samos 75cl","p":4.24,"u":"5,65 €/L","img":"https://fd5-photos.leclercdrive.fr/image.ashx?id=2504077&use=l&cat=p&typeid=i","cat":284913},{"id":5078,"n":"Sucres morceaux Béghin Say n°4 1kg","p":1.53,"u":"1,53 €/KG","img":"https://fd5-photos.leclercdrive.fr/image.ashx?id=2860172&use=l&cat=p&typeid=i","cat":284502},{"id":5079,"n":"Sucre cristal Béghin Say 1kg","p":1.6,"u":"1,60 €/KG","img":"https://fd5-photos.leclercdrive.fr/image.ashx?id=2866343&use=l&cat=p&typeid=i","cat":284502},{"id":5080,"n":"Sucre poudre Béghin Say Etui 1kg","p":1.56,"u":"1,56 €/KG","img":"https://fd5-photos.leclercdrive.fr/image.ashx?id=2866346&use=l&cat=p&typeid=i","cat":284502},{"id":5081,"n":"Sucre poudre Béghin Say 1kg","p":1.49,"u":"1,49 €/KG","img":"https://fd5-photos.leclercdrive.fr/image.ashx?id=2866349&use=l&cat=p&typeid=i","cat":284502},{"id":5082,"n":"Sucre blanc Beghin Say Spécial confiture - 1kg","p":3.35,"u":"3,35 €/KG","img":"https://fd5-photos.leclercdrive.fr/image.ashx?id=2666761&use=l&cat=p&typeid=i","cat":284502},{"id":5090,"n":"Pepites de chocolat noir Vahiné - 100g","p":1.79,"u":"17,90 €/KG","img":"https://fd5-photos.leclercdrive.fr/image.ashx?id=2529282&use=l&cat=p&typeid=i","cat":284504},{"id":5099,"n":"Huile touche d'olive Isio 4 1L","p":4.48,"u":"4,48 €/L","img":"https://fd5-photos.leclercdrive.fr/image.ashx?id=2918724&use=l&cat=p&typeid=i","cat":284453},{"id":5103,"n":"Biscuits Maître Prunille Japonais - 250g","p":3.71,"u":"14,84 €/KG","img":"https://fd5-photos.leclercdrive.fr/image.ashx?id=2234021&use=l&cat=p&typeid=i","cat":316002},{"id":5107,"n":"Huile d'arachide Rustica  1L","p":3.55,"u":"3,55 €/L","img":"https://fd5-photos.leclercdrive.fr/image.ashx?id=3002509&use=l&cat=p&typeid=i","cat":284453},{"id":5110,"n":"Pâtes Coquillettes Turini  1kg","p":1.35,"u":"1,35 €/KG","img":"https://fd5-photos.leclercdrive.fr/image.ashx?id=2980438&use=l&cat=p&typeid=i","cat":284427},{"id":5111,"n":"Couscous Comptoir du grain Grain fin - 500g","p":1.27,"u":"2,54 €/KG","img":"https://fd5-photos.leclercdrive.fr/image.ashx?id=3012809&use=l&cat=p&typeid=i","cat":284429},{"id":5112,"n":"Chocolat blanc Tablette d'Or Blanc - 2x100g","p":2.23,"u":"11,15 €/KG","img":"https://fd5-photos.leclercdrive.fr/image.ashx?id=2790880&use=l&cat=p&typeid=i","cat":284957},{"id":5115,"n":"Biscuits Croustillants Tokapi Bacon-  85g","p":0.99,"u":"11,65 €/KG","img":"https://fd5-photos.leclercdrive.fr/image.ashx?id=2632837&use=l&cat=p&typeid=i","cat":297000},{"id":5116,"n":"Crème de pêche Auguste Muniot 15%vol. - 50cl","p":4.99,"u":"9,98 €/L","img":"https://fd5-photos.leclercdrive.fr/image.ashx?id=2753360&use=l&cat=p&typeid=i","cat":286032},{"id":5117,"n":"Café soluble Plantation Qualité filtre - 200g","p":4.4,"u":"22,00 €/KG","img":"https://fd5-photos.leclercdrive.fr/image.ashx?id=2834269&use=l&cat=p&typeid=i","cat":284843},{"id":5121,"n":"Café moulu Plantation Ethiopie - 250g","p":3.89,"u":"15,56 €/KG","img":"https://fd5-photos.leclercdrive.fr/image.ashx?id=2607434&use=l&cat=p&typeid=i","cat":284750},{"id":5126,"n":"Riz long Comptoir du Grain Cuisson rapide 10min - 1kg","p":1.69,"u":"1,69 €/KG","img":"https://fd5-photos.leclercdrive.fr/image.ashx?id=2997934&use=l&cat=p&typeid=i","cat":284428},{"id":5128,"n":"Chips Pom'lisse Bolognaise - 135g","p":1.29,"u":"9,56 €/KG","img":"https://fd5-photos.leclercdrive.fr/image.ashx?id=2919604&use=l&cat=p&typeid=i","cat":284447},{"id":5132,"n":"Croûtons Epi d'Or Nature - 2x90g","p":0.99,"u":"5,50 €/KG","img":"https://fd5-photos.leclercdrive.fr/image.ashx?id=2606037&use=l&cat=p&typeid=i","cat":284464},{"id":5139,"n":"Pommes Gala  2kg","p":3.99,"u":"2,00 €/KG","img":"https://fd5-photos.leclercdrive.fr/image.ashx?id=1630927&use=l&cat=p&typeid=i","cat":284356},{"id":5141,"n":"Protège-document Esquisse Multicoloris","p":2.49,"img":"https://fd5-photos.leclercdrive.fr/image.ashx?id=2943145&use=l&cat=p&typeid=i","cat":284745},{"id":5142,"n":"Feutres de coloriage Esquisse Lavable Pointe moyenne x12","p":1.29,"img":"https://fd5-photos.leclercdrive.fr/image.ashx?id=2943151&use=l&cat=p&typeid=i","cat":284696},{"id":5144,"n":"Classeur cahier Esquisse Multicoloris 21x29.7cm -Dos 2cm","p":1.89,"img":"https://fd5-photos.leclercdrive.fr/image.ashx?id=2727668&use=l&cat=p&typeid=i","cat":284745},{"id":5147,"n":"Crayons de couleur Esquisse x12","p":0.99,"img":"https://fd5-photos.leclercdrive.fr/image.ashx?id=2943163&use=l&cat=p&typeid=i","cat":284696},{"id":5158,"n":"Déodorant Bille Femme Nivea Dry Confort 72H - 50ml","p":1.91,"u":"38,20 €/L","img":"https://fd5-photos.leclercdrive.fr/image.ashx?id=2871058&use=l&cat=p&typeid=i","cat":284595},{"id":5160,"n":"Pur jus de fruits Tropicana Réveil fruité - 1,5L","p":3.58,"u":"2,39 €/L","img":"https://fd5-photos.leclercdrive.fr/image.ashx?id=2606400&use=l&cat=p&typeid=i","cat":284521},{"id":5166,"n":"Sucettes Chupa Chups The Best x16 192g","p":2.2,"u":"11,46 €/KG","img":"https://fd5-photos.leclercdrive.fr/image.ashx?id=2647654&use=l&cat=p&typeid=i","cat":304250},{"id":5176,"n":"Pâtes Alphabet Panzani 500g","p":1.31,"u":"2,62 €/KG","img":"https://fd5-photos.leclercdrive.fr/image.ashx?id=2896063&use=l&cat=p&typeid=i","cat":284427},{"id":5211,"n":"Navet 500g","p":2.49,"u":"4,98 €/KG","img":"https://fd5-photos.leclercdrive.fr/image.ashx?id=1632545&use=l&cat=p&typeid=i","cat":284352},{"id":5216,"n":"Poivron doux rouge 500g","p":4.55,"u":"9,10 €/KG","img":"https://fd5-photos.leclercdrive.fr/image.ashx?id=1633055&use=l&cat=p&typeid=i","cat":284352},{"id":5217,"n":"Poivron doux vert  500g","p":4.75,"u":"9,50 €/KG","img":"https://fd5-photos.leclercdrive.fr/image.ashx?id=1633058&use=l&cat=p&typeid=i","cat":284352},{"id":5227,"n":"Pâtes Lustucru coquillettes Oeufs frais - 250g","p":0.8,"u":"3,20 €/KG","img":"https://fd5-photos.leclercdrive.fr/image.ashx?id=2519474&use=l&cat=p&typeid=i","cat":284427},{"id":5229,"n":"Torsades Lustucru  Aux œufs - 250g","p":1.09,"u":"4,36 €/KG","img":"https://fd5-photos.leclercdrive.fr/image.ashx?id=2503945&use=l&cat=p&typeid=i","cat":284427},{"id":5248,"n":"Yaourts aux fruits Délisse Panaché de fruits - 12x125g","p":3.39,"u":"2,26 €/KG","img":"https://fd5-photos.leclercdrive.fr/image.ashx?id=2658575&use=l&cat=p&typeid=i","cat":284410},{"id":5250,"n":"Crème glacée Eskiss Pistache avec éclats - 494g","p":2.51,"u":"5,08 €/KG","img":"https://fd5-photos.leclercdrive.fr/image.ashx?id=2982586&use=l&cat=p&typeid=i","cat":284263},{"id":5252,"n":"Pansements Primoplast Spécial articulations 10 bandes","p":1.99,"img":"https://fd5-photos.leclercdrive.fr/image.ashx?id=2856420&use=l&cat=p&typeid=i","cat":284630},{"id":5253,"n":"Pansements Primoplast Spécial Articulations x30","p":1.59,"img":"https://fd5-photos.leclercdrive.fr/image.ashx?id=2832912&use=l&cat=p&typeid=i","cat":284630},{"id":5255,"n":"Croc Côté Croc Poulet Fromage x2 - 200g","p":1.54,"u":"7,70 €/KG","img":"https://fd5-photos.leclercdrive.fr/image.ashx?id=2967549&use=l&cat=p&typeid=i","cat":333683},{"id":5256,"n":"Bonbons Copains Copines Assortiment - 750g","p":3.85,"u":"5,13 €/KG","img":"https://fd5-photos.leclercdrive.fr/image.ashx?id=2934652&use=l&cat=p&typeid=i","cat":304250},{"id":5261,"n":"Fromage blanc Délisse Nature 7.8% MG - 8x100g","p":2.89,"u":"3,61 €/KG","img":"https://fd5-photos.leclercdrive.fr/image.ashx?id=3012812&use=l&cat=p&typeid=i","cat":284409},{"id":5264,"n":"Crème glacée Eskiss Fraise avec morceaux - 494g","p":2.84,"u":"5,75 €/KG","img":"https://fd5-photos.leclercdrive.fr/image.ashx?id=2982598&use=l&cat=p&typeid=i","cat":284263},{"id":5265,"n":"Piémontaise Menu Fraîcheur  Au jambon - 300g","p":1.59,"u":"5,30 €/KG","img":"https://fd5-photos.leclercdrive.fr/image.ashx?id=2901425&use=l&cat=p&typeid=i","cat":333657},{"id":5271,"n":"Betteraves Menu Fraîcheur  Rouge en dés - 300g","p":1.19,"u":"3,97 €/KG","img":"https://fd5-photos.leclercdrive.fr/image.ashx?id=2552418&use=l&cat=p&typeid=i","cat":333657},{"id":5273,"n":"Pilons de poulet Côté Croc à l'Indienne - 250g","p":2.49,"u":"9,96 €/KG","img":"https://fd5-photos.leclercdrive.fr/image.ashx?id=2560473&use=l&cat=p&typeid=i","cat":333685},{"id":5274,"n":"Quiche lorraine Coté Table 2x130g","p":2.69,"u":"10,35 €/KG","img":"https://fd5-photos.leclercdrive.fr/image.ashx?id=2869790&use=l&cat=p&typeid=i","cat":333680},{"id":5275,"n":"Taboulé Menu Fraîcheur Aux crevettes - 300g","p":1.95,"u":"6,50 €/KG","img":"https://fd5-photos.leclercdrive.fr/image.ashx?id=2645888&use=l&cat=p&typeid=i","cat":333657},{"id":5276,"n":"Pizza Turini Lardons Chèvre - 200g","p":1.53,"u":"7,65 €/KG","img":"https://fd5-photos.leclercdrive.fr/image.ashx?id=1964330&use=l&cat=p&typeid=i","cat":333679},{"id":5277,"n":"Yaourts Pâtissiers Délisse Spécialités gourmandes-12x125g","p":3.17,"u":"2,11 €/KG","img":"https://fd5-photos.leclercdrive.fr/image.ashx?id=2501667&use=l&cat=p&typeid=i","cat":314999},{"id":5281,"n":"Yaourts Petits Délis Chocolat - 6x100g","p":1.91,"u":"3,18 €/KG","img":"https://fd5-photos.leclercdrive.fr/image.ashx?id=2865188&use=l&cat=p&typeid=i","cat":284414},{"id":5284,"n":"Foies de volaille Volandrie confits - 300g","p":2.7,"u":"9,00 €/KG","img":"https://fd5-photos.leclercdrive.fr/image.ashx?id=2814857&use=l&cat=p&typeid=i","cat":284715},{"id":5285,"n":"Escalope Normande Côté Croc x2 - 200g","p":1.78,"u":"8,90 €/KG","img":"https://fd5-photos.leclercdrive.fr/image.ashx?id=2488353&use=l&cat=p&typeid=i","cat":333683},{"id":5288,"n":"Crème dessert Petits Délis Chocolat et lait - 6x70g","p":1.3,"u":"3,10 €/KG","img":"https://fd5-photos.leclercdrive.fr/image.ashx?id=2572061&use=l&cat=p&typeid=i","cat":285041},{"id":5289,"n":"Torti au surimi Menu Fraîcheur 300g","p":1.7,"u":"5,67 €/KG","img":"https://fd5-photos.leclercdrive.fr/image.ashx?id=2965443&use=l&cat=p&typeid=i","cat":333657},{"id":5290,"n":"Salade Menu Fraîcheur Strasbourgeoise - 300g","p":2.29,"u":"7,63 €/KG","img":"https://fd5-photos.leclercdrive.fr/image.ashx?id=2727626&use=l&cat=p&typeid=i","cat":333657},{"id":5291,"n":"Cordon bleu Côté Croc Dinde - 400g","p":3.67,"u":"9,18 €/KG","img":"https://fd5-photos.leclercdrive.fr/image.ashx?id=2915116&use=l&cat=p&typeid=i","cat":333683},{"id":5293,"n":"Biscuits apéritifs Tokapi 3 saveurs - 100g","p":0.79,"u":"7,90 €/KG","img":"https://fd5-photos.leclercdrive.fr/image.ashx?id=2885768&use=l&cat=p&typeid=i","cat":284449},{"id":5294,"n":"Yaourts brassés Délisse Nature - 4x125g","p":1.05,"u":"2,10 €/KG","img":"https://fd5-photos.leclercdrive.fr/image.ashx?id=2982892&use=l&cat=p&typeid=i","cat":284409},{"id":5308,"n":"Biscuits Mini Rollos Pépito Chocolat au lait - 225g","p":1.76,"u":"7,82 €/KG","img":"https://fd5-photos.leclercdrive.fr/image.ashx?id=3014407&use=l&cat=p&typeid=i","cat":284488},{"id":5310,"n":"Petits pois d'aucy  Extra-fins - 560g","p":1.47,"u":"2,63 €/KG","img":"https://fd5-photos.leclercdrive.fr/image.ashx?id=2426361&use=l&cat=p&typeid=i","cat":312607},{"id":5311,"n":"Petits pois carottes d'Aucy A l'étuvée - Extra fins - 530g","p":1.48,"u":"2,79 €/KG","img":"https://fd5-photos.leclercdrive.fr/image.ashx?id=2426364&use=l&cat=p&typeid=i","cat":312607},{"id":5314,"n":"Haricots verts d'aucy  Extra-fins - 1/2","p":1.04,"u":"4,73 €/KG","img":"https://fd5-photos.leclercdrive.fr/image.ashx?id=2512728&use=l&cat=p&typeid=i","cat":312606},{"id":5317,"n":"Lentilles cuisinées Raynal Et Roquelaure - 410g","p":1.13,"u":"2,76 €/KG","img":"https://fd5-photos.leclercdrive.fr/image.ashx?id=2928396&use=l&cat=p&typeid=i","cat":312609},{"id":5318,"n":"Biscuits galettes St Michel 130g","p":0.95,"u":"7,31 €/KG","img":"https://fd5-photos.leclercdrive.fr/image.ashx?id=2986149&use=l&cat=p&typeid=i","cat":284487},{"id":5321,"n":"Chocolat poudre Benco 400g","p":2.23,"u":"5,58 €/KG","img":"https://fd5-photos.leclercdrive.fr/image.ashx?id=2871805&use=l&cat=p&typeid=i","cat":293235},{"id":5325,"n":"Confiture Bonne Maman Fraise - 370g","p":1.9,"u":"5,14 €/KG","img":"https://fd5-photos.leclercdrive.fr/image.ashx?id=2474984&use=l&cat=p&typeid=i","cat":284480},{"id":5329,"n":"Saucisses aux lentilles William Saurin - 420g","p":1.88,"u":"4,48 €/KG","img":"https://fd5-photos.leclercdrive.fr/image.ashx?id=2890067&use=l&cat=p&typeid=i","cat":284441},{"id":5339,"n":"Fruits au sirop St Mamet Cocktail - 500g","p":3.72,"u":"7,44 €/KG","img":"https://fd5-photos.leclercdrive.fr/image.ashx?id=2412435&use=l&cat=p&typeid=i","cat":284507},{"id":5342,"n":"Soda Canada Dry Ginger Ale 1,5L","p":1.91,"u":"1,27 €/L","img":"https://fd5-photos.leclercdrive.fr/image.ashx?id=2654674&use=l&cat=p&typeid=i","cat":284531},{"id":5362,"n":"Vin mousseux Charles Volner Brut - 12%vol. - 75cl","p":4.07,"u":"5,43 €/L","img":"https://fd5-photos.leclercdrive.fr/image.ashx?id=1592052&use=l&cat=p&typeid=i","cat":284544},{"id":5364,"n":"Fromage blanc Délisse Nature 7% MG - 1kg","p":2.39,"u":"2,39 €/KG","img":"https://fd5-photos.leclercdrive.fr/image.ashx?id=2834999&use=l&cat=p&typeid=i","cat":284409},{"id":5366,"n":"Cire Dépilatoire Siliss Méthode orientale - 250ml","p":3.89,"u":"15,56 €/L","img":"https://fd5-photos.leclercdrive.fr/image.ashx?id=2699396&use=l&cat=p&typeid=i","cat":325351},{"id":5367,"n":"Biscuits tuiles P'tit Déli 100g","p":1.17,"u":"11,70 €/KG","img":"https://fd5-photos.leclercdrive.fr/image.ashx?id=1898889&use=l&cat=p&typeid=i","cat":284487},{"id":5368,"n":"Biscuits Croustillants Tokapi Gouda - 85g","p":0.99,"u":"11,65 €/KG","img":"https://fd5-photos.leclercdrive.fr/image.ashx?id=2507685&use=l&cat=p&typeid=i","cat":297000},{"id":5369,"n":"Légumes couscous Notre Jardin 800g","p":1.49,"u":"1,86 €/KG","img":"https://fd5-photos.leclercdrive.fr/image.ashx?id=2854213&use=l&cat=p&typeid=i","cat":312612},{"id":5381,"n":"Dentifrice Dentamyl Haleine fraîche 75ml","p":1.39,"u":"18,53 €/L","img":"https://fd5-photos.leclercdrive.fr/image.ashx?id=2613828&use=l&cat=p&typeid=i","cat":284612},{"id":5385,"n":"Lait coco Tables du Monde 200ml","p":0.86,"u":"4,30 €/L","img":"https://fd5-photos.leclercdrive.fr/image.ashx?id=2920172&use=l&cat=p&typeid=i","cat":288992},{"id":5386,"n":"Biscuit Petit beurre P'tit Déli Tablette chocolat lait - 150g","p":1.29,"u":"8,60 €/KG","img":"https://fd5-photos.leclercdrive.fr/image.ashx?id=2949176&use=l&cat=p&typeid=i","cat":284488},{"id":5387,"n":"Boisson soja Calcium Végé 1L Végé - 200g","p":0.93,"u":"0,93 €/L","img":"https://fd5-photos.leclercdrive.fr/image.ashx?id=2859155&use=l&cat=p&typeid=i","cat":316067},{"id":5390,"n":"Crème anglaise Délisse 50cl","p":1.28,"u":"2,56 €/L","img":"https://fd5-photos.leclercdrive.fr/image.ashx?id=3002569&use=l&cat=p&typeid=i","cat":284382},{"id":5391,"n":"Yaourts à boire Délisse 3 parfums - 6x180g","p":2.39,"u":"2,21 €/KG","img":"https://fd5-photos.leclercdrive.fr/image.ashx?id=2757924&use=l&cat=p&typeid=i","cat":284415},{"id":5393,"n":"Fromage blanc Délisse Framboise 5.5% MG - 500g","p":2.39,"u":"4,78 €/KG","img":"https://fd5-photos.leclercdrive.fr/image.ashx?id=3012821&use=l&cat=p&typeid=i","cat":284409},{"id":5396,"n":"Bain de bouche Dentamyl Multi Protection - 500ml","p":1.89,"u":"3,78 €/L","img":"https://fd5-photos.leclercdrive.fr/image.ashx?id=2500806&use=l&cat=p&typeid=i","cat":284613},{"id":5399,"n":"Pur jus d'orange Bio Village Bio sans pulpe - 1L","p":2.45,"u":"2,45 €/L","img":"https://fd5-photos.leclercdrive.fr/image.ashx?id=2901521&use=l&cat=p&typeid=i","cat":284521},{"id":5400,"n":"Nouilles bouclées d'Alsace NRT 250g","p":1.39,"u":"5,56 €/KG","img":"https://fd5-photos.leclercdrive.fr/image.ashx?id=2326316&use=l&cat=p&typeid=i","cat":284427},{"id":5403,"n":"Plumes d'Alsace NRT 250g","p":1.39,"u":"5,56 €/KG","img":"https://fd5-photos.leclercdrive.fr/image.ashx?id=2839971&use=l&cat=p&typeid=i","cat":284427},{"id":5404,"n":"IGP Coquilles d'Alsace NRT 250g","p":1.39,"u":"5,56 €/KG","img":"https://fd5-photos.leclercdrive.fr/image.ashx?id=2839974&use=l&cat=p&typeid=i","cat":284427},{"id":5405,"n":"Saucisse sèche d'Auvergne  NRT - 300g","p":5.74,"u":"19,13 €/KG","img":"https://fd5-photos.leclercdrive.fr/image.ashx?id=2991473&use=l&cat=p&typeid=i","cat":316006},{"id":5406,"n":"Saucisson sec d'Auvergne IGP Nos Régions ont du Talent 300g","p":5.54,"u":"18,47 €/KG","img":"https://fd5-photos.leclercdrive.fr/image.ashx?id=2991476&use=l&cat=p&typeid=i","cat":316006},{"id":5407,"n":"Coquillettes d'Alsace NRT 250g","p":1.39,"u":"5,56 €/KG","img":"https://fd5-photos.leclercdrive.fr/image.ashx?id=2839977&use=l&cat=p&typeid=i","cat":284427},{"id":5414,"n":"Soin de jour Diadermine Lift+ Anti-rides - Hydratant - 50ml","p":7.59,"u":"151,80 €/L","img":"https://fd5-photos.leclercdrive.fr/image.ashx?id=2551468&use=l&cat=p&typeid=i","cat":325345},{"id":5426,"n":"Soin de jour Diadermine Lift+ Anti-rides - Sublimant - 50ml","p":6.82,"u":"136,40 €/L","img":"https://fd5-photos.leclercdrive.fr/image.ashx?id=2993098&use=l&cat=p&typeid=i","cat":325345},{"id":5449,"n":"Boîte chat Whiskas Terrine du marché - 4x400g","p":4.55,"u":"2,84 €/KG","img":"https://fd5-photos.leclercdrive.fr/image.ashx?id=2759619&use=l&cat=p&typeid=i","cat":285601},{"id":5465,"n":"Eau de source de Montagne 6x50cl","p":1.56,"u":"0,52 €/L","img":"https://fd5-photos.leclercdrive.fr/image.ashx?id=2727614&use=l&cat=p&typeid=i","cat":284535},{"id":5467,"n":"Papier toilette Parfumé Mimosa Instant zen - x6","p":2.85,"u":"0,48 €/P","img":"https://fd5-photos.leclercdrive.fr/image.ashx?id=2836313&use=l&cat=p&typeid=i","cat":284634},{"id":5468,"n":"Papier toilette Parfumé Mimosa Soleil d'été - x6","p":2.99,"u":"0,50 €/P","img":"https://fd5-photos.leclercdrive.fr/image.ashx?id=2836316&use=l&cat=p&typeid=i","cat":284634},{"id":5472,"n":"Biscuits barquettes P'tit Déli Fraise - 2x120g","p":1.66,"u":"6,92 €/KG","img":"https://fd5-photos.leclercdrive.fr/image.ashx?id=2691168&use=l&cat=p&typeid=i","cat":284489},{"id":5480,"n":"Biscuits Dejeuner REM 3x255g","p":3.26,"u":"4,26 €/KG","img":"https://fd5-photos.leclercdrive.fr/image.ashx?id=3002201&use=l&cat=p&typeid=i","cat":284491},{"id":5497,"n":"Gelée Bonne Maman Cassis - 370g","p":1.99,"u":"5,38 €/KG","img":"https://fd5-photos.leclercdrive.fr/image.ashx?id=2901662&use=l&cat=p&typeid=i","cat":284480},{"id":5498,"n":"Comté des terroirs Entremont 200g","p":3.19,"u":"15,95 €/KG","img":"https://fd5-photos.leclercdrive.fr/image.ashx?id=2474245&use=l&cat=p&typeid=i","cat":314034},{"id":5500,"n":"Sel La Baleine Moulu, extra fin iodé 250g","p":0.45,"u":"1,80 €/KG","img":"https://fd5-photos.leclercdrive.fr/image.ashx?id=2788523&use=l&cat=p&typeid=i","cat":284457},{"id":5501,"n":"Sel La Baleine  Fin iodé 125g","p":0.35,"u":"2,80 €/KG","img":"https://fd5-photos.leclercdrive.fr/image.ashx?id=2019879&use=l&cat=p&typeid=i","cat":284457},{"id":5509,"n":"Pâtes Torsades Turini 1kg","p":1.29,"u":"1,29 €/KG","img":"https://fd5-photos.leclercdrive.fr/image.ashx?id=2980459&use=l&cat=p&typeid=i","cat":284427},{"id":5511,"n":"Sparadrap Primoplast Peaux délicates 5mx2.5cm","p":1.48,"img":"https://fd5-photos.leclercdrive.fr/image.ashx?id=2856426&use=l&cat=p&typeid=i","cat":284630},{"id":5512,"n":"Sparadrap Primoplast résistant 5mx2.5cm","p":1.49,"img":"https://fd5-photos.leclercdrive.fr/image.ashx?id=2856435&use=l&cat=p&typeid=i","cat":284630},{"id":5513,"n":"Miel Nid d'Abeille Crémeux - 1 kg","p":6.39,"u":"6,39 €/KG","img":"https://fd5-photos.leclercdrive.fr/image.ashx?id=2550369&use=l&cat=p&typeid=i","cat":287643},{"id":5514,"n":"Bande strapping Primoplast Adhésive 2.5mx6cm","p":3.39,"img":"https://fd5-photos.leclercdrive.fr/image.ashx?id=2856441&use=l&cat=p&typeid=i","cat":284630},{"id":5515,"n":"Vin mousseux d'Union Européenne  brut  -75cl","p":2.99,"u":"3,99 €/L","img":"https://fd5-photos.leclercdrive.fr/image.ashx?id=2807279&use=l&cat=p&typeid=i","cat":284544},{"id":5517,"n":"Canapés toasts Epi d'Or Nature - 280g","p":1.12,"u":"4,00 €/KG","img":"https://fd5-photos.leclercdrive.fr/image.ashx?id=1859140&use=l&cat=p&typeid=i","cat":285454},{"id":5526,"n":"Fromage Bleu d'Auvergne NRT  AOP - 125g","p":1.39,"u":"11,12 €/KG","img":"https://fd5-photos.leclercdrive.fr/image.ashx?id=2771040&use=l&cat=p&typeid=i","cat":314032},{"id":5529,"n":"Croquettes petits chiens Ultima  Poulet - Yorkshire - 800g","p":3.22,"u":"4,03 €/KG","img":"https://fd5-photos.leclercdrive.fr/image.ashx?id=2922224&use=l&cat=p&typeid=i","cat":294526},{"id":5534,"n":"Copies doubles Esquisse Perforées  21x29.7cm- 300 pages","p":2.49,"img":"https://fd5-photos.leclercdrive.fr/image.ashx?id=2943202&use=l&cat=p&typeid=i","cat":284697},{"id":5536,"n":"Biscuits Pockitos Pépito Chocolat au lait - 295g","p":3.16,"u":"10,71 €/KG","img":"https://fd5-photos.leclercdrive.fr/image.ashx?id=3001955&use=l&cat=p&typeid=i","cat":284488},{"id":5542,"n":"Quenelles Petitjean veau Naturel - 255g","p":1.61,"u":"6,31 €/KG","img":"https://fd5-photos.leclercdrive.fr/image.ashx?id=2676573&use=l&cat=p&typeid=i","cat":284441},{"id":5543,"n":"Petites quenelles Petitjean De volaille au naturel - 255g","p":1.8,"u":"7,06 €/KG","img":"https://fd5-photos.leclercdrive.fr/image.ashx?id=2677225&use=l&cat=p&typeid=i","cat":284441},{"id":5545,"n":"Garniture Bouchées à la reine Petit Jean - 400g","p":2.14,"u":"5,35 €/KG","img":"https://fd5-photos.leclercdrive.fr/image.ashx?id=2677240&use=l&cat=p&typeid=i","cat":284441},{"id":5546,"n":"Pâté de foie William Saurin - 3x78g","p":1.89,"u":"8,08 €/KG","img":"https://fd5-photos.leclercdrive.fr/image.ashx?id=2392756&use=l&cat=p&typeid=i","cat":305149},{"id":5560,"n":"Tampons Doulys Digitaux Mini - x24","p":1.62,"u":"0,07 €/P","img":"https://fd5-photos.leclercdrive.fr/image.ashx?id=2965407&use=l&cat=p&typeid=i","cat":284626},{"id":5561,"n":"Tampons Doulys Digitaux Super - x24","p":1.26,"u":"0,05 €/P","img":"https://fd5-photos.leclercdrive.fr/image.ashx?id=2965413&use=l&cat=p&typeid=i","cat":284626},{"id":5563,"n":"Biscuits P'tit Déli Délimousse 175g","p":1.51,"u":"8,63 €/KG","img":"https://fd5-photos.leclercdrive.fr/image.ashx?id=2540936&use=l&cat=p&typeid=i","cat":284495},{"id":5564,"n":"Lingettes nettoyantes Clair Vitres 3en1 x20","p":0.87,"u":"0,04 €/P","img":"https://fd5-photos.leclercdrive.fr/image.ashx?id=2858827&use=l&cat=p&typeid=i","cat":325363},{"id":5573,"n":"Quenelles Côté Table volaille Sauce champignons 400g","p":1.75,"u":"4,38 €/KG","img":"https://fd5-photos.leclercdrive.fr/image.ashx?id=2977135&use=l&cat=p&typeid=i","cat":284441},{"id":5574,"n":"Quenelles Côté Table saumon Sauce crevette 400g","p":1.8,"u":"4,50 €/KG","img":"https://fd5-photos.leclercdrive.fr/image.ashx?id=2977138&use=l&cat=p&typeid=i","cat":284441},{"id":5575,"n":"Compote Douceur du Verger Gourdes Pomme - 12x90g","p":2.7,"u":"2,50 €/KG","img":"https://fd5-photos.leclercdrive.fr/image.ashx?id=2837033&use=l&cat=p&typeid=i","cat":284508},{"id":5576,"n":"Biscuits choco barre P'tit Déli Chocolat lait 295g","p":2.64,"u":"8,95 €/KG","img":"https://fd5-photos.leclercdrive.fr/image.ashx?id=2618229&use=l&cat=p&typeid=i","cat":284488},{"id":5578,"n":"Cuillers à pâtisserie  P'tit Déli 300g","p":2.49,"u":"8,30 €/KG","img":"https://fd5-photos.leclercdrive.fr/image.ashx?id=2046352&use=l&cat=p&typeid=i","cat":284487},{"id":5600,"n":"Pâté Hénaff 78g","p":1.12,"u":"14,36 €/KG","img":"https://fd5-photos.leclercdrive.fr/image.ashx?id=2280516&use=l&cat=p&typeid=i","cat":305149},{"id":5619,"n":"Oeufs de lompe Ronde des Mers Rouge - MSC - 100g","p":2.6,"u":"26,00 €/KG","img":"https://fd5-photos.leclercdrive.fr/image.ashx?id=2822720&use=l&cat=p&typeid=i","cat":285191},{"id":5622,"n":"Croquettes chiens Lydog Spécial Forme - Volaille - 4kg","p":4.99,"u":"1,25 €/KG","img":"https://fd5-photos.leclercdrive.fr/image.ashx?id=2191117&use=l&cat=p&typeid=i","cat":284672},{"id":5624,"n":"Croquettes chiens Lydog Junior - Volaille - 4kg","p":7.98,"u":"2,00 €/KG","img":"https://fd5-photos.leclercdrive.fr/image.ashx?id=1937477&use=l&cat=p&typeid=i","cat":284672},{"id":5626,"n":"Bonbons Copains Copines Frites acides - 275 g","p":1.71,"u":"6,22 €/KG","img":"https://fd5-photos.leclercdrive.fr/image.ashx?id=2934655&use=l&cat=p&typeid=i","cat":304250},{"id":5630,"n":"Papier toilette blanc Mimosa Ultra doux maxi rouleau - x12","p":5.4,"u":"0,45 €/P","img":"https://fd5-photos.leclercdrive.fr/image.ashx?id=2777848&use=l&cat=p&typeid=i","cat":284634},{"id":5633,"n":"Soufflés Grignot' Tokapi Cacahuète - 90g","p":0.7,"u":"7,78 €/KG","img":"https://fd5-photos.leclercdrive.fr/image.ashx?id=2049223&use=l&cat=p&typeid=i","cat":284449},{"id":5635,"n":"Rosette de Lyon NRT 400g","p":5.72,"u":"14,30 €/KG","img":"https://fd5-photos.leclercdrive.fr/image.ashx?id=2991491&use=l&cat=p&typeid=i","cat":316006},{"id":5681,"n":"Baguette Tradition           250g","p":1.05,"u":"4,20 €/KG","img":"https://fd5-photos.leclercdrive.fr/image.ashx?id=2442057&use=l&cat=p&typeid=i","cat":284359},{"id":5683,"n":"Champignon de Paris  250g","p":0.95,"u":"3,80 €/KG","img":"https://fd5-photos.leclercdrive.fr/image.ashx?id=1631910&use=l&cat=p&typeid=i","cat":284352},{"id":5718,"n":"Tampons Doulys avec applicateur Super - x24","p":2.47,"u":"0,10 €/P","img":"https://fd5-photos.leclercdrive.fr/image.ashx?id=2965458&use=l&cat=p&typeid=i","cat":284626},{"id":5728,"n":"Petits pots Hipp Biologique Tagliatelles épinards 2x250g","p":3.18,"u":"6,36 €/KG","img":"https://fd5-photos.leclercdrive.fr/image.ashx?id=2924665&use=l&cat=p&typeid=i","cat":312239},{"id":5772,"n":"Biscuits tartelette Bonne Maman Citron 125g","p":1.52,"u":"12,16 €/KG","img":"https://fd5-photos.leclercdrive.fr/image.ashx?id=2962296&use=l&cat=p&typeid=i","cat":284489},{"id":5816,"n":"Rillettes de thon Cap Océan MSC 150g","p":1.88,"u":"12,53 €/KG","img":"https://fd5-photos.leclercdrive.fr/image.ashx?id=2668440&use=l&cat=p&typeid=i","cat":285191},{"id":5817,"n":"Rillettes de saumon Cap ocean 150g","p":1.88,"u":"12,53 €/KG","img":"https://fd5-photos.leclercdrive.fr/image.ashx?id=2985147&use=l&cat=p&typeid=i","cat":285191},{"id":5820,"n":"Blinis fins Blinis x4 - 200g","p":1.34,"u":"6,70 €/KG","img":"https://fd5-photos.leclercdrive.fr/image.ashx?id=2975272&use=l&cat=p&typeid=i","cat":285191},{"id":5823,"n":"Lait demi-écrémé Lactel Vitamine D Bouteille - 6x50cl","p":5.88,"u":"1,96 €/L","img":"https://fd5-photos.leclercdrive.fr/image.ashx?id=2993403&use=l&cat=p&typeid=i","cat":284377},{"id":5831,"n":"Ketchup Rustica Epicé - 560g","p":1.59,"u":"2,84 €/KG","img":"https://fd5-photos.leclercdrive.fr/image.ashx?id=3005667&use=l&cat=p&typeid=i","cat":284455},{"id":5833,"n":"Biscuits Cuillers P'tit Déli Dégustation x20 - 200g","p":2.49,"u":"12,45 €/KG","img":"https://fd5-photos.leclercdrive.fr/image.ashx?id=1856164&use=l&cat=p&typeid=i","cat":284487},{"id":5834,"n":"Saumon fumé Rondes des Mers ASC Norvège x8T - 300g","p":10.69,"u":"35,63 €/KG","img":"https://fd5-photos.leclercdrive.fr/image.ashx?id=2833093&use=l&cat=p&typeid=i","cat":285188},{"id":5838,"n":"Petit salé Côté Table lentilles A l'auvergnate 420g","p":2.3,"u":"5,48 €/KG","img":"https://fd5-photos.leclercdrive.fr/image.ashx?id=2977123&use=l&cat=p&typeid=i","cat":284441},{"id":5840,"n":"Filets anchois Rondes des mers 105g","p":2.73,"u":"26,00 €/KG","img":"https://fd5-photos.leclercdrive.fr/image.ashx?id=1671616&use=l&cat=p&typeid=i","cat":285190},{"id":5841,"n":"Allume-feu Silex gel 1L","p":4.52,"u":"4,52 €/L","img":"https://fd5-photos.leclercdrive.fr/image.ashx?id=2753363&use=l&cat=p&typeid=i","cat":300578},{"id":5842,"n":"Mélange exotique Couleurs Vives 250g","p":2.23,"u":"8,92 €/KG","img":"https://fd5-photos.leclercdrive.fr/image.ashx?id=2691102&use=l&cat=p&typeid=i","cat":284448},{"id":5844,"n":"Saumon Ronde des Mers Tranches pour toasts - 80g","p":4.59,"u":"57,38 €/KG","img":"https://fd5-photos.leclercdrive.fr/image.ashx?id=2449972&use=l&cat=p&typeid=i","cat":285188},{"id":5846,"n":"Saumon fumé Ronde des Mers Ecosse x8T - 300g","p":10.99,"u":"36,63 €/KG","img":"https://fd5-photos.leclercdrive.fr/image.ashx?id=2449978&use=l&cat=p&typeid=i","cat":285188},{"id":5850,"n":"Couscous Côté Table Poulet merguez 450g","p":2.7,"u":"6,00 €/KG","img":"https://fd5-photos.leclercdrive.fr/image.ashx?id=1936608&use=l&cat=p&typeid=i","cat":333665},{"id":5855,"n":"Lasagnes bolognaise Côté Table 350g","p":2.85,"u":"8,14 €/KG","img":"https://fd5-photos.leclercdrive.fr/image.ashx?id=1701331&use=l&cat=p&typeid=i","cat":333665},{"id":5856,"n":"Préparation pour crème brûlée Délisse 4x100g","p":2.59,"u":"6,48 €/KG","img":"https://fd5-photos.leclercdrive.fr/image.ashx?id=2842465&use=l&cat=p&typeid=i","cat":284419},{"id":5857,"n":"Hachis parmentier Côté Table 300g","p":2.19,"u":"7,30 €/KG","img":"https://fd5-photos.leclercdrive.fr/image.ashx?id=2616733&use=l&cat=p&typeid=i","cat":333665},{"id":5859,"n":"Guacamole Tables du Monde 200g","p":2.29,"u":"13,09 €/KG","img":"https://fd5-photos.leclercdrive.fr/image.ashx?id=2872252&use=l&cat=p&typeid=i","cat":315999},{"id":5860,"n":"Petit pot de crème Délisse Pistache - 4x100g","p":1.85,"u":"4,63 €/KG","img":"https://fd5-photos.leclercdrive.fr/image.ashx?id=2550378&use=l&cat=p&typeid=i","cat":285041},{"id":5868,"n":"Spécialité au soja Nat & Vie Vanille - 4x100g","p":1.37,"u":"3,43 €/KG","img":"https://fd5-photos.leclercdrive.fr/image.ashx?id=2901434&use=l&cat=p&typeid=i","cat":316071},{"id":5869,"n":"Spécialité au soja Nat & Vie Chocolat - 4x100g","p":1.34,"u":"3,35 €/KG","img":"https://fd5-photos.leclercdrive.fr/image.ashx?id=2901437&use=l&cat=p&typeid=i","cat":316071},{"id":5870,"n":"Boisson soja nature Végé 1L Végé - 200g","p":0.85,"u":"0,85 €/L","img":"https://fd5-photos.leclercdrive.fr/image.ashx?id=2861413&use=l&cat=p&typeid=i","cat":316067},{"id":5871,"n":"Yaourts à boire DéliUp' Délisse Fraise - 10x100g","p":2.87,"u":"2,87 €/KG","img":"https://fd5-photos.leclercdrive.fr/image.ashx?id=1871092&use=l&cat=p&typeid=i","cat":284415},{"id":5873,"n":"Beignets crevettes Tables du Monde x6 140g","p":2.06,"u":"14,71 €/KG","img":"https://fd5-photos.leclercdrive.fr/image.ashx?id=2865053&use=l&cat=p&typeid=i","cat":333673},{"id":5876,"n":"Court-bouillon Rustica 150g","p":1.25,"u":"8,33 €/KG","img":"https://fd5-photos.leclercdrive.fr/image.ashx?id=1743584&use=l&cat=p&typeid=i","cat":288379},{"id":5877,"n":"Petit pot de crème Délisse Chocolat - 8x100g","p":3.57,"u":"4,46 €/KG","img":"https://fd5-photos.leclercdrive.fr/image.ashx?id=2544970&use=l&cat=p&typeid=i","cat":285041},{"id":5878,"n":"Jus 3 agrumes Jafaden 1L","p":2.75,"u":"2,75 €/L","img":"https://fd5-photos.leclercdrive.fr/image.ashx?id=2916665&use=l&cat=p&typeid=i","cat":285435},{"id":5880,"n":"Yaourts mousse Petits Délis Fruits - 6x74g","p":1.77,"u":"3,99 €/KG","img":"https://fd5-photos.leclercdrive.fr/image.ashx?id=2907057&use=l&cat=p&typeid=i","cat":284414},{"id":5884,"n":"Gratin dauphinois Côté Table 280g","p":2.89,"u":"10,32 €/KG","img":"https://fd5-photos.leclercdrive.fr/image.ashx?id=2807285&use=l&cat=p&typeid=i","cat":333665},{"id":5891,"n":"Tzatziki Tables du Monde 200g","p":1.59,"u":"7,95 €/KG","img":"https://fd5-photos.leclercdrive.fr/image.ashx?id=2872255&use=l&cat=p&typeid=i","cat":315999},{"id":5895,"n":"Tripes mode de caen NRT 600g","p":3.99,"u":"6,65 €/KG","img":"https://fd5-photos.leclercdrive.fr/image.ashx?id=2723198&use=l&cat=p&typeid=i","cat":284441},{"id":5896,"n":"Litière rongeurs P'tit Ami 15L","p":1.32,"u":"0,09 €/L","img":"https://fd5-photos.leclercdrive.fr/image.ashx?id=2162198&use=l&cat=p&typeid=i","cat":284677},{"id":5901,"n":"Filtre à café Melitta 1x4 Original - x40","p":1.11,"u":"0,03 €/P","img":"https://fd5-photos.leclercdrive.fr/image.ashx?id=2882053&use=l&cat=p&typeid=i","cat":284751},{"id":5907,"n":"Haricots beurre d'aucy Extra-fins - 440g","p":1.85,"u":"4,20 €/KG","img":"https://fd5-photos.leclercdrive.fr/image.ashx?id=2431536&use=l&cat=p&typeid=i","cat":312606},{"id":5908,"n":"Tourteau fromagé du Poitou NRT 250g","p":2.85,"u":"11,40 €/KG","img":"https://fd5-photos.leclercdrive.fr/image.ashx?id=2040347&use=l&cat=p&typeid=i","cat":284419},{"id":5909,"n":"Mini gâches briochettes NRT Pur beurre x8 - 360g","p":2.07,"u":"5,75 €/KG","img":"https://fd5-photos.leclercdrive.fr/image.ashx?id=2670416&use=l&cat=p&typeid=i","cat":284478},{"id":5910,"n":"Ketchup Amora 280g","p":1.02,"u":"3,64 €/KG","img":"https://fd5-photos.leclercdrive.fr/image.ashx?id=2766667&use=l&cat=p&typeid=i","cat":284455},{"id":5931,"n":"Pommes Granny Smith  2kg","p":2.99,"u":"1,50 €/KG","img":"https://fd5-photos.leclercdrive.fr/image.ashx?id=1636353&use=l&cat=p&typeid=i","cat":284356},{"id":5951,"n":"Ravioli bolognaise   Panzani - 800g","p":3.29,"u":"4,11 €/KG","img":"https://fd5-photos.leclercdrive.fr/image.ashx?id=2876062&use=l&cat=p&typeid=i","cat":284442},{"id":5952,"n":"Couscous Grain Moyen Ferrero - 1kg","p":1.97,"u":"1,97 €/KG","img":"https://fd5-photos.leclercdrive.fr/image.ashx?id=2744740&use=l&cat=p&typeid=i","cat":284429},{"id":6035,"n":"Sauce tomate bio Jardin Bio' Provençale - 200g","p":1.34,"u":"6,70 €/KG","img":"https://fd5-photos.leclercdrive.fr/image.ashx?id=3014494&use=l&cat=p&typeid=i","cat":287599},{"id":6037,"n":"Ratatouille Jardin Bio' A la provençale bio - 650g","p":3.02,"u":"4,65 €/KG","img":"https://fd5-photos.leclercdrive.fr/image.ashx?id=2903230&use=l&cat=p&typeid=i","cat":312612},{"id":6038,"n":"Lentilles corail bio Jardin Bio 500g","p":2.46,"u":"4,92 €/KG","img":"https://fd5-photos.leclercdrive.fr/image.ashx?id=2415999&use=l&cat=p&typeid=i","cat":284430},{"id":6039,"n":"Vinaigre de cidre Jardin Bio Bio - 75cl","p":2.24,"u":"2,99 €/L","img":"https://fd5-photos.leclercdrive.fr/image.ashx?id=2918295&use=l&cat=p&typeid=i","cat":298543},{"id":6042,"n":"Flan Bio Vrai Nappé caramel - 4x125g","p":2.66,"u":"5,32 €/KG","img":"https://fd5-photos.leclercdrive.fr/image.ashx?id=2865809&use=l&cat=p&typeid=i","cat":284420},{"id":6046,"n":"Riz de Camargue Jardin Bio Semi-complet bio - 500g","p":2.24,"u":"4,48 €/KG","img":"https://fd5-photos.leclercdrive.fr/image.ashx?id=2535487&use=l&cat=p&typeid=i","cat":284428},{"id":6048,"n":"Sauce tomate Jardin Bio' Bio Basilic - 200g","p":1.61,"u":"8,05 €/KG","img":"https://fd5-photos.leclercdrive.fr/image.ashx?id=2967848&use=l&cat=p&typeid=i","cat":287599},{"id":6049,"n":"Ravioli Jardin Bio Bio légumes - 675g","p":2.96,"u":"4,39 €/KG","img":"https://fd5-photos.leclercdrive.fr/image.ashx?id=2534878&use=l&cat=p&typeid=i","cat":284442},{"id":6050,"n":"Lentilles vertes Jardin Bio' Bio cuisinées - 400g","p":2.42,"u":"6,05 €/KG","img":"https://fd5-photos.leclercdrive.fr/image.ashx?id=2944831&use=l&cat=p&typeid=i","cat":312609},{"id":6054,"n":"Sauce tomate Jardin Bio Bio spaghetti - 200g","p":1.95,"u":"9,75 €/KG","img":"https://fd5-photos.leclercdrive.fr/image.ashx?id=3000192&use=l&cat=p&typeid=i","cat":287599},{"id":6058,"n":"Spaguetti Jardin Bio Bio quinoa tomate - 500g","p":2.06,"u":"4,12 €/KG","img":"https://fd5-photos.leclercdrive.fr/image.ashx?id=3002108&use=l&cat=p&typeid=i","cat":284427},{"id":6063,"n":"Ketchup Jardin Bio' Bio - 560g","p":2.38,"u":"4,25 €/KG","img":"https://fd5-photos.leclercdrive.fr/image.ashx?id=2918316&use=l&cat=p&typeid=i","cat":284455},{"id":6067,"n":"Huile d'olive Bio Village Bio Vierge extra - 75cl","p":7.47,"u":"9,96 €/L","img":"https://fd5-photos.leclercdrive.fr/image.ashx?id=3005697&use=l&cat=p&typeid=i","cat":284453},{"id":6068,"n":"Spaghetti Bio Village Bio - 500g","p":0.83,"u":"1,66 €/KG","img":"https://fd5-photos.leclercdrive.fr/image.ashx?id=2503284&use=l&cat=p&typeid=i","cat":284427},{"id":6069,"n":"Pâtes Coquillettes Bio Village Bio - 500g","p":0.84,"u":"1,68 €/KG","img":"https://fd5-photos.leclercdrive.fr/image.ashx?id=2625364&use=l&cat=p&typeid=i","cat":284427},{"id":6070,"n":"Pâtes tagliatelles Bio Village Bio - 250g","p":1.65,"u":"6,60 €/KG","img":"https://fd5-photos.leclercdrive.fr/image.ashx?id=1986832&use=l&cat=p&typeid=i","cat":284427},{"id":6073,"n":"Crème fraîche bio Bio village Epaisse - 30% MG - 20cl","p":1.17,"u":"5,85 €/L","img":"https://fd5-photos.leclercdrive.fr/image.ashx?id=1975047&use=l&cat=p&typeid=i","cat":284381},{"id":6075,"n":"Quinoa Bio Village Bio - 500g","p":3.25,"u":"6,50 €/KG","img":"https://fd5-photos.leclercdrive.fr/image.ashx?id=2245755&use=l&cat=p&typeid=i","cat":284429},{"id":6076,"n":"Cookies chocolat Bio Village Bio 200g","p":2.74,"u":"13,70 €/KG","img":"https://fd5-photos.leclercdrive.fr/image.ashx?id=2400523&use=l&cat=p&typeid=i","cat":325066},{"id":6077,"n":"Biscuits sésame Bio Village Bio - 230g","p":1.76,"u":"7,65 €/KG","img":"https://fd5-photos.leclercdrive.fr/image.ashx?id=2363808&use=l&cat=p&typeid=i","cat":284487},{"id":6078,"n":"Yaourts lait brebis nature Bio Bio village - 2x125g","p":1.42,"u":"5,68 €/KG","img":"https://fd5-photos.leclercdrive.fr/image.ashx?id=2841959&use=l&cat=p&typeid=i","cat":314998},{"id":6085,"n":"Jus de fruits Tropicana Multivitamines - 1,5L","p":3.73,"u":"2,49 €/L","img":"https://fd5-photos.leclercdrive.fr/image.ashx?id=2605818&use=l&cat=p&typeid=i","cat":284917},{"id":6089,"n":"Pâtes Blé complet Barilla Spaghetti Integrale - 500g","p":1.14,"u":"2,28 €/KG","img":"https://fd5-photos.leclercdrive.fr/image.ashx?id=2986951&use=l&cat=p&typeid=i","cat":284427},{"id":6105,"n":"Biscuits apéritif Lay's 3D's Goût Nature Sel - 85g","p":0.76,"u":"8,94 €/KG","img":"https://fd5-photos.leclercdrive.fr/image.ashx?id=2917417&use=l&cat=p&typeid=i","cat":284449},{"id":6106,"n":"Biscuits apéritif Lay's 3D's Goût Fromage - 85g","p":0.83,"u":"9,76 €/KG","img":"https://fd5-photos.leclercdrive.fr/image.ashx?id=2923672&use=l&cat=p&typeid=i","cat":284449},{"id":6113,"n":"Poires  1kg","p":2.65,"u":"2,65 €/KG","img":"https://fd5-photos.leclercdrive.fr/image.ashx?id=1636362&use=l&cat=p&typeid=i","cat":284356},{"id":6145,"n":"Biscuits Goûters REM Chocolat - 3x125g","p":2.22,"u":"5,92 €/KG","img":"https://fd5-photos.leclercdrive.fr/image.ashx?id=2841193&use=l&cat=p&typeid=i","cat":284488},{"id":6147,"n":"Biscuits barres Pockitos Pépito Chocolat au lait - 162g","p":1.66,"u":"10,25 €/KG","img":"https://fd5-photos.leclercdrive.fr/image.ashx?id=3001964&use=l&cat=p&typeid=i","cat":284488},{"id":6150,"n":"Pâtes Panzani perles 500g","p":1.58,"u":"3,16 €/KG","img":"https://fd5-photos.leclercdrive.fr/image.ashx?id=2896066&use=l&cat=p&typeid=i","cat":284427},{"id":6151,"n":"Pâtes Coudes rayés Panzani 500g","p":1.0,"u":"2,00 €/KG","img":"https://fd5-photos.leclercdrive.fr/image.ashx?id=2876008&use=l&cat=p&typeid=i","cat":284427},{"id":6152,"n":"Pâtes gansettes Panzani 500g","p":1.04,"u":"2,08 €/KG","img":"https://fd5-photos.leclercdrive.fr/image.ashx?id=2876017&use=l&cat=p&typeid=i","cat":284427},{"id":6153,"n":"Pâtes Macaroni Panzani 1kg","p":1.75,"u":"1,75 €/KG","img":"https://fd5-photos.leclercdrive.fr/image.ashx?id=2876026&use=l&cat=p&typeid=i","cat":284427},{"id":6154,"n":"Pâtes farfalle Panzani 500g","p":0.97,"u":"1,94 €/KG","img":"https://fd5-photos.leclercdrive.fr/image.ashx?id=2884300&use=l&cat=p&typeid=i","cat":284427},{"id":6155,"n":"Pâtes Torti Panzani 3 Minutes - 500G","p":1.1,"u":"2,20 €/KG","img":"https://fd5-photos.leclercdrive.fr/image.ashx?id=2896084&use=l&cat=p&typeid=i","cat":284427},{"id":6165,"n":"Coquillettes Lustucru  3min - 500g","p":1.4,"u":"2,80 €/KG","img":"https://fd5-photos.leclercdrive.fr/image.ashx?id=2345697&use=l&cat=p&typeid=i","cat":284427},{"id":6169,"n":"Fromage apéritif Apéricube Nature 24 cubes","p":2.01,"u":"16,08 €/KG","img":"https://fd5-photos.leclercdrive.fr/image.ashx?id=2883447&use=l&cat=p&typeid=i","cat":314027},{"id":6188,"n":"Boisson lactée Candy'UP Fraise - 6x20cl","p":2.31,"u":"1,93 €/L","img":"https://fd5-photos.leclercdrive.fr/image.ashx?id=2485629&use=l&cat=p&typeid=i","cat":295246},{"id":6196,"n":"AOP Côtes du Rhône rouge Prestige Cellier Dauphins 75cl","p":3.09,"u":"4,12 €/L","img":"https://fd5-photos.leclercdrive.fr/image.ashx?id=2490533&use=l&cat=p&typeid=i","cat":289556},{"id":6199,"n":"Beurre Moulé Paysan Breton Demi-sel - 80%MG - 250g","p":3.55,"u":"14,20 €/KG","img":"https://fd5-photos.leclercdrive.fr/image.ashx?id=2947844&use=l&cat=p&typeid=i","cat":284379},{"id":6218,"n":"Fromage blanc Déli'light aux Fruits - 0% mg - 8x100g","p":2.89,"u":"3,61 €/KG","img":"https://fd5-photos.leclercdrive.fr/image.ashx?id=2967552&use=l&cat=p&typeid=i","cat":315000},{"id":6223,"n":"Fromage Maroilles AOP  Nos Régions ont du Talent 200g","p":2.69,"u":"13,45 €/KG","img":"https://fd5-photos.leclercdrive.fr/image.ashx?id=2411892&use=l&cat=p&typeid=i","cat":329558},{"id":6242,"n":"Café soluble Plantation Qualité filtre - 100g","p":2.75,"u":"27,50 €/KG","img":"https://fd5-photos.leclercdrive.fr/image.ashx?id=2834272&use=l&cat=p&typeid=i","cat":284843},{"id":6243,"n":"AOC Muscadet vin blanc Les Caractères - BIB 3L","p":13.99,"u":"4,66 €/L","img":"https://fd5-photos.leclercdrive.fr/image.ashx?id=1675194&use=l&cat=p&typeid=i","cat":289560},{"id":6249,"n":"Céleri Menu Fraîcheur  Rémoulade - 500g","p":1.58,"u":"3,16 €/KG","img":"https://fd5-photos.leclercdrive.fr/image.ashx?id=2820107&use=l&cat=p&typeid=i","cat":333657},{"id":6254,"n":"Salade Coleslaw Menu Fraîcheur  300g","p":1.19,"u":"3,97 €/KG","img":"https://fd5-photos.leclercdrive.fr/image.ashx?id=2645891&use=l&cat=p&typeid=i","cat":333657},{"id":6256,"n":"Pizza Turini Jambon champignons - 450g","p":2.73,"u":"6,07 €/KG","img":"https://fd5-photos.leclercdrive.fr/image.ashx?id=2709734&use=l&cat=p&typeid=i","cat":333679},{"id":6291,"n":"Semoule fine Panzani 500g","p":0.99,"u":"1,98 €/KG","img":"https://fd5-photos.leclercdrive.fr/image.ashx?id=2745559&use=l&cat=p&typeid=i","cat":284429},{"id":6314,"n":"Pansements Primoplast Peaux sensibles x30","p":0.88,"img":"https://fd5-photos.leclercdrive.fr/image.ashx?id=2832918&use=l&cat=p&typeid=i","cat":284630},{"id":6316,"n":"Escalope de poulet Côté Croc À la Bolognaise x2 - 200g","p":2.13,"u":"10,65 €/KG","img":"https://fd5-photos.leclercdrive.fr/image.ashx?id=2814420&use=l&cat=p&typeid=i","cat":333683},{"id":6340,"n":"Goûters fourrés P'tit Déli Chocolat x16 - 300g","p":1.19,"u":"3,97 €/KG","img":"https://fd5-photos.leclercdrive.fr/image.ashx?id=2100548&use=l&cat=p&typeid=i","cat":284488},{"id":6343,"n":"Garniture de céleris  Notre Jardin - 250g","p":0.99,"u":"3,96 €/KG","img":"https://fd5-photos.leclercdrive.fr/image.ashx?id=2529534&use=l&cat=p&typeid=i","cat":312612},{"id":6344,"n":"Boules soufflées Tokapi  Fromage - 50g","p":0.58,"u":"11,60 €/KG","img":"https://fd5-photos.leclercdrive.fr/image.ashx?id=2885762&use=l&cat=p&typeid=i","cat":284449},{"id":6345,"n":"Couscous Comptoir du Monde Grain moyen - 500g","p":0.84,"u":"1,68 €/KG","img":"https://fd5-photos.leclercdrive.fr/image.ashx?id=3012803&use=l&cat=p&typeid=i","cat":284429},{"id":6346,"n":"Madeleines longues P'tit Déli  Pur beurre 250g","p":1.57,"u":"6,28 €/KG","img":"https://fd5-photos.leclercdrive.fr/image.ashx?id=2999487&use=l&cat=p&typeid=i","cat":284492},{"id":6347,"n":"Beurre  Les Croisés 80% MG  Demi-sel Extra fin - 250g","p":2.99,"u":"11,96 €/KG","img":"https://fd5-photos.leclercdrive.fr/image.ashx?id=2839881&use=l&cat=p&typeid=i","cat":284379},{"id":6348,"n":"Tarama Ronde des Mers Oeufs de cabillaud - 250g","p":2.3,"u":"9,20 €/KG","img":"https://fd5-photos.leclercdrive.fr/image.ashx?id=1942389&use=l&cat=p&typeid=i","cat":315999},{"id":6349,"n":"Filets anchois Ronde des Mers Câpres huile d'olive - 50g","p":1.4,"u":"28,00 €/KG","img":"https://fd5-photos.leclercdrive.fr/image.ashx?id=2046032&use=l&cat=p&typeid=i","cat":285190},{"id":6350,"n":"Eponges Mamison couleur Super absorbantes x3","p":1.22,"u":"0,41 €/P","img":"https://fd5-photos.leclercdrive.fr/image.ashx?id=2458049&use=l&cat=p&typeid=i","cat":284667},{"id":6353,"n":"Pancetta italienne Saint Azay 10 tranches - 100g","p":2.89,"u":"28,90 €/KG","img":"https://fd5-photos.leclercdrive.fr/image.ashx?id=2665847&use=l&cat=p&typeid=i","cat":316007},{"id":6354,"n":"Miel Nid d'Abeille Crémeux - 500 g","p":3.92,"u":"7,84 €/KG","img":"https://fd5-photos.leclercdrive.fr/image.ashx?id=760198&use=l&cat=p&typeid=i","cat":287643},{"id":6355,"n":"AOC Clairette de Die doux Rives et Terrasses - 75cl","p":5.29,"u":"7,05 €/L","img":"https://fd5-photos.leclercdrive.fr/image.ashx?id=2753369&use=l&cat=p&typeid=i","cat":284544},{"id":6357,"n":"Chorizo doux Saint Azay 30 tranches - 150g","p":2.09,"u":"13,93 €/KG","img":"https://fd5-photos.leclercdrive.fr/image.ashx?id=1873710&use=l&cat=p&typeid=i","cat":316007},{"id":6358,"n":"Gel nettoyant wc javel Syphon Agrumes 750ml","p":0.89,"u":"1,19 €/L","img":"https://fd5-photos.leclercdrive.fr/image.ashx?id=2669696&use=l&cat=p&typeid=i","cat":284662},{"id":6359,"n":"Croûtons Epi d'Or Fromage - 90g","p":0.99,"u":"11,00 €/KG","img":"https://fd5-photos.leclercdrive.fr/image.ashx?id=2651783&use=l&cat=p&typeid=i","cat":284464},{"id":6360,"n":"Croûtons Epi d'Or  Oignon - 90g","p":0.99,"u":"11,00 €/KG","img":"https://fd5-photos.leclercdrive.fr/image.ashx?id=2640986&use=l&cat=p&typeid=i","cat":284464},{"id":6361,"n":"Crème Dépilatoire Siliss Tous types de peaux - 200ml","p":1.79,"u":"8,95 €/L","img":"https://fd5-photos.leclercdrive.fr/image.ashx?id=2699678&use=l&cat=p&typeid=i","cat":325351},{"id":6362,"n":"Mélange Gourmand Tokapi  Graines et raisins - 120g","p":1.29,"u":"10,75 €/KG","img":"https://fd5-photos.leclercdrive.fr/image.ashx?id=2795547&use=l&cat=p&typeid=i","cat":284448},{"id":6364,"n":"Fromage Reblochon de Savoie NRT AOP - 450g","p":6.25,"u":"13,89 €/KG","img":"https://fd5-photos.leclercdrive.fr/image.ashx?id=2663809&use=l&cat=p&typeid=i","cat":314037},{"id":6365,"n":"Galettes sarrasin NRT de Bretagne 230g","p":1.79,"u":"7,78 €/KG","img":"https://fd5-photos.leclercdrive.fr/image.ashx?id=2770259&use=l&cat=p&typeid=i","cat":333672},{"id":6366,"n":"Crêpes de froment NRT de Bretagne 180g","p":1.99,"u":"11,06 €/KG","img":"https://fd5-photos.leclercdrive.fr/image.ashx?id=2771058&use=l&cat=p&typeid=i","cat":333672},{"id":6369,"n":"Pains au lait La Fournée Dorée Aux oeufs frais - x10 - 350g","p":2.02,"u":"5,77 €/KG","img":"https://fd5-photos.leclercdrive.fr/image.ashx?id=2684563&use=l&cat=p&typeid=i","cat":293505},{"id":6380,"n":"Sauce roquefort Knorr 30cl","p":3.51,"u":"11,70 €/L","img":"https://fd5-photos.leclercdrive.fr/image.ashx?id=2468749&use=l&cat=p&typeid=i","cat":288381},{"id":6390,"n":"Compotes Andros Pomme banane 750g","p":1.5,"u":"2,00 €/KG","img":"https://fd5-photos.leclercdrive.fr/image.ashx?id=2396114&use=l&cat=p&typeid=i","cat":284508},{"id":6391,"n":"Compotes Andros Pomme poire 750g","p":1.69,"u":"2,25 €/KG","img":"https://fd5-photos.leclercdrive.fr/image.ashx?id=2396117&use=l&cat=p&typeid=i","cat":284508},{"id":6392,"n":"Compotes Andros Pomme vanille 750g","p":1.63,"u":"2,17 €/KG","img":"https://fd5-photos.leclercdrive.fr/image.ashx?id=2396120&use=l&cat=p&typeid=i","cat":284508},{"id":6397,"n":"Fruits au sirop St Mamet Cocktail avec son jus - 250g","p":2.44,"u":"9,76 €/KG","img":"https://fd5-photos.leclercdrive.fr/image.ashx?id=2412432&use=l&cat=p&typeid=i","cat":284507},{"id":6437,"n":"Fromage P'tit Louis  Filet 8 Portions - 160g","p":2.54,"u":"15,88 €/KG","img":"https://fd5-photos.leclercdrive.fr/image.ashx?id=2845994&use=l&cat=p&typeid=i","cat":314030},{"id":6445,"n":"Bonbons Mentos  Menthe 4 rouleaux - 152g","p":1.72,"u":"11,32 €/KG","img":"https://fd5-photos.leclercdrive.fr/image.ashx?id=2659819&use=l&cat=p&typeid=i","cat":304256},{"id":6447,"n":"Bonbons Mentos  Fruits 4 rouleaux - 152g","p":1.42,"u":"9,34 €/KG","img":"https://fd5-photos.leclercdrive.fr/image.ashx?id=2659561&use=l&cat=p&typeid=i","cat":304256},{"id":6448,"n":"Petits pois carottes Très fins  Notre Jardin -A l'étuvée - 265g","p":0.95,"u":"3,58 €/KG","img":"https://fd5-photos.leclercdrive.fr/image.ashx?id=2987973&use=l&cat=p&typeid=i","cat":312607},{"id":6451,"n":"Pavé au poivre Saint Azay 8 tranches - 150g","p":2.69,"u":"17,93 €/KG","img":"https://fd5-photos.leclercdrive.fr/image.ashx?id=2931766&use=l&cat=p&typeid=i","cat":316007},{"id":6452,"n":"Flan Délisse Vanille Caramel - 12x100g","p":1.89,"u":"1,58 €/KG","img":"https://fd5-photos.leclercdrive.fr/image.ashx?id=2851637&use=l&cat=p&typeid=i","cat":284420},{"id":6456,"n":"Haricots beurre d'aucy Extra-fins - 220g","p":1.4,"u":"6,36 €/KG","img":"https://fd5-photos.leclercdrive.fr/image.ashx?id=2438123&use=l&cat=p&typeid=i","cat":312606},{"id":6459,"n":"Rillettes Hénaff Porc cuisson lente - 3x78g","p":3.87,"u":"16,54 €/KG","img":"https://fd5-photos.leclercdrive.fr/image.ashx?id=2660601&use=l&cat=p&typeid=i","cat":305149},{"id":6460,"n":"Cassoulet Toulousain   Raynal Et Roquelaure - 420g","p":2.48,"u":"5,90 €/KG","img":"https://fd5-photos.leclercdrive.fr/image.ashx?id=2928390&use=l&cat=p&typeid=i","cat":284440},{"id":6461,"n":"Crème dessert Mont Blanc Riz au lait Vanille - 4x125g","p":3.44,"u":"6,88 €/KG","img":"https://fd5-photos.leclercdrive.fr/image.ashx?id=2979614&use=l&cat=p&typeid=i","cat":284506},{"id":6467,"n":"Pâtes Macaroni Turini 1kg","p":1.35,"u":"1,35 €/KG","img":"https://fd5-photos.leclercdrive.fr/image.ashx?id=2980432&use=l&cat=p&typeid=i","cat":284427},{"id":6471,"n":"Lingettes Individuelles Hygiène Intime Hamamélis Intima x16","p":2.3,"u":"0,14 €/P","img":"https://fd5-photos.leclercdrive.fr/image.ashx?id=2959859&use=l&cat=p&typeid=i","cat":284627},{"id":6472,"n":"Miel L'Apiculteur crémeux  et onctueux- 500g","p":5.9,"u":"11,80 €/KG","img":"https://fd5-photos.leclercdrive.fr/image.ashx?id=2854387&use=l&cat=p&typeid=i","cat":287643},{"id":6484,"n":"Alcool modifié Mercurochrome 70° - 200ml","p":2.11,"u":"10,55 €/L","img":"https://fd5-photos.leclercdrive.fr/image.ashx?id=2663974&use=l&cat=p&typeid=i","cat":284630},{"id":6486,"n":"Biscuits apéritif Lay's 3D's Goût Bacon - 85g","p":0.76,"u":"8,94 €/KG","img":"https://fd5-photos.leclercdrive.fr/image.ashx?id=2917414&use=l&cat=p&typeid=i","cat":284449},{"id":6488,"n":"Sucre cristal Béghin Say 5kg","p":7.54,"u":"1,51 €/KG","img":"https://fd5-photos.leclercdrive.fr/image.ashx?id=2866340&use=l&cat=p&typeid=i","cat":284502},{"id":6496,"n":"Sauce au Beurre Blan KNORR Échalote - Brique 30cl","p":1.31,"u":"4,37 €/L","img":"https://fd5-photos.leclercdrive.fr/image.ashx?id=2915991&use=l&cat=p&typeid=i","cat":288381},{"id":6500,"n":"Huile d'olive Lesieur Vierge extra - 1L","p":11.07,"u":"11,07 €/L","img":"https://fd5-photos.leclercdrive.fr/image.ashx?id=2190993&use=l&cat=p&typeid=i","cat":284453},{"id":6511,"n":"Pâtes Spaghetti Turini 1kg","p":1.35,"u":"1,35 €/KG","img":"https://fd5-photos.leclercdrive.fr/image.ashx?id=2980764&use=l&cat=p&typeid=i","cat":284427},{"id":6512,"n":"Riz long Comptoir du Grain Sachet cuisson rapide x4 - 500g","p":1.25,"u":"2,50 €/KG","img":"https://fd5-photos.leclercdrive.fr/image.ashx?id=2118454&use=l&cat=p&typeid=i","cat":284428},{"id":6513,"n":"Vinaigre de vin Rustica Aromatisé à l'échalote - 75cl","p":1.35,"u":"1,80 €/L","img":"https://fd5-photos.leclercdrive.fr/image.ashx?id=1659936&use=l&cat=p&typeid=i","cat":298543},{"id":6514,"n":"Margarine Nat & vie Idéal cuisson - 500g","p":1.29,"u":"2,58 €/KG","img":"https://fd5-photos.leclercdrive.fr/image.ashx?id=2881223&use=l&cat=p&typeid=i","cat":315229},{"id":6516,"n":"Gâteaux P'tit Déli Pépites au chocolat 5x30g","p":1.02,"u":"6,80 €/KG","img":"https://fd5-photos.leclercdrive.fr/image.ashx?id=1986647&use=l&cat=p&typeid=i","cat":284495},{"id":6521,"n":"Pâtes chinoises Tables du Monde 250g","p":1.19,"u":"4,76 €/KG","img":"https://fd5-photos.leclercdrive.fr/image.ashx?id=2572058&use=l&cat=p&typeid=i","cat":288992},{"id":6523,"n":"Champignons Paris Notre Jardin Emincés - 2x115g","p":1.72,"u":"7,48 €/KG","img":"https://fd5-photos.leclercdrive.fr/image.ashx?id=2991124&use=l&cat=p&typeid=i","cat":312610},{"id":6524,"n":"Dessert fruitier pomme Douceur du Verger 8x100g","p":1.69,"u":"2,11 €/KG","img":"https://fd5-photos.leclercdrive.fr/image.ashx?id=3009773&use=l&cat=p&typeid=i","cat":284416},{"id":6525,"n":"Serviette hygiénique Doulys Ultra - Super+ - x12","p":0.9,"u":"0,08 €/P","img":"https://fd5-photos.leclercdrive.fr/image.ashx?id=2838918&use=l&cat=p&typeid=i","cat":284624},{"id":6526,"n":"Serviette hygiénique Doulys Ultra - Spécial nuit - x10","p":1.29,"u":"0,13 €/P","img":"https://fd5-photos.leclercdrive.fr/image.ashx?id=2838921&use=l&cat=p&typeid=i","cat":284624},{"id":6530,"n":"Chou fleur Bio  1p","p":5.49,"img":"https://fd5-photos.leclercdrive.fr/image.ashx?id=1631919&use=l&cat=p&typeid=i","cat":284352},{"id":6579,"n":"Vinaigre d'alcool coloré Eco+ 1L","p":0.35,"u":"0,35 €/L","img":"https://fd5-photos.leclercdrive.fr/image.ashx?id=2991410&use=l&cat=p&typeid=i","cat":298543},{"id":6580,"n":"Fromage de chévre Les Croisés 150g","p":1.42,"u":"9,47 €/KG","img":"https://fd5-photos.leclercdrive.fr/image.ashx?id=2684823&use=l&cat=p&typeid=i","cat":314031},{"id":6582,"n":"Coulommiers De pays  Les Croisés - 21% mg - 350g","p":2.55,"u":"7,29 €/KG","img":"https://fd5-photos.leclercdrive.fr/image.ashx?id=2463465&use=l&cat=p&typeid=i","cat":314033},{"id":6584,"n":"Fromage blanc Délisse Mirabelle 5.5% MG - 500g","p":2.55,"u":"5,10 €/KG","img":"https://fd5-photos.leclercdrive.fr/image.ashx?id=3012824&use=l&cat=p&typeid=i","cat":284409},{"id":6589,"n":"Fromage Chaource NRT AOP  250g","p":3.55,"u":"14,20 €/KG","img":"https://fd5-photos.leclercdrive.fr/image.ashx?id=2874768&use=l&cat=p&typeid=i","cat":329558},{"id":6630,"n":"Pâtes torsettes Turini Les 3 min - 500g","p":0.82,"u":"1,64 €/KG","img":"https://fd5-photos.leclercdrive.fr/image.ashx?id=2607467&use=l&cat=p&typeid=i","cat":284427},{"id":6633,"n":"Eau déminéralisée 5L","p":1.36,"u":"0,27 €/L","img":"https://fd5-photos.leclercdrive.fr/image.ashx?id=2277020&use=l&cat=p&typeid=i","cat":284653},{"id":6648,"n":"Boîte chocolats Ferrero Rocher x28 pralines - 350g","p":11.56,"u":"33,03 €/KG","img":"https://fd5-photos.leclercdrive.fr/image.ashx?id=2952884&use=l&cat=p&typeid=i","cat":327600},{"id":6687,"n":"Chou chinois 1p","p":3.51,"img":"https://fd5-photos.leclercdrive.fr/image.ashx?id=578704&use=l&cat=p&typeid=i","cat":284352},{"id":6711,"n":"Spray nettoyant vitres Clair Recharge 750ml","p":1.09,"u":"1,45 €/L","img":"https://fd5-photos.leclercdrive.fr/image.ashx?id=1647691&use=l&cat=p&typeid=i","cat":325363},{"id":6712,"n":"Spray nettoyant vitres Clair 750ml","p":1.29,"u":"1,72 €/L","img":"https://fd5-photos.leclercdrive.fr/image.ashx?id=2943623&use=l&cat=p&typeid=i","cat":325363},{"id":6780,"n":"Ail semoule Ducros 60g","p":1.54,"u":"25,67 €/KG","img":"https://fd5-photos.leclercdrive.fr/image.ashx?id=2498672&use=l&cat=p&typeid=i","cat":298297},{"id":6782,"n":"Cannelle en bâton Ducros 10g","p":2.01,"u":"201,00 €/KG","img":"https://fd5-photos.leclercdrive.fr/image.ashx?id=1748573&use=l&cat=p&typeid=i","cat":298297},{"id":6788,"n":"Herbes de provence Ducros 18g","p":1.09,"u":"60,56 €/KG","img":"https://fd5-photos.leclercdrive.fr/image.ashx?id=2486533&use=l&cat=p&typeid=i","cat":298297},{"id":6791,"n":"Piment de cayenne moulu Ducros Extra fort - 38g","p":2.44,"u":"64,21 €/KG","img":"https://fd5-photos.leclercdrive.fr/image.ashx?id=2559433&use=l&cat=p&typeid=i","cat":298297},{"id":6797,"n":"Herbes de Provence Ducros 120g","p":3.01,"u":"25,08 €/KG","img":"https://fd5-photos.leclercdrive.fr/image.ashx?id=2383571&use=l&cat=p&typeid=i","cat":298297},{"id":6798,"n":"Safran en poudre Ducros 3 doses de 0.1g","p":4.08,"img":"https://fd5-photos.leclercdrive.fr/image.ashx?id=2490488&use=l&cat=p&typeid=i","cat":298297},{"id":6799,"n":"Poivre gris moulu et sel Ducros 2x34g","p":1.92,"u":"28,24 €/KG","img":"https://fd5-photos.leclercdrive.fr/image.ashx?id=2759457&use=l&cat=p&typeid=i","cat":284457},{"id":6800,"n":"Baies roses entières Ducros 20g","p":2.25,"u":"112,50 €/KG","img":"https://fd5-photos.leclercdrive.fr/image.ashx?id=2486575&use=l&cat=p&typeid=i","cat":284457},{"id":6803,"n":"Pralin Vahiné 100g","p":2.01,"u":"20,10 €/KG","img":"https://fd5-photos.leclercdrive.fr/image.ashx?id=2559775&use=l&cat=p&typeid=i","cat":284504},{"id":6804,"n":"Décor pour gateaux Vahiné Vermicelles Arc-en-ciel - 65g","p":1.57,"u":"24,15 €/KG","img":"https://fd5-photos.leclercdrive.fr/image.ashx?id=2524311&use=l&cat=p&typeid=i","cat":284504},{"id":6806,"n":"Bougies d'anniversaire Vahiné Couleur divers - 16 pièces","p":1.42,"u":"0,09 €/P","img":"https://fd5-photos.leclercdrive.fr/image.ashx?id=1865903&use=l&cat=p&typeid=i","cat":284504},{"id":6809,"n":"Arôme naturel de vanille Vahiné Liquide 50ml","p":3.46,"u":"69,20 €/L","img":"https://fd5-photos.leclercdrive.fr/image.ashx?id=2541193&use=l&cat=p&typeid=i","cat":284504},{"id":6810,"n":"Nappage chocolat Vahiné 350g","p":2.38,"u":"6,80 €/KG","img":"https://fd5-photos.leclercdrive.fr/image.ashx?id=2938656&use=l&cat=p&typeid=i","cat":284504},{"id":6829,"n":"Sucre Daddy n°4 Morceaux - 1kg","p":1.99,"u":"1,99 €/KG","img":"https://fd5-photos.leclercdrive.fr/image.ashx?id=2936056&use=l&cat=p&typeid=i","cat":284502},{"id":6830,"n":"Sucre Cristal Daddy 1kg","p":1.71,"u":"1,71 €/KG","img":"https://fd5-photos.leclercdrive.fr/image.ashx?id=2975855&use=l&cat=p&typeid=i","cat":284502},{"id":6831,"n":"Sucre en poudre Daddy 1kg","p":1.79,"u":"1,79 €/KG","img":"https://fd5-photos.leclercdrive.fr/image.ashx?id=2936062&use=l&cat=p&typeid=i","cat":284502},{"id":6834,"n":"Soufflés l'Original Curly Cacahuète - 60g","p":0.63,"u":"10,50 €/KG","img":"https://fd5-photos.leclercdrive.fr/image.ashx?id=2971035&use=l&cat=p&typeid=i","cat":284449},{"id":6837,"n":"Madeleines longues P'tit Déli 440g","p":2.55,"u":"5,80 €/KG","img":"https://fd5-photos.leclercdrive.fr/image.ashx?id=2540310&use=l&cat=p&typeid=i","cat":284492},{"id":6843,"n":"AOP Champagne Alfred Rothschild Brut 12.5%vol - 75cl","p":21.76,"u":"29,01 €/L","img":"https://fd5-photos.leclercdrive.fr/image.ashx?id=2979683&use=l&cat=p&typeid=i","cat":284542},{"id":6847,"n":"Canapés toasts Epi d'Or Briochés - 250g","p":1.12,"u":"4,48 €/KG","img":"https://fd5-photos.leclercdrive.fr/image.ashx?id=2610190&use=l&cat=p&typeid=i","cat":285454},{"id":6873,"n":"Saucisson cuit à l'ail Herta 300g","p":2.95,"u":"9,83 €/KG","img":"https://fd5-photos.leclercdrive.fr/image.ashx?id=2731342&use=l&cat=p&typeid=i","cat":316006},{"id":6879,"n":"Fromage Gouda Les Croisés En tranche - 200g","p":1.97,"u":"9,85 €/KG","img":"https://fd5-photos.leclercdrive.fr/image.ashx?id=2028173&use=l&cat=p&typeid=i","cat":314028},{"id":6880,"n":"Fromage Mimolette Les Croisés En tranche x8 - 200g","p":1.85,"u":"9,25 €/KG","img":"https://fd5-photos.leclercdrive.fr/image.ashx?id=2028176&use=l&cat=p&typeid=i","cat":314028},{"id":6881,"n":"Fromage Maasdam Les Croisés En tranche x8 - 200g","p":1.91,"u":"9,55 €/KG","img":"https://fd5-photos.leclercdrive.fr/image.ashx?id=1990673&use=l&cat=p&typeid=i","cat":314028},{"id":6892,"n":"Pâtes Piccolini Barilla Mini Pipe Rigate- 500g","p":1.31,"u":"2,62 €/KG","img":"https://fd5-photos.leclercdrive.fr/image.ashx?id=2964108&use=l&cat=p&typeid=i","cat":284427},{"id":6905,"n":"GROUPE DE VARIANTES Multicoloris","p":1.79,"img":"https://fd5-photos.leclercdrive.fr/image.ashx?id=1706598&use=l&cat=p&typeid=i","cat":284745},{"id":6912,"n":"Coussinets Mots d'Enfants D'allaitement - x36","p":3.95,"img":"https://fd5-photos.leclercdrive.fr/image.ashx?id=1902701&use=l&cat=p&typeid=i","cat":289435},{"id":6916,"n":"Bloc bureau Esquisse - 80 pages 10.5x14.8cm","p":0.99,"img":"https://fd5-photos.leclercdrive.fr/image.ashx?id=1928749&use=l&cat=p&typeid=i","cat":284697},{"id":6979,"n":"AOC Crémant Gratien & Meyer Blanc - Brut - 75cl","p":6.96,"u":"9,28 €/L","img":"https://fd5-photos.leclercdrive.fr/image.ashx?id=2104357&use=l&cat=p&typeid=i","cat":284545},{"id":7000,"n":"Céréales Babybio Bio 6 mois Vanille - 220g","p":3.96,"u":"18,00 €/KG","img":"https://fd5-photos.leclercdrive.fr/image.ashx?id=2733250&use=l&cat=p&typeid=i","cat":312225},{"id":7001,"n":"Céréales Babybio - Dès 8 mois Bio Cacao  - 220g","p":3.65,"u":"16,59 €/KG","img":"https://fd5-photos.leclercdrive.fr/image.ashx?id=2837751&use=l&cat=p&typeid=i","cat":312225},{"id":7005,"n":"Petits pots Babybio - 4 mois Bio Légumes verts - 2x130g","p":1.94,"u":"7,46 €/KG","img":"https://fd5-photos.leclercdrive.fr/image.ashx?id=2733271&use=l&cat=p&typeid=i","cat":312234},{"id":7006,"n":"Repas bébé Bio Babybio - 4 mois Carotte & Potimarron - 2x130g","p":1.68,"u":"6,46 €/KG","img":"https://fd5-photos.leclercdrive.fr/image.ashx?id=2837757&use=l&cat=p&typeid=i","cat":312234},{"id":7007,"n":"Petits pots Babybio 6 mois - Petits pois - 2x130g","p":2.11,"u":"8,12 €/KG","img":"https://fd5-photos.leclercdrive.fr/image.ashx?id=2827446&use=l&cat=p&typeid=i","cat":312235},{"id":7008,"n":"Repas bébé epinard  Babybio Bio - Pomme de terre  2x130g","p":2.18,"u":"8,38 €/KG","img":"https://fd5-photos.leclercdrive.fr/image.ashx?id=2827449&use=l&cat=p&typeid=i","cat":312234},{"id":7010,"n":"Repas bébé Babybio - 4 mois Panais Bio - 2x130g","p":2.12,"u":"8,15 €/KG","img":"https://fd5-photos.leclercdrive.fr/image.ashx?id=2827452&use=l&cat=p&typeid=i","cat":312234},{"id":7011,"n":"Compote bébé bio Babybio Pomme - 4 mois - 2x130g","p":2.05,"u":"7,88 €/KG","img":"https://fd5-photos.leclercdrive.fr/image.ashx?id=2838317&use=l&cat=p&typeid=i","cat":312387},{"id":7012,"n":"Compote bébé Babybio - 4 mois Bio Poire williams - 2x130g","p":1.76,"u":"6,77 €/KG","img":"https://fd5-photos.leclercdrive.fr/image.ashx?id=2834515&use=l&cat=p&typeid=i","cat":312387},{"id":7013,"n":"Compote bébé Babybio Bio 4 mois Pomme / Pêche - 2x130g","p":2.01,"u":"7,73 €/KG","img":"https://fd5-photos.leclercdrive.fr/image.ashx?id=2859362&use=l&cat=p&typeid=i","cat":312387},{"id":7014,"n":"Compote bébé bio Babybio Pomme abricot - 4 mois - 2x130g","p":1.64,"u":"6,31 €/KG","img":"https://fd5-photos.leclercdrive.fr/image.ashx?id=2838320&use=l&cat=p&typeid=i","cat":312387},{"id":7015,"n":"Compote bébé bio Babybio Pomme coing - 4 mois - 2x130g","p":2.16,"u":"8,31 €/KG","img":"https://fd5-photos.leclercdrive.fr/image.ashx?id=2838323&use=l&cat=p&typeid=i","cat":312387},{"id":7016,"n":"Compote bébé Babybio Bio 4 mois Pomme / Pruneau - 2x130g","p":1.76,"u":"6,77 €/KG","img":"https://fd5-photos.leclercdrive.fr/image.ashx?id=2838326&use=l&cat=p&typeid=i","cat":312387},{"id":7017,"n":"Compote bébé Babybio Bio 4 mois Pomme / Banane - 2x130g","p":1.7,"u":"6,54 €/KG","img":"https://fd5-photos.leclercdrive.fr/image.ashx?id=2832011&use=l&cat=p&typeid=i","cat":312387},{"id":7018,"n":"Dessert bébé BabyBio - 6 mois Délice de Fruits Bio - 2x130g","p":1.97,"u":"7,58 €/KG","img":"https://fd5-photos.leclercdrive.fr/image.ashx?id=2838329&use=l&cat=p&typeid=i","cat":312388},{"id":7019,"n":"Compote Cool Fruits bio Vitabio Pomme Pêche Abricot - 4x90g","p":3.11,"u":"8,64 €/KG","img":"https://fd5-photos.leclercdrive.fr/image.ashx?id=2621414&use=l&cat=p&typeid=i","cat":284508},{"id":7022,"n":"Bloc bureau Esquisse - 80 pages 21x29.7cm","p":2.39,"img":"https://fd5-photos.leclercdrive.fr/image.ashx?id=1928755&use=l&cat=p&typeid=i","cat":284697},{"id":7023,"n":"Bloc bureau Esquisse - 80 pages 21x32cm","p":2.79,"img":"https://fd5-photos.leclercdrive.fr/image.ashx?id=1928758&use=l&cat=p&typeid=i","cat":284697},{"id":7025,"n":"Pizza Cuite sur pierre Turini Jambon fromage - 400g","p":2.85,"u":"7,13 €/KG","img":"https://fd5-photos.leclercdrive.fr/image.ashx?id=2815223&use=l&cat=p&typeid=i","cat":284256},{"id":7029,"n":"Velouté de carotte Régal A la Crème fraîche - 1L","p":1.41,"u":"1,41 €/L","img":"https://fd5-photos.leclercdrive.fr/image.ashx?id=2905889&use=l&cat=p&typeid=i","cat":284462},{"id":7030,"n":"Sauce Tomate cuisinée Turini Aux petits légumes - 180g","p":0.84,"u":"4,67 €/KG","img":"https://fd5-photos.leclercdrive.fr/image.ashx?id=2490034&use=l&cat=p&typeid=i","cat":288384},{"id":7056,"n":"Soupe de poissons MSC Pêche Océan - 1kg","p":2.99,"u":"2,99 €/KG","img":"https://fd5-photos.leclercdrive.fr/image.ashx?id=2480060&use=l&cat=p&typeid=i","cat":287366},{"id":7057,"n":"Rouille méditerranéenne NRT 90g","p":2.05,"u":"22,78 €/KG","img":"https://fd5-photos.leclercdrive.fr/image.ashx?id=2991157&use=l&cat=p&typeid=i","cat":285192},{"id":7058,"n":"Compote Cool Fruits bio Vitabio Pomme Poire - 4x90g","p":3.29,"u":"36,56 €/KG","img":"https://fd5-photos.leclercdrive.fr/image.ashx?id=2621417&use=l&cat=p&typeid=i","cat":284508},{"id":7059,"n":"Compote Cool Fruits bio Vitabio Pomme Fraise Myrtille - 4x90g","p":2.47,"u":"6,86 €/KG","img":"https://fd5-photos.leclercdrive.fr/image.ashx?id=2830303&use=l&cat=p&typeid=i","cat":284508},{"id":7071,"n":"Petits Boudoirs Babybio Bio - Orange Douce - 120g","p":2.55,"u":"21,25 €/KG","img":"https://fd5-photos.leclercdrive.fr/image.ashx?id=2733262&use=l&cat=p&typeid=i","cat":312227},{"id":7085,"n":"Vin mousseux d'Union Européenne  Demi-sec -75cl","p":2.89,"u":"3,85 €/L","img":"https://fd5-photos.leclercdrive.fr/image.ashx?id=1951019&use=l&cat=p&typeid=i","cat":284544},{"id":7088,"n":"AOC Crémant de Bourgogne brut rosé Antoine Barrier - 75cl","p":6.95,"u":"9,27 €/L","img":"https://fd5-photos.leclercdrive.fr/image.ashx?id=2667571&use=l&cat=p&typeid=i","cat":284545},{"id":7095,"n":"Compote Cool Fruits bio Vitabio Pomme Banane - 4x90g","p":3.32,"u":"9,22 €/KG","img":"https://fd5-photos.leclercdrive.fr/image.ashx?id=2733346&use=l&cat=p&typeid=i","cat":284508},{"id":7126,"n":"Riz cantonais  Traditions d'Asie - 400g","p":3.89,"u":"9,73 €/KG","img":"https://fd5-photos.leclercdrive.fr/image.ashx?id=2505043&use=l&cat=p&typeid=i","cat":333673},{"id":7127,"n":"Sauce soja Jardin Bio' Bio - 125ml","p":2.28,"u":"18,24 €/L","img":"https://fd5-photos.leclercdrive.fr/image.ashx?id=2740118&use=l&cat=p&typeid=i","cat":288992},{"id":7128,"n":"Porc au caramel Tables du Monde Riz thaï 300g","p":3.05,"u":"10,17 €/KG","img":"https://fd5-photos.leclercdrive.fr/image.ashx?id=2700957&use=l&cat=p&typeid=i","cat":333665},{"id":7132,"n":"Samoussa Tables du Monde Crevette curry - x6 - 200g","p":3.19,"u":"13,87 €/KG","img":"https://fd5-photos.leclercdrive.fr/image.ashx?id=2591712&use=l&cat=p&typeid=i","cat":333673},{"id":7190,"n":"Lait coco Kara - Brique 500ml","p":2.46,"u":"4,92 €/KG","img":"https://fd5-photos.leclercdrive.fr/image.ashx?id=2906898&use=l&cat=p&typeid=i","cat":288992},{"id":7191,"n":"Nouilles chinoises Tanoshi blé tendre - 250g","p":1.39,"u":"5,56 €/KG","img":"https://fd5-photos.leclercdrive.fr/image.ashx?id=2850892&use=l&cat=p&typeid=i","cat":288992},{"id":7199,"n":"Crème noix coco Kara - brique de 200ml","p":1.52,"u":"7,60 €/KG","img":"https://fd5-photos.leclercdrive.fr/image.ashx?id=2906892&use=l&cat=p&typeid=i","cat":288992},{"id":7216,"n":"Talc bébé Mots d'Enfants 250g","p":1.89,"u":"7,56 €/KG","img":"https://fd5-photos.leclercdrive.fr/image.ashx?id=3015033&use=l&cat=p&typeid=i","cat":284741},{"id":7264,"n":"Secret de mousse La laitière Café - 4x59g","p":1.8,"u":"7,63 €/KG","img":"https://fd5-photos.leclercdrive.fr/image.ashx?id=2651378&use=l&cat=p&typeid=i","cat":284417},{"id":7279,"n":"Lait frais GrandLait Bio Entier - Bouteille 1L","p":1.83,"u":"1,83 €/L","img":"https://fd5-photos.leclercdrive.fr/image.ashx?id=2916192&use=l&cat=p&typeid=i","cat":285609},{"id":7282,"n":"Compote Douceur du Verger  Pomme Poire - 4x100g","p":1.09,"u":"2,73 €/KG","img":"https://fd5-photos.leclercdrive.fr/image.ashx?id=2956903&use=l&cat=p&typeid=i","cat":284416},{"id":7283,"n":"Compote Douceur du Verger Pomme banane - 4x100g","p":1.25,"u":"3,13 €/KG","img":"https://fd5-photos.leclercdrive.fr/image.ashx?id=2956906&use=l&cat=p&typeid=i","cat":284416},{"id":7284,"n":"Compote Douceur du Verger Pomme Fraise - 4x100g","p":1.09,"u":"2,73 €/KG","img":"https://fd5-photos.leclercdrive.fr/image.ashx?id=3009779&use=l&cat=p&typeid=i","cat":284416},{"id":7289,"n":"Crème Dépilatoire Siliss Peaux sensibles - 200ml","p":1.79,"u":"8,95 €/L","img":"https://fd5-photos.leclercdrive.fr/image.ashx?id=2699675&use=l&cat=p&typeid=i","cat":325351},{"id":7291,"n":"Jus d'orange sanguine Jafaden 1L","p":3.25,"u":"3,25 €/L","img":"https://fd5-photos.leclercdrive.fr/image.ashx?id=2916671&use=l&cat=p&typeid=i","cat":285435},{"id":7293,"n":"Râpé 3 fromages Les Croisés 200g","p":1.79,"u":"8,95 €/KG","img":"https://fd5-photos.leclercdrive.fr/image.ashx?id=2893292&use=l&cat=p&typeid=i","cat":314035},{"id":7294,"n":"Huile de tournesol Bio Village Bio - 75cl","p":3.59,"u":"4,79 €/L","img":"https://fd5-photos.leclercdrive.fr/image.ashx?id=2894746&use=l&cat=p&typeid=i","cat":284453},{"id":7315,"n":"Concentré de tomates Eco+ 2x140g","p":1.28,"u":"4,57 €/KG","img":"https://fd5-photos.leclercdrive.fr/image.ashx?id=3013564&use=l&cat=p&typeid=i","cat":288384},{"id":7316,"n":"Concentré de tomates Eco+ 3x70g","p":1.75,"u":"8,33 €/KG","img":"https://fd5-photos.leclercdrive.fr/image.ashx?id=2681571&use=l&cat=p&typeid=i","cat":288384},{"id":7339,"n":"Soupe déshydratée Knorr  Douceur d'asperges - 96g","p":0.99,"u":"10,31 €/KG","img":"https://fd5-photos.leclercdrive.fr/image.ashx?id=2790588&use=l&cat=p&typeid=i","cat":284463},{"id":7343,"n":"Pâtes Panzani Penne rigate - 500g","p":0.95,"u":"1,90 €/KG","img":"https://fd5-photos.leclercdrive.fr/image.ashx?id=2876011&use=l&cat=p&typeid=i","cat":284427},{"id":7344,"n":"Pâtes petits paniers Panzani 500g","p":1.15,"u":"2,30 €/KG","img":"https://fd5-photos.leclercdrive.fr/image.ashx?id=2876014&use=l&cat=p&typeid=i","cat":284427},{"id":7345,"n":"Pâtes serpentini Panzani 500g","p":1.08,"u":"2,16 €/KG","img":"https://fd5-photos.leclercdrive.fr/image.ashx?id=2876044&use=l&cat=p&typeid=i","cat":284427},{"id":7349,"n":"Croquettes chat One Purina Stérilisé - Boeuf/Blé - 450g","p":2.4,"u":"5,33 €/KG","img":"https://fd5-photos.leclercdrive.fr/image.ashx?id=2681044&use=l&cat=p&typeid=i","cat":284680},{"id":7350,"n":"Couscous à la Marocaine  Garbit - 285g","p":2.65,"u":"9,30 €/KG","img":"https://fd5-photos.leclercdrive.fr/image.ashx?id=2672128&use=l&cat=p&typeid=i","cat":284953},{"id":7359,"n":"Gorgonzola AOP Les Croisés -150g","p":2.47,"u":"16,47 €/KG","img":"https://fd5-photos.leclercdrive.fr/image.ashx?id=2796037&use=l&cat=p&typeid=i","cat":314032},{"id":7360,"n":"Mortadelle Italienne Saint Azay 12 tranches 150g","p":2.14,"u":"14,27 €/KG","img":"https://fd5-photos.leclercdrive.fr/image.ashx?id=2704481&use=l&cat=p&typeid=i","cat":316009},{"id":7361,"n":"Fromage Edam Les Croisés En tranche x8 - 200g","p":1.97,"u":"9,85 €/KG","img":"https://fd5-photos.leclercdrive.fr/image.ashx?id=2041351&use=l&cat=p&typeid=i","cat":314028},{"id":7362,"n":"Riz Basmati Comptoir du Grain Express 2 min - 250g","p":0.99,"u":"3,96 €/KG","img":"https://fd5-photos.leclercdrive.fr/image.ashx?id=2441192&use=l&cat=p&typeid=i","cat":287600},{"id":7363,"n":"Riz Express Comptoir du Grain A la méditerranéenne - 250g","p":1.2,"u":"4,80 €/KG","img":"https://fd5-photos.leclercdrive.fr/image.ashx?id=2856474&use=l&cat=p&typeid=i","cat":287600},{"id":7364,"n":"Sauce au poivre vert Rustica 30g","p":0.6,"u":"20,00 €/KG","img":"https://fd5-photos.leclercdrive.fr/image.ashx?id=2188826&use=l&cat=p&typeid=i","cat":288381},{"id":7366,"n":"Sauce Champignons Rustica 27g","p":0.55,"u":"20,37 €/KG","img":"https://fd5-photos.leclercdrive.fr/image.ashx?id=2188829&use=l&cat=p&typeid=i","cat":288381},{"id":7368,"n":"Chiffonnade de jambon sec Saint Azay affiné 7 mois - 100g","p":2.99,"u":"29,90 €/KG","img":"https://fd5-photos.leclercdrive.fr/image.ashx?id=2462254&use=l&cat=p&typeid=i","cat":316007},{"id":7375,"n":"Lunettes de Romans NRT Fraise - 350g","p":2.75,"u":"7,86 €/KG","img":"https://fd5-photos.leclercdrive.fr/image.ashx?id=2791920&use=l&cat=p&typeid=i","cat":284489},{"id":7376,"n":"Lunettes de Romans NRT Myrtille - 350g","p":2.89,"u":"8,26 €/KG","img":"https://fd5-photos.leclercdrive.fr/image.ashx?id=2791923&use=l&cat=p&typeid=i","cat":284487},{"id":7378,"n":"Jambon d'Auvergne IGP NRT x4 - 100g","p":3.4,"u":"34,00 €/KG","img":"https://fd5-photos.leclercdrive.fr/image.ashx?id=2670419&use=l&cat=p&typeid=i","cat":316007},{"id":7379,"n":"Jambon de Savoie NRT x6 - 90g","p":2.66,"u":"29,56 €/KG","img":"https://fd5-photos.leclercdrive.fr/image.ashx?id=2670422&use=l&cat=p&typeid=i","cat":316007},{"id":7381,"n":"Sachet repas chats Gourmet 4 variétés poissons - 4x85g","p":1.79,"u":"5,26 €/KG","img":"https://fd5-photos.leclercdrive.fr/image.ashx?id=2867788&use=l&cat=p&typeid=i","cat":285286},{"id":7424,"n":"Bouillon Cubes bouquet garni Knorr - thym persil laurier -x9","p":1.29,"u":"13,03 €/KG","img":"https://fd5-photos.leclercdrive.fr/image.ashx?id=2915667&use=l&cat=p&typeid=i","cat":288379},{"id":7425,"n":"Jus de rôti Knorr 8 tablettes 72g","p":1.6,"u":"22,22 €/KG","img":"https://fd5-photos.leclercdrive.fr/image.ashx?id=2770353&use=l&cat=p&typeid=i","cat":288379},{"id":7427,"n":"Huile d'olive Puget Vierge extra - 50cl","p":6.84,"u":"13,68 €/L","img":"https://fd5-photos.leclercdrive.fr/image.ashx?id=2915877&use=l&cat=p&typeid=i","cat":284453},{"id":7431,"n":"Huile de friture Frial Lesieur 1l","p":3.67,"u":"3,67 €/L","img":"https://fd5-photos.leclercdrive.fr/image.ashx?id=2916851&use=l&cat=p&typeid=i","cat":284453},{"id":7432,"n":"Huile de friture Frial Lesieur 2L","p":5.64,"u":"2,82 €/L","img":"https://fd5-photos.leclercdrive.fr/image.ashx?id=2916857&use=l&cat=p&typeid=i","cat":284453},{"id":7433,"n":"Vinaigrette Rustica Fines herbes - 50cl","p":1.19,"u":"2,38 €/L","img":"https://fd5-photos.leclercdrive.fr/image.ashx?id=1964912&use=l&cat=p&typeid=i","cat":284456},{"id":7436,"n":"Assortiment biscuits P'tit Déli Biscuits fins - 750g","p":7.8,"u":"10,40 €/KG","img":"https://fd5-photos.leclercdrive.fr/image.ashx?id=2535643&use=l&cat=p&typeid=i","cat":284490},{"id":7437,"n":"Pâte brisée Tablier Blanc Au beurre - 230g","p":1.19,"u":"5,17 €/KG","img":"https://fd5-photos.leclercdrive.fr/image.ashx?id=2922397&use=l&cat=p&typeid=i","cat":333681},{"id":7439,"n":"Vinaigrette Rustica Nature - 1L","p":1.76,"u":"1,76 €/L","img":"https://fd5-photos.leclercdrive.fr/image.ashx?id=1972904&use=l&cat=p&typeid=i","cat":284456},{"id":7441,"n":"Huile de friture Rustica 1L","p":2.75,"u":"2,75 €/L","img":"https://fd5-photos.leclercdrive.fr/image.ashx?id=2900331&use=l&cat=p&typeid=i","cat":284453},{"id":7443,"n":"Dessert fruitier pomme poire Douceur du Verger s/sucre 4x97g","p":1.25,"u":"3,22 €/KG","img":"https://fd5-photos.leclercdrive.fr/image.ashx?id=1957066&use=l&cat=p&typeid=i","cat":284416},{"id":7444,"n":"Dessert fruitier pomme Douceur du Verger s/sucre 4x97g","p":1.05,"u":"2,71 €/KG","img":"https://fd5-photos.leclercdrive.fr/image.ashx?id=2979340&use=l&cat=p&typeid=i","cat":284416},{"id":7448,"n":"Compote Douceur du Verger Coupelle pomme pruneau - 4x100g","p":1.36,"u":"3,40 €/KG","img":"https://fd5-photos.leclercdrive.fr/image.ashx?id=2663479&use=l&cat=p&typeid=i","cat":284508},{"id":7450,"n":"Gâteaux fourrés P'tit Déli Fraise x7 - 196g","p":2.8,"u":"14,29 €/KG","img":"https://fd5-photos.leclercdrive.fr/image.ashx?id=2659777&use=l&cat=p&typeid=i","cat":284495},{"id":7451,"n":"Biscuits P'tit Déli Goûters Fourrés au chocolat 2x300g","p":2.3,"u":"3,83 €/KG","img":"https://fd5-photos.leclercdrive.fr/image.ashx?id=2116182&use=l&cat=p&typeid=i","cat":284488},{"id":7452,"n":"Tubes Fromage blanc Délisse 3 parfums - 12 x40g","p":2.38,"u":"4,96 €/KG","img":"https://fd5-photos.leclercdrive.fr/image.ashx?id=2884231&use=l&cat=p&typeid=i","cat":284415},{"id":7455,"n":"Fromage Bleu des Causses NRT  AOP - 125g","p":1.99,"u":"15,92 €/KG","img":"https://fd5-photos.leclercdrive.fr/image.ashx?id=2771043&use=l&cat=p&typeid=i","cat":314032},{"id":7459,"n":"Pâtes Barilla Spaghetti n°5 - 500g","p":0.87,"u":"1,74 €/KG","img":"https://fd5-photos.leclercdrive.fr/image.ashx?id=2392200&use=l&cat=p&typeid=i","cat":284427},{"id":7466,"n":"Pain grillé Epi d'or Brioché x26 - 300g","p":2.15,"u":"7,17 €/KG","img":"https://fd5-photos.leclercdrive.fr/image.ashx?id=2532835&use=l&cat=p&typeid=i","cat":284479},{"id":7529,"n":"Fromage Comté Entremont 200g","p":3.04,"u":"15,20 €/KG","img":"https://fd5-photos.leclercdrive.fr/image.ashx?id=2983144&use=l&cat=p&typeid=i","cat":314034},{"id":7530,"n":"Crème fraîche épaisse Bridélice 15%mg 20cl","p":0.75,"u":"3,75 €/L","img":"https://fd5-photos.leclercdrive.fr/image.ashx?id=2970873&use=l&cat=p&typeid=i","cat":284381},{"id":7540,"n":"Barquette chiens Lydog Au Poulet et Rognons - 300g","p":1.35,"u":"4,50 €/KG","img":"https://fd5-photos.leclercdrive.fr/image.ashx?id=2042427&use=l&cat=p&typeid=i","cat":284673},{"id":7541,"n":"Barquette chiens Lydog Au Boeuf et Coeur - 300g","p":1.63,"u":"5,43 €/KG","img":"https://fd5-photos.leclercdrive.fr/image.ashx?id=2042430&use=l&cat=p&typeid=i","cat":284673},{"id":7542,"n":"Barquette chien Lydog au Foie et Volailles - 300g","p":1.45,"u":"4,83 €/KG","img":"https://fd5-photos.leclercdrive.fr/image.ashx?id=2042436&use=l&cat=p&typeid=i","cat":284673},{"id":7548,"n":"Ail Rustica 100g","p":1.69,"u":"16,90 €/KG","img":"https://fd5-photos.leclercdrive.fr/image.ashx?id=2365451&use=l&cat=p&typeid=i","cat":319804},{"id":7549,"n":"Persil Rustica 50g","p":0.99,"u":"19,80 €/KG","img":"https://fd5-photos.leclercdrive.fr/image.ashx?id=2365454&use=l&cat=p&typeid=i","cat":319804},{"id":7556,"n":"Olives fromage Pause Fraîcheur 150g","p":1.99,"u":"13,27 €/KG","img":"https://fd5-photos.leclercdrive.fr/image.ashx?id=2601286&use=l&cat=p&typeid=i","cat":316002},{"id":7557,"n":"Olives à l'ail Couleurs Vives 150g","p":1.99,"u":"13,27 €/KG","img":"https://fd5-photos.leclercdrive.fr/image.ashx?id=2518508&use=l&cat=p&typeid=i","cat":316002},{"id":7560,"n":"Barquettes chats Tous mes amis Mousselines 4 variétés - 4x85g","p":1.75,"u":"5,15 €/KG","img":"https://fd5-photos.leclercdrive.fr/image.ashx?id=2815749&use=l&cat=p&typeid=i","cat":285286},{"id":7563,"n":"Coulis de tomate bio Jardin Bio 500g","p":1.53,"u":"3,06 €/KG","img":"https://fd5-photos.leclercdrive.fr/image.ashx?id=2918841&use=l&cat=p&typeid=i","cat":288384},{"id":7568,"n":"Riz Basmati Jardin Bio long grain bio 500g","p":3.32,"u":"6,64 €/KG","img":"https://fd5-photos.leclercdrive.fr/image.ashx?id=2535496&use=l&cat=p&typeid=i","cat":284428},{"id":7573,"n":"Infusion Bio Jardin Bio' Draineur - x20 sachets - 30g","p":2.3,"u":"76,67 €/KG","img":"https://fd5-photos.leclercdrive.fr/image.ashx?id=2792525&use=l&cat=p&typeid=i","cat":293234},{"id":7574,"n":"Infusion bio Jardin Bio' Aide minceur - 30g","p":2.2,"u":"73,33 €/KG","img":"https://fd5-photos.leclercdrive.fr/image.ashx?id=2971110&use=l&cat=p&typeid=i","cat":293234},{"id":7578,"n":"Thé vert bio orange Jardin Bio' Bergamote Max Havelaar x20 30g","p":2.68,"u":"89,33 €/KG","img":"https://fd5-photos.leclercdrive.fr/image.ashx?id=2792666&use=l&cat=p&typeid=i","cat":293233},{"id":7585,"n":"Echalote Rustica 100g","p":1.69,"u":"16,90 €/KG","img":"https://fd5-photos.leclercdrive.fr/image.ashx?id=2365457&use=l&cat=p&typeid=i","cat":319804},{"id":7589,"n":"Biscuits Mikado LU Chocolat au lait - 3x39g","p":2.03,"u":"17,35 €/KG","img":"https://fd5-photos.leclercdrive.fr/image.ashx?id=3001970&use=l&cat=p&typeid=i","cat":284488},{"id":7598,"n":"Ravioli de volaille Jardin Bio' Bio - 700g","p":3.62,"u":"5,17 €/KG","img":"https://fd5-photos.leclercdrive.fr/image.ashx?id=2950183&use=l&cat=p&typeid=i","cat":284442},{"id":7599,"n":"Haricots verts Jardin Bio' Bio extra fin coupés - 360g","p":2.54,"u":"7,06 €/KG","img":"https://fd5-photos.leclercdrive.fr/image.ashx?id=2967151&use=l&cat=p&typeid=i","cat":312606},{"id":7600,"n":"Petits pois carottes JardinBio' Bio - 420g","p":2.81,"u":"6,69 €/KG","img":"https://fd5-photos.leclercdrive.fr/image.ashx?id=2947958&use=l&cat=p&typeid=i","cat":312607},{"id":7601,"n":"Dessert fruitier Jardin Bio' bio Pomme vanille bourbon 680g","p":2.38,"u":"3,50 €/KG","img":"https://fd5-photos.leclercdrive.fr/image.ashx?id=2967786&use=l&cat=p&typeid=i","cat":284508},{"id":7608,"n":"Crayon à papier HB Esquisse x4 avec bout gomme","p":0.75,"img":"https://fd5-photos.leclercdrive.fr/image.ashx?id=2943214&use=l&cat=p&typeid=i","cat":284696},{"id":7610,"n":"Préparation crêpes Francine 380g","p":1.49,"u":"3,92 €/KG","img":"https://fd5-photos.leclercdrive.fr/image.ashx?id=2989120&use=l&cat=p&typeid=i","cat":284505},{"id":7611,"n":"Côte première de porc  x2 - 350g","p":3.59,"u":"10,26 €/KG","img":"https://fd5-photos.leclercdrive.fr/image.ashx?id=619330&use=l&cat=p&typeid=i","cat":284331},{"id":7612,"n":"Côte de porc échine           x2 - 350g","p":4.45,"u":"12,71 €/KG","img":"https://fd5-photos.leclercdrive.fr/image.ashx?id=619046&use=l&cat=p&typeid=i","cat":284331},{"id":7613,"n":"Porc : Rôti dans le filet  1kg","p":10.95,"u":"10,95 €/KG","img":"https://fd5-photos.leclercdrive.fr/image.ashx?id=619042&use=l&cat=p&typeid=i","cat":284331},{"id":7614,"n":"Sauté de porc 600g","p":5.05,"u":"8,42 €/KG","img":"https://fd5-photos.leclercdrive.fr/image.ashx?id=619534&use=l&cat=p&typeid=i","cat":284331},{"id":7615,"n":"Porc : Rôti dans l'échine  500g","p":5.11,"u":"10,22 €/KG","img":"https://fd5-photos.leclercdrive.fr/image.ashx?id=619038&use=l&cat=p&typeid=i","cat":284331},{"id":7616,"n":"Veau sauté sans os ***           A mijoter -  500g","p":12.9,"u":"25,80 €/KG","img":"https://fd5-photos.leclercdrive.fr/image.ashx?id=619034&use=l&cat=p&typeid=i","cat":284329},{"id":7619,"n":"Boeuf bourguignon*** à mijoter - 500g","p":7.93,"u":"15,86 €/KG","img":"https://fd5-photos.leclercdrive.fr/image.ashx?id=659562&use=l&cat=p&typeid=i","cat":284328},{"id":7620,"n":"Rôti de boeuf **  1kg","p":21.95,"u":"21,95 €/KG","img":"https://fd5-photos.leclercdrive.fr/image.ashx?id=1495728&use=l&cat=p&typeid=i","cat":284328},{"id":7621,"n":"Escalope de veau *** à griller x2 -  300g","p":10.75,"u":"35,83 €/KG","img":"https://fd5-photos.leclercdrive.fr/image.ashx?id=619014&use=l&cat=p&typeid=i","cat":284329},{"id":7640,"n":"Huile Omega Jardin Biologique 75cl","p":4.4,"u":"5,87 €/L","img":"https://fd5-photos.leclercdrive.fr/image.ashx?id=2834581&use=l&cat=p&typeid=i","cat":284453},{"id":7646,"n":"Spaghetti Jardin Bio Bio quinoa persil ail - 500g","p":1.9,"u":"3,80 €/KG","img":"https://fd5-photos.leclercdrive.fr/image.ashx?id=3014542&use=l&cat=p&typeid=i","cat":284427},{"id":7652,"n":"Compotes Pomme Pruneau Andros 4x100g","p":1.26,"u":"3,15 €/KG","img":"https://fd5-photos.leclercdrive.fr/image.ashx?id=2935789&use=l&cat=p&typeid=i","cat":284416},{"id":7655,"n":"Compote Andros Pomme framboise - 4x100g","p":1.6,"u":"4,00 €/KG","img":"https://fd5-photos.leclercdrive.fr/image.ashx?id=2907875&use=l&cat=p&typeid=i","cat":284416},{"id":7656,"n":"Compotes Andros Pomme - 4x100g","p":1.57,"u":"3,93 €/KG","img":"https://fd5-photos.leclercdrive.fr/image.ashx?id=2875337&use=l&cat=p&typeid=i","cat":284416},{"id":7666,"n":"Camembert Lepetit  250g","p":2.35,"u":"9,40 €/KG","img":"https://fd5-photos.leclercdrive.fr/image.ashx?id=2504350&use=l&cat=p&typeid=i","cat":314033},{"id":7676,"n":"Boudins Blancs Le Gaulois Volaille Nature 300g","p":2.67,"u":"8,90 €/KG","img":"https://fd5-photos.leclercdrive.fr/image.ashx?id=2236851&use=l&cat=p&typeid=i","cat":316012},{"id":7694,"n":"Magret de canard Sud Ouest NRT Fumé - 90g","p":3.79,"u":"42,11 €/KG","img":"https://fd5-photos.leclercdrive.fr/image.ashx?id=2958380&use=l&cat=p&typeid=i","cat":316007},{"id":7707,"n":"Eau minérale naturelle 50cl","p":0.36,"u":"0,72 €/L","img":"https://fd5-photos.leclercdrive.fr/image.ashx?id=2691111&use=l&cat=p&typeid=i","cat":284535},{"id":7713,"n":"Dessert fruitier pomme pruneaux Douceur du Verger s/sucre4x100g","p":1.54,"u":"3,85 €/KG","img":"https://fd5-photos.leclercdrive.fr/image.ashx?id=2983790&use=l&cat=p&typeid=i","cat":284416},{"id":7750,"n":"Boulghour bio Céréal Bio  repas express 250g","p":1.74,"u":"6,96 €/KG","img":"https://fd5-photos.leclercdrive.fr/image.ashx?id=2575045&use=l&cat=p&typeid=i","cat":284429},{"id":7761,"n":"Galette Croq'Soja Céréal Bio  Bio provençale x2 200g","p":2.23,"u":"11,15 €/KG","img":"https://fd5-photos.leclercdrive.fr/image.ashx?id=2574296&use=l&cat=p&typeid=i","cat":284953},{"id":7772,"n":"Galette bio Céréal Bio  Millet champignons x2 - 200g","p":2.07,"u":"10,35 €/KG","img":"https://fd5-photos.leclercdrive.fr/image.ashx?id=2573543&use=l&cat=p&typeid=i","cat":284953},{"id":7857,"n":"Croquettes chiens Fido Au boeuf 1kg","p":2.59,"u":"2,59 €/KG","img":"https://fd5-photos.leclercdrive.fr/image.ashx?id=2972964&use=l&cat=p&typeid=i","cat":294526},{"id":7862,"n":"Petit pot de crème Délisse Café - 4x100g","p":1.8,"u":"4,50 €/KG","img":"https://fd5-photos.leclercdrive.fr/image.ashx?id=2550372&use=l&cat=p&typeid=i","cat":285041},{"id":7864,"n":"Yaourts sucrés Délisse Nature  - 4x125g","p":0.99,"u":"1,98 €/KG","img":"https://fd5-photos.leclercdrive.fr/image.ashx?id=2590415&use=l&cat=p&typeid=i","cat":284409},{"id":7866,"n":"Beurre Tendre Les Croisés Demi-sel - 80% MG - 250g","p":2.51,"u":"10,04 €/KG","img":"https://fd5-photos.leclercdrive.fr/image.ashx?id=2839899&use=l&cat=p&typeid=i","cat":284379},{"id":7869,"n":"Yaourts aromatisés Délisse Citron - 4x125g","p":1.45,"u":"2,90 €/KG","img":"https://fd5-photos.leclercdrive.fr/image.ashx?id=2134515&use=l&cat=p&typeid=i","cat":286006},{"id":7881,"n":"Camembert Les Croisés 8 portions - 22% mg - 8x30g","p":2.19,"u":"9,13 €/KG","img":"https://fd5-photos.leclercdrive.fr/image.ashx?id=2974798&use=l&cat=p&typeid=i","cat":314033},{"id":7882,"n":"Actifidus Délisse Coco Citron Vanille - 12x125g","p":3.5,"u":"2,33 €/KG","img":"https://fd5-photos.leclercdrive.fr/image.ashx?id=2441842&use=l&cat=p&typeid=i","cat":315000},{"id":7885,"n":"Chabichou du Poitou NRT Fromage de chèvre - 150g","p":3.45,"u":"23,00 €/KG","img":"https://fd5-photos.leclercdrive.fr/image.ashx?id=2449577&use=l&cat=p&typeid=i","cat":314031},{"id":7886,"n":"Diots fumés de Savoie NRT 4x90g","p":4.22,"u":"11,72 €/KG","img":"https://fd5-photos.leclercdrive.fr/image.ashx?id=2991467&use=l&cat=p&typeid=i","cat":316012},{"id":7889,"n":"Fromage Reblochon NRT AOP 240g","p":3.7,"u":"15,42 €/KG","img":"https://fd5-photos.leclercdrive.fr/image.ashx?id=2933337&use=l&cat=p&typeid=i","cat":314037},{"id":7895,"n":"Gâteau de riz La Laitiere 500g","p":2.08,"u":"4,16 €/KG","img":"https://fd5-photos.leclercdrive.fr/image.ashx?id=3010972&use=l&cat=p&typeid=i","cat":284418},{"id":7962,"n":"Vieux Pané   150g","p":2.44,"u":"16,27 €/KG","img":"https://fd5-photos.leclercdrive.fr/image.ashx?id=2843358&use=l&cat=p&typeid=i","cat":329558},{"id":7965,"n":"Matière grasse Bridelight à tartiner 15% MG - 250g","p":1.85,"u":"7,40 €/KG","img":"https://fd5-photos.leclercdrive.fr/image.ashx?id=2643884&use=l&cat=p&typeid=i","cat":284379},{"id":7972,"n":"Beurre Moulé Paysan Breton Doux - 82%MG - 250g","p":3.55,"u":"14,20 €/KG","img":"https://fd5-photos.leclercdrive.fr/image.ashx?id=2946943&use=l&cat=p&typeid=i","cat":284379},{"id":7973,"n":"Faisselle Rians 6%mg - 4x100g","p":2.37,"u":"5,93 €/KG","img":"https://fd5-photos.leclercdrive.fr/image.ashx?id=2762088&use=l&cat=p&typeid=i","cat":284409},{"id":7993,"n":"Beurre d'escargot Rustica Ail et persil - 250g","p":3.49,"u":"13,96 €/KG","img":"https://fd5-photos.leclercdrive.fr/image.ashx?id=1915569&use=l&cat=p&typeid=i","cat":319775},{"id":7996,"n":"Poireaux Notre Jardin En rondelles 1kg","p":1.28,"u":"1,28 €/KG","img":"https://fd5-photos.leclercdrive.fr/image.ashx?id=2873123&use=l&cat=p&typeid=i","cat":319805},{"id":7997,"n":"Mascarpone Galbani 250g","p":2.38,"u":"9,52 €/KG","img":"https://fd5-photos.leclercdrive.fr/image.ashx?id=3009173&use=l&cat=p&typeid=i","cat":314026},{"id":8000,"n":"Cordon Bleu Poulet Père Dodu  Bacon de Dinde x2 - 200g","p":3.02,"u":"15,10 €/KG","img":"https://fd5-photos.leclercdrive.fr/image.ashx?id=2956987&use=l&cat=p&typeid=i","cat":333683},{"id":8007,"n":"Fromage fondu allégé Bridelight saveur emmental - 3% mg - 200g","p":2.37,"u":"11,85 €/KG","img":"https://fd5-photos.leclercdrive.fr/image.ashx?id=1559290&use=l&cat=p&typeid=i","cat":314029},{"id":8011,"n":"Crème glacée Menthe Eskiss Copeaux de Chocolat - 494g","p":2.79,"u":"5,65 €/KG","img":"https://fd5-photos.leclercdrive.fr/image.ashx?id=2982583&use=l&cat=p&typeid=i","cat":284263},{"id":8012,"n":"Friandises pour chien Lydog Biscuits fourrés Viande - 500g","p":1.29,"u":"2,58 €/KG","img":"https://fd5-photos.leclercdrive.fr/image.ashx?id=2191114&use=l&cat=p&typeid=i","cat":294527},{"id":8013,"n":"Friandises pour chien Lydog Biscuits croquants - 500g","p":1.29,"u":"2,58 €/KG","img":"https://fd5-photos.leclercdrive.fr/image.ashx?id=1954353&use=l&cat=p&typeid=i","cat":294527},{"id":8017,"n":"Pâtes Penne Regate Turini 500g","p":0.6,"u":"1,20 €/KG","img":"https://fd5-photos.leclercdrive.fr/image.ashx?id=2980773&use=l&cat=p&typeid=i","cat":284427},{"id":8023,"n":"Paëla Royale Côté Table 400g","p":2.85,"u":"7,13 €/KG","img":"https://fd5-photos.leclercdrive.fr/image.ashx?id=2499355&use=l&cat=p&typeid=i","cat":333665},{"id":8024,"n":"Barquette chiens Lydog 3 saveurs - 3x300g","p":3.78,"u":"4,20 €/KG","img":"https://fd5-photos.leclercdrive.fr/image.ashx?id=2050639&use=l&cat=p&typeid=i","cat":284673},{"id":8025,"n":"Barquette chiens Lydog 3 saveurs - 3x300g","p":3.79,"u":"4,21 €/KG","img":"https://fd5-photos.leclercdrive.fr/image.ashx?id=2050642&use=l&cat=p&typeid=i","cat":284673},{"id":8026,"n":"Soupe Velouté Régal Soupe Poireaux Pommes de terre 2x30cl","p":1.07,"u":"1,78 €/L","img":"https://fd5-photos.leclercdrive.fr/image.ashx?id=2607440&use=l&cat=p&typeid=i","cat":284462},{"id":8027,"n":"Soupe Velouté Régal Soupe 10 légumes - 2x30cl","p":1.19,"u":"1,98 €/L","img":"https://fd5-photos.leclercdrive.fr/image.ashx?id=2607443&use=l&cat=p&typeid=i","cat":284462},{"id":8032,"n":"Nougat tendre de Montélimar NRT Barre 200g","p":3.99,"u":"19,95 €/KG","img":"https://fd5-photos.leclercdrive.fr/image.ashx?id=2991151&use=l&cat=p&typeid=i","cat":304249},{"id":8033,"n":"Broyés du Poitou NRT Pur beurre - 280g","p":3.17,"u":"11,32 €/KG","img":"https://fd5-photos.leclercdrive.fr/image.ashx?id=2622284&use=l&cat=p&typeid=i","cat":284487},{"id":8059,"n":"Coloration Belle Color n°2 Blond naturel","p":7.42,"img":"https://fd5-photos.leclercdrive.fr/image.ashx?id=2960792&use=l&cat=p&typeid=i","cat":288899},{"id":8063,"n":"Coloration Belle Color n°06 Blond très clair","p":7.42,"img":"https://fd5-photos.leclercdrive.fr/image.ashx?id=2513532&use=l&cat=p&typeid=i","cat":288899},{"id":8066,"n":"Coloration Belle Color n°20 Chatain clair","p":6.08,"img":"https://fd5-photos.leclercdrive.fr/image.ashx?id=2884366&use=l&cat=p&typeid=i","cat":288899},{"id":8067,"n":"Coloration Belle Color n°21 Chatain clair doré","p":7.42,"img":"https://fd5-photos.leclercdrive.fr/image.ashx?id=2960795&use=l&cat=p&typeid=i","cat":288899},{"id":8068,"n":"Coloration Belle Color n°22 Chatain","p":7.42,"img":"https://fd5-photos.leclercdrive.fr/image.ashx?id=2884372&use=l&cat=p&typeid=i","cat":288899},{"id":8070,"n":"Coloration Belle Color n°24 Chatain foncé","p":6.05,"img":"https://fd5-photos.leclercdrive.fr/image.ashx?id=2960798&use=l&cat=p&typeid=i","cat":288899},{"id":8092,"n":"Pommes Pink Lady 2kg","p":7.61,"u":"3,81 €/KG","img":"https://fd5-photos.leclercdrive.fr/image.ashx?id=2121653&use=l&cat=p&typeid=i","cat":284356},{"id":8120,"n":"Cassoulet Saucisse de Toulouse Côté Table - 840g","p":3.63,"u":"4,32 €/KG","img":"https://fd5-photos.leclercdrive.fr/image.ashx?id=2977129&use=l&cat=p&typeid=i","cat":284440},{"id":8121,"n":"Glace Cône Mini Smicy Vanille Chocolat x10 - 175g","p":2.49,"u":"14,23 €/KG","img":"https://fd5-photos.leclercdrive.fr/image.ashx?id=2698168&use=l&cat=p&typeid=i","cat":285250},{"id":8129,"n":"Soupe Mouliné Régal Soupe 10 légumes variés - 2x30cl","p":1.45,"u":"2,42 €/L","img":"https://fd5-photos.leclercdrive.fr/image.ashx?id=2607476&use=l&cat=p&typeid=i","cat":284462},{"id":8136,"n":"Biscuits raisin GERBLE  - 4x5, 360g","p":1.41,"u":"3,92 €/KG","img":"https://fd5-photos.leclercdrive.fr/image.ashx?id=2578726&use=l&cat=p&typeid=i","cat":318651},{"id":8178,"n":"Infusion Tisea Douce soirée 25 sachets","p":0.99,"u":"28,29 €/KG","img":"https://fd5-photos.leclercdrive.fr/image.ashx?id=2553902&use=l&cat=p&typeid=i","cat":293234},{"id":8182,"n":"Mini Feuilletés Côté Table Saucisse x20 - 350g","p":4.19,"u":"11,97 €/KG","img":"https://fd5-photos.leclercdrive.fr/image.ashx?id=2622016&use=l&cat=p&typeid=i","cat":319774},{"id":8191,"n":"Colin d'Alaska Pêche Océan À la Florentine - MSC - 400g","p":3.49,"u":"8,73 €/KG","img":"https://fd5-photos.leclercdrive.fr/image.ashx?id=2930108&use=l&cat=p&typeid=i","cat":319786},{"id":8194,"n":"Fagots de haricots verts Notre Jardin x6 - 270g","p":3.99,"u":"14,78 €/KG","img":"https://fd5-photos.leclercdrive.fr/image.ashx?id=1510099&use=l&cat=p&typeid=i","cat":319805},{"id":8210,"n":"Barquettes chats Tous mes amis Mousselines 4 variétés - 12x85g","p":4.79,"u":"4,70 €/KG","img":"https://fd5-photos.leclercdrive.fr/image.ashx?id=2860727&use=l&cat=p&typeid=i","cat":285286},{"id":8217,"n":"Filet de Merlu Pêche Océan 4 à 5 pièces 450g","p":6.52,"u":"14,49 €/KG","img":"https://fd5-photos.leclercdrive.fr/image.ashx?id=2553905&use=l&cat=p&typeid=i","cat":319788},{"id":8322,"n":"Coeurs artichauts Florelli Grillés - 170g","p":3.94,"u":"23,18 €/KG","img":"https://fd5-photos.leclercdrive.fr/image.ashx?id=2690003&use=l&cat=p&typeid=i","cat":289010},{"id":8324,"n":"Tomates séchées Florelli 270g","p":3.24,"u":"12,00 €/KG","img":"https://fd5-photos.leclercdrive.fr/image.ashx?id=2633094&use=l&cat=p&typeid=i","cat":289010},{"id":8329,"n":"Crème de vinaigre de Modène Toscoro - 250ml","p":4.48,"u":"17,92 €/L","img":"https://fd5-photos.leclercdrive.fr/image.ashx?id=2767401&use=l&cat=p&typeid=i","cat":289010},{"id":8335,"n":"Sauce pâtes artichaut Florelli Tomate mascarpone - 190g","p":2.85,"u":"15,00 €/KG","img":"https://fd5-photos.leclercdrive.fr/image.ashx?id=3011668&use=l&cat=p&typeid=i","cat":289010},{"id":8337,"n":"Tapenade d'Olives noires  Les Tartinables Florelli 190g","p":2.48,"u":"13,05 €/KG","img":"https://fd5-photos.leclercdrive.fr/image.ashx?id=2884690&use=l&cat=p&typeid=i","cat":289010},{"id":8375,"n":"Sauce Déshydratée KNORR Aux Trois Poivres - 32g","p":0.64,"u":"22,86 €/KG","img":"https://fd5-photos.leclercdrive.fr/image.ashx?id=2875933&use=l&cat=p&typeid=i","cat":288381},{"id":8381,"n":"Soupe instantanée Royco  Bouillon à la Chinoise 3x200ml","p":1.84,"u":"39,15 €/KG","img":"https://fd5-photos.leclercdrive.fr/image.ashx?id=2650976&use=l&cat=p&typeid=i","cat":288992},{"id":8382,"n":"Pâtes spaghetti plat Panzani 500g","p":0.94,"u":"1,88 €/KG","img":"https://fd5-photos.leclercdrive.fr/image.ashx?id=2876041&use=l&cat=p&typeid=i","cat":284427},{"id":8383,"n":"Pâtes Coquillettes Panzani 3 Minutes - 500G","p":1.09,"u":"2,18 €/KG","img":"https://fd5-photos.leclercdrive.fr/image.ashx?id=2867945&use=l&cat=p&typeid=i","cat":284427},{"id":8388,"n":"Pâtes Lustucru macaroni Aux oeufs - 250g","p":0.85,"u":"3,40 €/KG","img":"https://fd5-photos.leclercdrive.fr/image.ashx?id=2519471&use=l&cat=p&typeid=i","cat":284427},{"id":8392,"n":"Torti Weight Watchers St Jacques - 300g","p":3.63,"u":"12,10 €/KG","img":"https://fd5-photos.leclercdrive.fr/image.ashx?id=2610861&use=l&cat=p&typeid=i","cat":333665},{"id":8394,"n":"Saucisse de Toulouse Marie Purée a l'Ancienne - 290g","p":3.79,"u":"13,07 €/KG","img":"https://fd5-photos.leclercdrive.fr/image.ashx?id=2317414&use=l&cat=p&typeid=i","cat":333665},{"id":8407,"n":"Crème expert rides Diadermine Nuit Anti-rides - 50ml","p":8.3,"pp":5.48,"u":"109,60 €/L","img":"https://fd5-photos.leclercdrive.fr/image.ashx?id=2500491&use=l&cat=p&typeid=i","cat":325345},{"id":8409,"n":"Soin de nuit Diadermine Lift+ Nourrissant - 50ml","p":8.17,"u":"163,40 €/L","img":"https://fd5-photos.leclercdrive.fr/image.ashx?id=2551471&use=l&cat=p&typeid=i","cat":325345},{"id":8413,"n":"Biscuits Crackers Tokapi  Nature - 3x100g","p":1.38,"u":"4,60 €/KG","img":"https://fd5-photos.leclercdrive.fr/image.ashx?id=2660550&use=l&cat=p&typeid=i","cat":297000},{"id":8414,"n":"Chocolat au lait Equador Doux et fondant - 100g","p":1.65,"u":"16,50 €/KG","img":"https://fd5-photos.leclercdrive.fr/image.ashx?id=2758344&use=l&cat=p&typeid=i","cat":284497},{"id":8415,"n":"Pâtes coquillettes Turini Les 3 min - 500g","p":0.72,"u":"1,44 €/KG","img":"https://fd5-photos.leclercdrive.fr/image.ashx?id=2607461&use=l&cat=p&typeid=i","cat":284427},{"id":8416,"n":"Parmentier poisson Côté Table 300g","p":2.35,"u":"7,83 €/KG","img":"https://fd5-photos.leclercdrive.fr/image.ashx?id=2970729&use=l&cat=p&typeid=i","cat":333665},{"id":8419,"n":"Biscuits Crackers Tokapi Emmental - 100g","p":0.68,"u":"6,80 €/KG","img":"https://fd5-photos.leclercdrive.fr/image.ashx?id=2351226&use=l&cat=p&typeid=i","cat":297000},{"id":8420,"n":"Chocolat blanc Tablette D'Or Noix de coco - 200g","p":2.69,"u":"13,45 €/KG","img":"https://fd5-photos.leclercdrive.fr/image.ashx?id=2753472&use=l&cat=p&typeid=i","cat":284957},{"id":8424,"n":"Biscottes Heudebert  Fibres plus - 280g","p":1.99,"u":"7,11 €/KG","img":"https://fd5-photos.leclercdrive.fr/image.ashx?id=2679503&use=l&cat=p&typeid=i","cat":284479},{"id":8428,"n":"Biscuits sablés Granola Chocolat au lait - 225g","p":1.75,"u":"7,78 €/KG","img":"https://fd5-photos.leclercdrive.fr/image.ashx?id=2346675&use=l&cat=p&typeid=i","cat":284488},{"id":8433,"n":"Pâtes Coquillettes Panzani Prêt en 3 min - 1kg","p":2.02,"u":"2,02 €/KG","img":"https://fd5-photos.leclercdrive.fr/image.ashx?id=2896093&use=l&cat=p&typeid=i","cat":284427},{"id":8447,"n":"Pommes Pink Lady Barquette x6","p":4.38,"u":"0,73 €/P","img":"https://fd5-photos.leclercdrive.fr/image.ashx?id=2121671&use=l&cat=p&typeid=i","cat":284356},{"id":8464,"n":"Serviettes Vania Maxi Confort Super - Fresh - x14","p":2.28,"u":"0,16 €/P","img":"https://fd5-photos.leclercdrive.fr/image.ashx?id=2907611&use=l&cat=p&typeid=i","cat":284624},{"id":8471,"n":"Lait en poudre Délisse Ecrémé - 750g","p":4.99,"u":"6,65 €/KG","img":"https://fd5-photos.leclercdrive.fr/image.ashx?id=2590698&use=l&cat=p&typeid=i","cat":299162},{"id":8474,"n":"Terrines Tous Mes Amis Les délices de la mer - 3x400g","p":3.69,"u":"3,08 €/KG","img":"https://fd5-photos.leclercdrive.fr/image.ashx?id=2832921&use=l&cat=p&typeid=i","cat":285601},{"id":8475,"n":"Serviette hygiénique Doulys Maxi confort - Normal - x18","p":0.99,"u":"0,06 €/P","img":"https://fd5-photos.leclercdrive.fr/image.ashx?id=2838909&use=l&cat=p&typeid=i","cat":284624},{"id":8476,"n":"AOP Côtes de Provence vin rosé Terres Ocrées - BIB 3L","p":16.99,"u":"5,66 €/L","img":"https://fd5-photos.leclercdrive.fr/image.ashx?id=2710771&use=l&cat=p&typeid=i","cat":289558},{"id":8484,"n":"AOC Côtes de Bourg vin rouge Chantet Blanet - BIB 3L","p":12.49,"u":"4,16 €/L","img":"https://fd5-photos.leclercdrive.fr/image.ashx?id=2646755&use=l&cat=p&typeid=i","cat":289560},{"id":8494,"n":"Biscuits déli matin P'tit Déli Chocolat/pépites - 600g","p":3.18,"u":"5,30 €/KG","img":"https://fd5-photos.leclercdrive.fr/image.ashx?id=2999496&use=l&cat=p&typeid=i","cat":284491},{"id":8504,"n":"Biscottes bio Bio Village Complètes x36 - 300g","p":2.2,"u":"7,33 €/KG","img":"https://fd5-photos.leclercdrive.fr/image.ashx?id=2590460&use=l&cat=p&typeid=i","cat":284479},{"id":8511,"n":"Haricots verts éboutés  500g","p":5.19,"u":"10,38 €/KG","img":"https://fd5-photos.leclercdrive.fr/image.ashx?id=752804&use=l&cat=p&typeid=i","cat":284352},{"id":8515,"n":"Bâtonnets Dentastix Pedigree Moyen chien x28 - 720g","p":7.02,"u":"9,75 €/KG","img":"https://fd5-photos.leclercdrive.fr/image.ashx?id=2980094&use=l&cat=p&typeid=i","cat":294527},{"id":8528,"n":"Sel fin La Baleine Iodé et fluoré - 750g","p":0.82,"u":"1,09 €/KG","img":"https://fd5-photos.leclercdrive.fr/image.ashx?id=2790612&use=l&cat=p&typeid=i","cat":284457},{"id":8533,"n":"Flageolets verts Notre Jardin Extra Fins - 420g","p":1.72,"u":"4,10 €/KG","img":"https://fd5-photos.leclercdrive.fr/image.ashx?id=2371536&use=l&cat=p&typeid=i","cat":312606},{"id":8535,"n":"Olives noires Rustica Entières - 225g","p":0.99,"u":"4,40 €/KG","img":"https://fd5-photos.leclercdrive.fr/image.ashx?id=2499076&use=l&cat=p&typeid=i","cat":284458},{"id":8536,"n":"Savon mains en crème Manava Perles d'oranger - 300ml","p":1.25,"u":"4,17 €/L","img":"https://fd5-photos.leclercdrive.fr/image.ashx?id=2935480&use=l&cat=p&typeid=i","cat":284597},{"id":8538,"n":"100% Pur jus d'orange Jafaden  Avec pulpe - 1L","p":1.99,"u":"1,99 €/L","img":"https://fd5-photos.leclercdrive.fr/image.ashx?id=2796043&use=l&cat=p&typeid=i","cat":284521},{"id":8539,"n":"Nectar Jafaden Pêche - 1L","p":1.99,"u":"1,99 €/L","img":"https://fd5-photos.leclercdrive.fr/image.ashx?id=2919607&use=l&cat=p&typeid=i","cat":284915},{"id":8540,"n":"Nectar Jafaden Fraise - 1L","p":2.63,"u":"2,63 €/L","img":"https://fd5-photos.leclercdrive.fr/image.ashx?id=2895768&use=l&cat=p&typeid=i","cat":284915},{"id":8541,"n":"Nectar Jafaden Mangue - 1L","p":2.15,"u":"2,15 €/L","img":"https://fd5-photos.leclercdrive.fr/image.ashx?id=2955710&use=l&cat=p&typeid=i","cat":284916},{"id":8544,"n":"Spray Cheveux L'Oréal Paris Fixation Ultra Forte - 300ml","p":3.53,"u":"11,77 €/L","img":"https://fd5-photos.leclercdrive.fr/image.ashx?id=2445331&use=l&cat=p&typeid=i","cat":284609},{"id":8558,"n":"Savon L'Authentique Monsavon Lavant Antibactérien - 6x100g","p":3.54,"u":"5,90 €/KG","img":"https://fd5-photos.leclercdrive.fr/image.ashx?id=2881332&use=l&cat=p&typeid=i","cat":284597},{"id":8559,"n":"Biscuits Bjorg Fourrés Chocolat noir bio 225g","p":3.04,"u":"13,51 €/KG","img":"https://fd5-photos.leclercdrive.fr/image.ashx?id=2970912&use=l&cat=p&typeid=i","cat":284488},{"id":8564,"n":"Pâtes Barilla  Linguine - 500g","p":1.04,"u":"2,08 €/KG","img":"https://fd5-photos.leclercdrive.fr/image.ashx?id=3004444&use=l&cat=p&typeid=i","cat":284427},{"id":8566,"n":"Chocolat noir Bio Village Bio -Dégustation 74% cacao 100g","p":1.59,"u":"15,90 €/KG","img":"https://fd5-photos.leclercdrive.fr/image.ashx?id=2045623&use=l&cat=p&typeid=i","cat":284956},{"id":8572,"n":"Tablette chocolat Côte d'Or Chocolat au lait - 200g","p":2.85,"u":"14,25 €/KG","img":"https://fd5-photos.leclercdrive.fr/image.ashx?id=2944362&use=l&cat=p&typeid=i","cat":284497},{"id":8576,"n":"Pâtes Barilla Torsades - 500g","p":0.91,"u":"1,82 €/KG","img":"https://fd5-photos.leclercdrive.fr/image.ashx?id=2392224&use=l&cat=p&typeid=i","cat":284427},{"id":8605,"n":"Liqueur Cointreau 40%vol. - 70cl","p":17.32,"u":"24,74 €/L","img":"https://fd5-photos.leclercdrive.fr/image.ashx?id=2998904&use=l&cat=p&typeid=i","cat":286032},{"id":8634,"n":"Cognac Courcel 40%vol - 20cl","p":6.06,"u":"30,30 €/L","img":"https://fd5-photos.leclercdrive.fr/image.ashx?id=2484035&use=l&cat=p&typeid=i","cat":286032},{"id":8642,"n":"Dentifrice Dentamyl Anti-tartre 75ml","p":0.74,"u":"9,87 €/L","img":"https://fd5-photos.leclercdrive.fr/image.ashx?id=2489098&use=l&cat=p&typeid=i","cat":284612},{"id":8643,"n":"Amandes en poudre Tablier Blanc 125g","p":1.6,"u":"12,80 €/KG","img":"https://fd5-photos.leclercdrive.fr/image.ashx?id=2460577&use=l&cat=p&typeid=i","cat":284504},{"id":8645,"n":"Pepites de chocolat Tablier Blanc - 100g","p":1.43,"u":"14,30 €/KG","img":"https://fd5-photos.leclercdrive.fr/image.ashx?id=2723138&use=l&cat=p&typeid=i","cat":284504},{"id":8646,"n":"Noix de Coco Râpée  Tablier Blanc - 125g","p":1.41,"u":"11,28 €/KG","img":"https://fd5-photos.leclercdrive.fr/image.ashx?id=2460583&use=l&cat=p&typeid=i","cat":284504},{"id":8647,"n":"Gélatine alimentaire Tablier 9 feuilles - 17g","p":1.07,"u":"62,94 €/KG","img":"https://fd5-photos.leclercdrive.fr/image.ashx?id=2487446&use=l&cat=p&typeid=i","cat":284504},{"id":8648,"n":"Amandes effilées Tablier Blanc 125g","p":1.9,"u":"15,20 €/KG","img":"https://fd5-photos.leclercdrive.fr/image.ashx?id=2460586&use=l&cat=p&typeid=i","cat":284504},{"id":8649,"n":"Raisins Secs Tablier Blanc 250g","p":1.98,"u":"7,92 €/KG","img":"https://fd5-photos.leclercdrive.fr/image.ashx?id=2460589&use=l&cat=p&typeid=i","cat":284504},{"id":8650,"n":"Arôme fleur d'Oranger Tablier Blanc - 200ml","p":1.24,"u":"6,20 €/L","img":"https://fd5-photos.leclercdrive.fr/image.ashx?id=2487449&use=l&cat=p&typeid=i","cat":284504},{"id":8651,"n":"Arôme naturel de vanille Tablier Blanc 20ml","p":1.15,"u":"57,50 €/L","img":"https://fd5-photos.leclercdrive.fr/image.ashx?id=2487452&use=l&cat=p&typeid=i","cat":284504},{"id":8672,"n":"Nappage Tablier Blanc Caramel - 210g","p":1.25,"u":"5,95 €/KG","img":"https://fd5-photos.leclercdrive.fr/image.ashx?id=2487455&use=l&cat=p&typeid=i","cat":284504},{"id":8673,"n":"Fromage Le Pavé Les Croisés Lait pasteurisé 22% MG - 220g","p":2.36,"u":"10,73 €/KG","img":"https://fd5-photos.leclercdrive.fr/image.ashx?id=2775887&use=l&cat=p&typeid=i","cat":314033},{"id":8674,"n":"Sucre Tablier Blanc Spécial confiture - 1kg","p":1.92,"u":"1,92 €/KG","img":"https://fd5-photos.leclercdrive.fr/image.ashx?id=3010416&use=l&cat=p&typeid=i","cat":284502},{"id":8675,"n":"Sucre Tablier Blanc 100 dosettes - 500g","p":2.31,"u":"4,62 €/KG","img":"https://fd5-photos.leclercdrive.fr/image.ashx?id=3010419&use=l&cat=p&typeid=i","cat":284502},{"id":8678,"n":"Muscat NRT Baume De Venise-15,5%vol - 75cl","p":9.99,"u":"13,32 €/L","img":"https://fd5-photos.leclercdrive.fr/image.ashx?id=2920942&use=l&cat=p&typeid=i","cat":284913},{"id":8679,"n":"Truite fumée d'Aquitaine NRT x4 - 120g","p":5.26,"u":"43,83 €/KG","img":"https://fd5-photos.leclercdrive.fr/image.ashx?id=2663836&use=l&cat=p&typeid=i","cat":285188},{"id":8682,"n":"Quenelles nature NRT - 4x80g","p":3.0,"u":"9,38 €/KG","img":"https://fd5-photos.leclercdrive.fr/image.ashx?id=2858051&use=l&cat=p&typeid=i","cat":333682},{"id":8684,"n":"Saucisse sèche d'Ardèche IGP Nos Régions ont du Talent 250g","p":5.19,"u":"20,76 €/KG","img":"https://fd5-photos.leclercdrive.fr/image.ashx?id=2753505&use=l&cat=p&typeid=i","cat":316006},{"id":8687,"n":"Fromage Emmental râpé NRT IGP Est-Central - 200g","p":3.49,"u":"17,45 €/KG","img":"https://fd5-photos.leclercdrive.fr/image.ashx?id=2771067&use=l&cat=p&typeid=i","cat":314035},{"id":8694,"n":"Salakis léger 9% matière grasse Fromage de brebis allégé - 200g","p":3.49,"u":"17,45 €/KG","img":"https://fd5-photos.leclercdrive.fr/image.ashx?id=2739764&use=l&cat=p&typeid=i","cat":314026},{"id":8698,"n":"Assiette soir bébé bio Babybio Légumes riz - 12 mois - 230g","p":2.1,"u":"9,13 €/KG","img":"https://fd5-photos.leclercdrive.fr/image.ashx?id=2859356&use=l&cat=p&typeid=i","cat":312239},{"id":8734,"n":"AOC Champagne brut blanc  Premier cru Pol Carson - 75cl","p":22.99,"u":"30,65 €/L","img":"https://fd5-photos.leclercdrive.fr/image.ashx?id=2984649&use=l&cat=p&typeid=i","cat":284542},{"id":8735,"n":"Cake P'tit Déli Aux Fruits 400g","p":2.6,"u":"6,50 €/KG","img":"https://fd5-photos.leclercdrive.fr/image.ashx?id=2500803&use=l&cat=p&typeid=i","cat":284493},{"id":8745,"n":"Lait demi-écrémé Grandlait Bouteille - 6x1L","p":6.18,"u":"1,03 €/L","img":"https://fd5-photos.leclercdrive.fr/image.ashx?id=2914612&use=l&cat=p&typeid=i","cat":284377},{"id":8749,"n":"Flask Whisky Label 5 40%vol - 20cl","p":4.02,"u":"20,10 €/L","img":"https://fd5-photos.leclercdrive.fr/image.ashx?id=2519720&use=l&cat=p&typeid=i","cat":284547},{"id":8754,"n":"Sacs congélation Elembal Moyen Zip 20 Sacs","p":1.49,"u":"0,07 €/P","img":"https://fd5-photos.leclercdrive.fr/image.ashx?id=2751886&use=l&cat=p&typeid=i","cat":334134},{"id":8795,"n":"Eau minérale Wattwiller 6x1.5L","p":3.48,"u":"0,39 €/L","img":"https://fd5-photos.leclercdrive.fr/image.ashx?id=2582846&use=l&cat=p&typeid=i","cat":284535},{"id":8796,"n":"Saucisse fine de Lyon NRT 120g","p":1.85,"u":"15,42 €/KG","img":"https://fd5-photos.leclercdrive.fr/image.ashx?id=2743870&use=l&cat=p&typeid=i","cat":316012},{"id":8804,"n":"Brownie P'tit Déli Chocolat pépites 285g","p":1.85,"u":"6,49 €/KG","img":"https://fd5-photos.leclercdrive.fr/image.ashx?id=2663365&use=l&cat=p&typeid=i","cat":294776},{"id":8809,"n":"Galettes Bretonnes P'tit Déli Pur beurre 2x125g","p":1.45,"u":"5,80 €/KG","img":"https://fd5-photos.leclercdrive.fr/image.ashx?id=2847961&use=l&cat=p&typeid=i","cat":284487},{"id":8825,"n":"Barres de céréales Coco Pops Kellogg's - 6x20g","p":1.98,"u":"16,50 €/KG","img":"https://fd5-photos.leclercdrive.fr/image.ashx?id=2677291&use=l&cat=p&typeid=i","cat":285869},{"id":8831,"n":"Nouille Alsacienne Lustucru 250g","p":0.8,"u":"3,20 €/KG","img":"https://fd5-photos.leclercdrive.fr/image.ashx?id=2503942&use=l&cat=p&typeid=i","cat":284427},{"id":8832,"n":"Pâtes Lustucru collerettes 250g","p":1.08,"u":"4,32 €/KG","img":"https://fd5-photos.leclercdrive.fr/image.ashx?id=1943562&use=l&cat=p&typeid=i","cat":284427},{"id":8842,"n":"Couscous poulet bœuf Garbit - 980g","p":3.99,"u":"4,07 €/KG","img":"https://fd5-photos.leclercdrive.fr/image.ashx?id=2677930&use=l&cat=p&typeid=i","cat":325094},{"id":8846,"n":"Jardinière Notre Jardin  De 3 légumes - 420g","p":3.45,"u":"8,21 €/KG","img":"https://fd5-photos.leclercdrive.fr/image.ashx?id=2190005&use=l&cat=p&typeid=i","cat":312607},{"id":8853,"n":"Cappuccino soluble Plantation Chocolat - x8 - 144g","p":2.49,"u":"17,29 €/KG","img":"https://fd5-photos.leclercdrive.fr/image.ashx?id=2460574&use=l&cat=p&typeid=i","cat":284843},{"id":8854,"n":"Café soluble Plantation  Qualité décaféiné - 200g","p":6.55,"u":"32,75 €/KG","img":"https://fd5-photos.leclercdrive.fr/image.ashx?id=2834275&use=l&cat=p&typeid=i","cat":284843},{"id":8855,"n":"Sauce Champignons Turini 420g","p":1.15,"u":"2,74 €/KG","img":"https://fd5-photos.leclercdrive.fr/image.ashx?id=2494189&use=l&cat=p&typeid=i","cat":287599},{"id":8857,"n":"Café soluble Plantation Qualité filtre - x25 - 50g","p":2.09,"u":"41,80 €/KG","img":"https://fd5-photos.leclercdrive.fr/image.ashx?id=2834278&use=l&cat=p&typeid=i","cat":284843},{"id":8858,"n":"Café Soluble Plantation Décaféiné - x25 - 50g","p":2.28,"u":"45,60 €/KG","img":"https://fd5-photos.leclercdrive.fr/image.ashx?id=2834281&use=l&cat=p&typeid=i","cat":284843},{"id":8859,"n":"Café soluble Plantation Chicorée - 100g","p":2.35,"u":"23,50 €/KG","img":"https://fd5-photos.leclercdrive.fr/image.ashx?id=2856468&use=l&cat=p&typeid=i","cat":284843},{"id":8861,"n":"Café soluble Plantation Expresso - x25 - 45g","p":2.29,"u":"50,89 €/KG","img":"https://fd5-photos.leclercdrive.fr/image.ashx?id=2834287&use=l&cat=p&typeid=i","cat":284843},{"id":8864,"n":"Pain de Mie Epi d'or - Nature Longue Conservation - 280g","p":0.74,"u":"2,64 €/KG","img":"https://fd5-photos.leclercdrive.fr/image.ashx?id=1913643&use=l&cat=p&typeid=i","cat":284477},{"id":8865,"n":"Toasts Brioches Epi D'Or x13 - 125g","p":0.94,"u":"7,52 €/KG","img":"https://fd5-photos.leclercdrive.fr/image.ashx?id=2896018&use=l&cat=p&typeid=i","cat":284479},{"id":8869,"n":"Riz complet Comptoir du Grain 10min - 500g","p":1.49,"u":"2,98 €/KG","img":"https://fd5-photos.leclercdrive.fr/image.ashx?id=2909386&use=l&cat=p&typeid=i","cat":284428},{"id":8870,"n":"Dés fromage Herbes de Provence Poivrons Les Croisés - 300g","p":2.11,"u":"7,03 €/KG","img":"https://fd5-photos.leclercdrive.fr/image.ashx?id=776166&use=l&cat=p&typeid=i","cat":314027},{"id":8879,"n":"Coq au Vin de Bergerac NRT 750g","p":4.99,"u":"6,65 €/KG","img":"https://fd5-photos.leclercdrive.fr/image.ashx?id=2723219&use=l&cat=p&typeid=i","cat":284441},{"id":8908,"n":"Crépes Fourrées P'tit Déli Céréales et chocolat x8 - 256g","p":1.81,"u":"7,07 €/KG","img":"https://fd5-photos.leclercdrive.fr/image.ashx?id=2656338&use=l&cat=p&typeid=i","cat":284494},{"id":8910,"n":"Jus 3 agrumes Jafaden Pur jus - 1L","p":2.42,"u":"2,42 €/L","img":"https://fd5-photos.leclercdrive.fr/image.ashx?id=2956047&use=l&cat=p&typeid=i","cat":284917},{"id":8912,"n":"Préparation fraises NRT Sud-Ouest - 315g","p":2.64,"u":"8,38 €/KG","img":"https://fd5-photos.leclercdrive.fr/image.ashx?id=2590472&use=l&cat=p&typeid=i","cat":284480},{"id":8914,"n":"IGP Pays d'Oc Viognier Blanc Vieux Carion 13% vol - 75cl","p":2.99,"u":"3,99 €/L","img":"https://fd5-photos.leclercdrive.fr/image.ashx?id=2866244&use=l&cat=p&typeid=i","cat":289557},{"id":8931,"n":"Fromage Emmental Paysan Breton Portion - 220g","p":2.83,"u":"12,86 €/KG","img":"https://fd5-photos.leclercdrive.fr/image.ashx?id=2945559&use=l&cat=p&typeid=i","cat":314034},{"id":8932,"n":"Gin Gibson's 37.5%vol - 1L","p":15.58,"u":"15,58 €/L","img":"https://fd5-photos.leclercdrive.fr/image.ashx?id=2766244&use=l&cat=p&typeid=i","cat":284550},{"id":8951,"n":"Eau minérale Source Amanda Naturelle 6x1,5L","p":2.46,"u":"0,27 €/L","img":"https://fd5-photos.leclercdrive.fr/image.ashx?id=2727629&use=l&cat=p&typeid=i","cat":284535},{"id":8963,"n":"Fromage à tartiner Madame Loïk Fouetté Ech. Ciboulette - 150g","p":1.66,"u":"11,07 €/KG","img":"https://fd5-photos.leclercdrive.fr/image.ashx?id=2986356&use=l&cat=p&typeid=i","cat":314029},{"id":8966,"n":"Biscuits chien Pedigree Biscrok - 500g","p":1.57,"u":"3,14 €/KG","img":"https://fd5-photos.leclercdrive.fr/image.ashx?id=2983456&use=l&cat=p&typeid=i","cat":294527},{"id":8968,"n":"Chocolat poudre Banania 400g","p":2.49,"u":"6,23 €/KG","img":"https://fd5-photos.leclercdrive.fr/image.ashx?id=2225276&use=l&cat=p&typeid=i","cat":293235},{"id":8970,"n":"Riz long blanc de Camargue NRT 500g","p":1.59,"u":"3,18 €/KG","img":"https://fd5-photos.leclercdrive.fr/image.ashx?id=2663803&use=l&cat=p&typeid=i","cat":284428},{"id":8972,"n":"Levure boulangère Tablier Blanc x6 - 30g","p":0.69,"u":"23,00 €/KG","img":"https://fd5-photos.leclercdrive.fr/image.ashx?id=2867904&use=l&cat=p&typeid=i","cat":294686},{"id":8977,"n":"Cacahuètes  Benenuts Grillées à sec - 200g","p":1.47,"u":"7,35 €/KG","img":"https://fd5-photos.leclercdrive.fr/image.ashx?id=2389616&use=l&cat=p&typeid=i","cat":284448},{"id":8985,"n":"Soupe Poule au Pot Knorr Déshydratée - 1L","p":0.97,"u":"0,97 €/L","img":"https://fd5-photos.leclercdrive.fr/image.ashx?id=2826471&use=l&cat=p&typeid=i","cat":284463},{"id":8987,"n":"Pâté Hénaff 156g","p":2.78,"u":"17,82 €/KG","img":"https://fd5-photos.leclercdrive.fr/image.ashx?id=2298361&use=l&cat=p&typeid=i","cat":305149},{"id":9007,"n":"Lait concentré sucré Régilait Écrémé - 397g","p":1.84,"u":"4,63 €/KG","img":"https://fd5-photos.leclercdrive.fr/image.ashx?id=2018652&use=l&cat=p&typeid=i","cat":299162},{"id":9033,"n":"Fromage Entremont Dégustation 45%mg - 250g","p":2.61,"u":"10,44 €/KG","img":"https://fd5-photos.leclercdrive.fr/image.ashx?id=2983168&use=l&cat=p&typeid=i","cat":314034},{"id":9035,"n":"Scotch Whisky Label 5 40%vol - 1L","p":17.67,"u":"17,67 €/L","img":"https://fd5-photos.leclercdrive.fr/image.ashx?id=2519714&use=l&cat=p&typeid=i","cat":284547},{"id":9043,"n":"Fondue Savoyarde RichesMonts  150g","p":2.85,"u":"19,00 €/KG","img":"https://fd5-photos.leclercdrive.fr/image.ashx?id=2833330&use=l&cat=p&typeid=i","cat":314037},{"id":9055,"n":"Fondue 3 fromages Président  450g","p":5.41,"u":"12,02 €/KG","img":"https://fd5-photos.leclercdrive.fr/image.ashx?id=2632990&use=l&cat=p&typeid=i","cat":314037},{"id":9065,"n":"Fromage tartiflette Ermitage 27%mg - 500g","p":6.67,"u":"13,34 €/KG","img":"https://fd5-photos.leclercdrive.fr/image.ashx?id=2966011&use=l&cat=p&typeid=i","cat":314037},{"id":9080,"n":"Fromage à Tartiner St Môret  Nature 9 Portions - 180g","p":2.11,"u":"11,72 €/KG","img":"https://fd5-photos.leclercdrive.fr/image.ashx?id=2763319&use=l&cat=p&typeid=i","cat":314029},{"id":9091,"n":"Sandwich XXL Daunat Poulet rôti - 230g","p":2.42,"u":"10,52 €/KG","img":"https://fd5-photos.leclercdrive.fr/image.ashx?id=2894260&use=l&cat=p&typeid=i","cat":333658},{"id":9105,"n":"Pate Brisée Eco+ A dérouler - 230g","p":0.53,"u":"2,30 €/KG","img":"https://fd5-photos.leclercdrive.fr/image.ashx?id=2744347&use=l&cat=p&typeid=i","cat":333681},{"id":9110,"n":"Bûche de chèvre allégée Soignon Lait pasteurisé 29%mg - 180g","p":2.05,"u":"11,39 €/KG","img":"https://fd5-photos.leclercdrive.fr/image.ashx?id=2886987&use=l&cat=p&typeid=i","cat":314031},{"id":9123,"n":"Café soluble Plantation Café Au Lait Chicorée - 400g","p":3.59,"u":"8,98 €/KG","img":"https://fd5-photos.leclercdrive.fr/image.ashx?id=2834232&use=l&cat=p&typeid=i","cat":284843},{"id":9124,"n":"Croquettes chiens Lydog Senior - 3kg","p":5.18,"u":"1,73 €/KG","img":"https://fd5-photos.leclercdrive.fr/image.ashx?id=2047025&use=l&cat=p&typeid=i","cat":284672},{"id":9130,"n":"Mouchoirs blancs 2 plis Caresse Boîte mouchoirs en papier -x110","p":1.33,"u":"0,01 €/P","img":"https://fd5-photos.leclercdrive.fr/image.ashx?id=1993571&use=l&cat=p&typeid=i","cat":284638},{"id":9131,"n":"Gel douche et shampooing Carré Homme Tonifiante - 250ml","p":1.27,"u":"5,08 €/L","img":"https://fd5-photos.leclercdrive.fr/image.ashx?id=2927848&use=l&cat=p&typeid=i","cat":284619},{"id":9132,"n":"Soda Pulp'Orange Canette - 6x33cl","p":2.94,"u":"1,48 €/L","img":"https://fd5-photos.leclercdrive.fr/image.ashx?id=2922406&use=l&cat=p&typeid=i","cat":284532},{"id":9138,"n":"Café soluble Plantation Chicorée - 250g","p":2.98,"u":"11,92 €/KG","img":"https://fd5-photos.leclercdrive.fr/image.ashx?id=2556379&use=l&cat=p&typeid=i","cat":284843},{"id":9139,"n":"Bouchées chiens Lydog Boeuf - 1.5kg","p":2.79,"u":"1,86 €/KG","img":"https://fd5-photos.leclercdrive.fr/image.ashx?id=2895759&use=l&cat=p&typeid=i","cat":284672},{"id":9144,"n":"Vinaigre de Vin blanc Rustica Aromatisé à la noix - 50cl","p":1.64,"u":"3,28 €/L","img":"https://fd5-photos.leclercdrive.fr/image.ashx?id=1670491&use=l&cat=p&typeid=i","cat":298543},{"id":9150,"n":"Soupe Velouté Régal Soupe Potiron - 2x30cl","p":1.76,"u":"2,93 €/L","img":"https://fd5-photos.leclercdrive.fr/image.ashx?id=2607473&use=l&cat=p&typeid=i","cat":284462},{"id":9155,"n":"Moussaka Boeuf Côté Table 300g","p":3.24,"u":"10,80 €/KG","img":"https://fd5-photos.leclercdrive.fr/image.ashx?id=2607906&use=l&cat=p&typeid=i","cat":333665},{"id":9159,"n":"Sandwich  Côté Snack  Polaire Jambon Cheddar 135g","p":1.39,"u":"10,30 €/KG","img":"https://fd5-photos.leclercdrive.fr/image.ashx?id=2619710&use=l&cat=p&typeid=i","cat":333658},{"id":9161,"n":"Tarte aux poireaux Côté Table 2x130g","p":2.54,"u":"9,77 €/KG","img":"https://fd5-photos.leclercdrive.fr/image.ashx?id=2354707&use=l&cat=p&typeid=i","cat":333680},{"id":9162,"n":"Croquettes chat Plénima Premium Chatons - 450g","p":2.24,"u":"4,98 €/KG","img":"https://fd5-photos.leclercdrive.fr/image.ashx?id=1943364&use=l&cat=p&typeid=i","cat":284680},{"id":9163,"n":"Croquettes chat Plénima Premium Saumon riz - Chat adulte - 450g","p":2.15,"u":"4,78 €/KG","img":"https://fd5-photos.leclercdrive.fr/image.ashx?id=1943367&use=l&cat=p&typeid=i","cat":284680},{"id":9164,"n":"Crevettes natures Pêche Océan 125g","p":3.99,"u":"31,92 €/KG","img":"https://fd5-photos.leclercdrive.fr/image.ashx?id=3015242&use=l&cat=p&typeid=i","cat":284343},{"id":9167,"n":"Fromage Edam Mimolette Les Croisés dés 150g","p":1.85,"u":"12,33 €/KG","img":"https://fd5-photos.leclercdrive.fr/image.ashx?id=2365472&use=l&cat=p&typeid=i","cat":314027},{"id":9170,"n":"Spaetzles d'Alsace NRT 250g","p":1.39,"u":"5,56 €/KG","img":"https://fd5-photos.leclercdrive.fr/image.ashx?id=2839962&use=l&cat=p&typeid=i","cat":284427},{"id":9171,"n":"Sablés aux Pommes NRT - 150g","p":1.99,"u":"13,27 €/KG","img":"https://fd5-photos.leclercdrive.fr/image.ashx?id=2622290&use=l&cat=p&typeid=i","cat":284487},{"id":9172,"n":"Cassoulet de Castelnaudary Nos Régions ont du Talent 1680g","p":9.96,"u":"5,93 €/KG","img":"https://fd5-photos.leclercdrive.fr/image.ashx?id=2791401&use=l&cat=p&typeid=i","cat":284440},{"id":9173,"n":"Ravioles Label Rouge NRT Dauphiné - 240g","p":2.99,"u":"12,46 €/KG","img":"https://fd5-photos.leclercdrive.fr/image.ashx?id=2704894&use=l&cat=p&typeid=i","cat":333682},{"id":9177,"n":"Flammekueche d'Alsace NRT 180g","p":2.09,"u":"11,61 €/KG","img":"https://fd5-photos.leclercdrive.fr/image.ashx?id=2743864&use=l&cat=p&typeid=i","cat":333680},{"id":9181,"n":"Chinois La Fournée Dorée Crème pâtissière - 600g","p":2.93,"u":"4,88 €/KG","img":"https://fd5-photos.leclercdrive.fr/image.ashx?id=2342090&use=l&cat=p&typeid=i","cat":293600},{"id":9223,"n":"Pâtes Capellini Turini 500g","p":0.85,"u":"1,70 €/KG","img":"https://fd5-photos.leclercdrive.fr/image.ashx?id=2607482&use=l&cat=p&typeid=i","cat":284427},{"id":9240,"n":"Céréales Special K Kellogg's Chocolat au lait - 300g","p":2.83,"u":"9,43 €/KG","img":"https://fd5-photos.leclercdrive.fr/image.ashx?id=2667124&use=l&cat=p&typeid=i","cat":309512},{"id":9257,"n":"Après Rasage Skin Bracer Mennen 125ml","p":3.63,"u":"29,04 €/L","img":"https://fd5-photos.leclercdrive.fr/image.ashx?id=2503848&use=l&cat=p&typeid=i","cat":288147},{"id":9262,"n":"Matière grasse Rustica Tournesol -60%MG -Doux -500G","p":1.53,"u":"3,06 €/KG","img":"https://fd5-photos.leclercdrive.fr/image.ashx?id=2904553&use=l&cat=p&typeid=i","cat":315229},{"id":9265,"n":"Pêche poire ananas  Douceur du verger - 4x70g","p":2.59,"u":"9,25 €/KG","img":"https://fd5-photos.leclercdrive.fr/image.ashx?id=2349100&use=l&cat=p&typeid=i","cat":284507},{"id":9266,"n":"Ananas papaye mangue DDV Sirop léger - 4x70g","p":2.75,"u":"9,82 €/KG","img":"https://fd5-photos.leclercdrive.fr/image.ashx?id=2100775&use=l&cat=p&typeid=i","cat":284507},{"id":9276,"n":"Biscuits Sprits P'tit Déli Chocolat au lait - 150g","p":1.09,"u":"7,27 €/KG","img":"https://fd5-photos.leclercdrive.fr/image.ashx?id=2081053&use=l&cat=p&typeid=i","cat":284488},{"id":9322,"n":"Tartelette Choco Caramel St Michel Bonne Maman 135g","p":1.45,"u":"10,74 €/KG","img":"https://fd5-photos.leclercdrive.fr/image.ashx?id=2949931&use=l&cat=p&typeid=i","cat":284488},{"id":9415,"n":"Eau Minérale Wattwiller 1.5L","p":0.64,"u":"0,43 €/L","img":"https://fd5-photos.leclercdrive.fr/image.ashx?id=2801135&use=l&cat=p&typeid=i","cat":284535},{"id":9435,"n":"AOP Champagne Mercier  Brut - 75cl","p":21.52,"u":"28,69 €/L","img":"https://fd5-photos.leclercdrive.fr/image.ashx?id=1867174&use=l&cat=p&typeid=i","cat":284542},{"id":9522,"n":"Crayons de couleur Bic Kids x12","p":3.96,"u":"0,33 €/P","img":"https://fd5-photos.leclercdrive.fr/image.ashx?id=1857799&use=l&cat=p&typeid=i","cat":284696},{"id":9545,"n":"Kit de traçage Flex Maped 3 pièces","p":2.99,"img":"https://fd5-photos.leclercdrive.fr/image.ashx?id=2384310&use=l&cat=p&typeid=i","cat":334133},{"id":9574,"n":"Feutres de coloriage Bic Kids x24","p":4.75,"img":"https://fd5-photos.leclercdrive.fr/image.ashx?id=2623196&use=l&cat=p&typeid=i","cat":284696},{"id":9587,"n":"Tube de peinture Esquisse Gouache - 5x10ml","p":1.5,"u":"30,00 €/L","img":"https://fd5-photos.leclercdrive.fr/image.ashx?id=2131185&use=l&cat=p&typeid=i","cat":334133},{"id":9588,"n":"Pinceaux Esquisse x3 taille 4-10 et 16","p":0.99,"img":"https://fd5-photos.leclercdrive.fr/image.ashx?id=1928713&use=l&cat=p&typeid=i","cat":334133},{"id":9593,"n":"AOP Côtes du Rhône vin rouge Combes Saint Sauveur 75cl","p":3.77,"u":"5,03 €/L","img":"https://fd5-photos.leclercdrive.fr/image.ashx?id=2755414&use=l&cat=p&typeid=i","cat":289556},{"id":9597,"n":"AOP Côtes de Provence rosé Jean Valestrel - 75cl","p":5.82,"u":"7,76 €/L","img":"https://fd5-photos.leclercdrive.fr/image.ashx?id=2236698&use=l&cat=p&typeid=i","cat":289558},{"id":9602,"n":"Copies doubles Esquisse - x300 21x29.7cm","p":2.49,"img":"https://fd5-photos.leclercdrive.fr/image.ashx?id=1698667&use=l&cat=p&typeid=i","cat":284697},{"id":9603,"n":"Feuilles simples Esquisse Petits carreaux 21x29.7 200+100","p":2.49,"img":"https://fd5-photos.leclercdrive.fr/image.ashx?id=2131209&use=l&cat=p&typeid=i","cat":284697},{"id":9608,"n":"Intercalaires Esquisse Touch A4 2 jeux de 6 touches","p":1.39,"img":"https://fd5-photos.leclercdrive.fr/image.ashx?id=1678700&use=l&cat=p&typeid=i","cat":284745},{"id":9632,"n":"IGP Pays d'Oc rouge Les Ormes De Cambras 12.5% vol - 75cl","p":3.02,"u":"4,03 €/L","img":"https://fd5-photos.leclercdrive.fr/image.ashx?id=2445121&use=l&cat=p&typeid=i","cat":289556},{"id":9634,"n":"Scotch Whisky Baird's 40%vol - 1L","p":15.49,"u":"15,49 €/L","img":"https://fd5-photos.leclercdrive.fr/image.ashx?id=2907168&use=l&cat=p&typeid=i","cat":284547},{"id":9635,"n":"Rhum blanc Charrette 49%vol - 1L","p":15.41,"u":"15,41 €/L","img":"https://fd5-photos.leclercdrive.fr/image.ashx?id=1946417&use=l&cat=p&typeid=i","cat":284550},{"id":9638,"n":"AOC Rhum agricole blanc Dillon Martinique 55%vol - 1L","p":17.88,"u":"17,88 €/L","img":"https://fd5-photos.leclercdrive.fr/image.ashx?id=2650946&use=l&cat=p&typeid=i","cat":284550},{"id":9641,"n":"Whisky Ballantine's Finest Blended Scotch 40% vol - 1L","p":20.95,"pp":19.45,"u":"19,45 €/L","img":"https://fd5-photos.leclercdrive.fr/image.ashx?id=2816964&use=l&cat=p&typeid=i","cat":284547},{"id":9689,"n":"Muffin complet Epi d'Or x4 - 250g","p":1.7,"u":"6,80 €/KG","img":"https://fd5-photos.leclercdrive.fr/image.ashx?id=2939058&use=l&cat=p&typeid=i","cat":284985},{"id":9690,"n":"Carré à Langer Mots d'Enfants Jetables x10","p":4.1,"u":"0,41 €/P","img":"https://fd5-photos.leclercdrive.fr/image.ashx?id=3014191&use=l&cat=p&typeid=i","cat":284737},{"id":9700,"n":"Serviette incontinence Chorys Extra plus - x16","p":4.99,"u":"0,31 €/P","img":"https://fd5-photos.leclercdrive.fr/image.ashx?id=2691171&use=l&cat=p&typeid=i","cat":284628},{"id":9708,"n":"Crème aux oeufs Délisse Vanille - 4x100g","p":1.49,"u":"3,73 €/KG","img":"https://fd5-photos.leclercdrive.fr/image.ashx?id=1956631&use=l&cat=p&typeid=i","cat":284419},{"id":9709,"n":"Mini brownies P'tit Déli Chocolat pépites x8 - 240g","p":1.49,"u":"6,21 €/KG","img":"https://fd5-photos.leclercdrive.fr/image.ashx?id=2888938&use=l&cat=p&typeid=i","cat":294776},{"id":9861,"n":"White spirit sans odeur Mieuxa - 1L","p":4.32,"u":"4,32 €/L","img":"https://fd5-photos.leclercdrive.fr/image.ashx?id=2500102&use=l&cat=p&typeid=i","cat":300576},{"id":9864,"n":"Alcool à brûler Mieuxa 90° - 1L","p":3.96,"u":"3,96 €/L","img":"https://fd5-photos.leclercdrive.fr/image.ashx?id=2446020&use=l&cat=p&typeid=i","cat":300576},{"id":9894,"n":"Moutarde de Bourgogne IGP NRT 200g","p":1.5,"u":"7,50 €/KG","img":"https://fd5-photos.leclercdrive.fr/image.ashx?id=2644918&use=l&cat=p&typeid=i","cat":288850},{"id":9898,"n":"Culotte absorbante Chorys Taille L - x10","p":6.99,"u":"0,70 €/P","img":"https://fd5-photos.leclercdrive.fr/image.ashx?id=2623004&use=l&cat=p&typeid=i","cat":284628},{"id":9899,"n":"Culotte absorbante Chorys Taille M - Plus - x12","p":7.99,"u":"0,67 €/P","img":"https://fd5-photos.leclercdrive.fr/image.ashx?id=2623001&use=l&cat=p&typeid=i","cat":284628},{"id":9915,"n":"Oignons émincés Notre Jardin 1kg","p":1.75,"u":"1,75 €/KG","img":"https://fd5-photos.leclercdrive.fr/image.ashx?id=2873120&use=l&cat=p&typeid=i","cat":319805},{"id":9916,"n":"Epinards Notre Jardin Feuilles à cuire - 600g","p":1.35,"u":"2,25 €/KG","img":"https://fd5-photos.leclercdrive.fr/image.ashx?id=2916677&use=l&cat=p&typeid=i","cat":319805},{"id":9917,"n":"Whisky J&B Rare 40%vol - 1L","p":20.22,"u":"20,22 €/L","img":"https://fd5-photos.leclercdrive.fr/image.ashx?id=2497638&use=l&cat=p&typeid=i","cat":284547},{"id":9920,"n":"Riz rond blanc de Camargue NRT 500g","p":1.79,"u":"3,58 €/KG","img":"https://fd5-photos.leclercdrive.fr/image.ashx?id=2663839&use=l&cat=p&typeid=i","cat":284428},{"id":9933,"n":"Mouchoirs blancs 4 plis Caresse Mouchoirs papier - 24 étuis","p":2.51,"u":"0,10 €/P","img":"https://fd5-photos.leclercdrive.fr/image.ashx?id=2870017&use=l&cat=p&typeid=i","cat":284638},{"id":9937,"n":"Eau de source de Montagne Bouchon sport - 12x33cl","p":2.88,"u":"0,73 €/L","img":"https://fd5-photos.leclercdrive.fr/image.ashx?id=2909879&use=l&cat=p&typeid=i","cat":284535},{"id":10063,"n":"Whisky Bourbon Four Roses 40%vol - 1L","p":26.57,"u":"26,57 €/L","img":"https://fd5-photos.leclercdrive.fr/image.ashx?id=2929476&use=l&cat=p&typeid=i","cat":284547},{"id":10069,"n":"Gâteaux moelleux Pépito  Pépites de chocolat - 150g","p":1.22,"u":"8,13 €/KG","img":"https://fd5-photos.leclercdrive.fr/image.ashx?id=2374396&use=l&cat=p&typeid=i","cat":284495},{"id":10072,"n":"Navettes NRT Fleur d'oranger - 400g","p":2.89,"u":"7,23 €/KG","img":"https://fd5-photos.leclercdrive.fr/image.ashx?id=2909410&use=l&cat=p&typeid=i","cat":284487},{"id":10073,"n":"Tablette chocolat Bio Village Bio Chocolat au lait - 100g","p":1.89,"u":"18,90 €/KG","img":"https://fd5-photos.leclercdrive.fr/image.ashx?id=2861899&use=l&cat=p&typeid=i","cat":284497},{"id":10074,"n":"Tablette de chocolat Equador Noir et menthe 100g","p":1.19,"u":"11,90 €/KG","img":"https://fd5-photos.leclercdrive.fr/image.ashx?id=2834296&use=l&cat=p&typeid=i","cat":284956},{"id":10075,"n":"Tablette de chocolat Equador Amandes éffilées orange 100g","p":1.73,"u":"17,30 €/KG","img":"https://fd5-photos.leclercdrive.fr/image.ashx?id=2987640&use=l&cat=p&typeid=i","cat":284956},{"id":10076,"n":"Tablette chocolat Equador Noir framboise 100g","p":1.82,"u":"18,20 €/KG","img":"https://fd5-photos.leclercdrive.fr/image.ashx?id=2834290&use=l&cat=p&typeid=i","cat":284956},{"id":10086,"n":"Fondants Autour du Dessert Chocolat x2 - 180g","p":1.99,"u":"11,06 €/KG","img":"https://fd5-photos.leclercdrive.fr/image.ashx?id=2886540&use=l&cat=p&typeid=i","cat":284267},{"id":10091,"n":"Filets maquereaux Pêche Océan Tomate basilic - 169g","p":1.46,"u":"8,64 €/KG","img":"https://fd5-photos.leclercdrive.fr/image.ashx?id=2394657&use=l&cat=p&typeid=i","cat":303868},{"id":10092,"n":"Palets de légumes Notre Jardin Courgettes Carottes - x8 300g","p":1.74,"u":"5,80 €/KG","img":"https://fd5-photos.leclercdrive.fr/image.ashx?id=2878711&use=l&cat=p&typeid=i","cat":319802},{"id":10093,"n":"Palets légumes Notre Jardin Poireaux Carottes - x8 300g","p":1.99,"u":"6,63 €/KG","img":"https://fd5-photos.leclercdrive.fr/image.ashx?id=2878708&use=l&cat=p&typeid=i","cat":319802},{"id":10108,"n":"Croquants aux amandes NRT 300g","p":2.74,"u":"9,13 €/KG","img":"https://fd5-photos.leclercdrive.fr/image.ashx?id=2679795&use=l&cat=p&typeid=i","cat":284487},{"id":10114,"n":"Essuie-tout Uni Vert Compact Ecologique - x2","p":2.7,"u":"1,35 €/P","img":"https://fd5-photos.leclercdrive.fr/image.ashx?id=2571929&use=l&cat=p&typeid=i","cat":284635},{"id":10122,"n":"Mini gratins Côté Table Aux 3 légumes - x4 480g","p":3.12,"u":"6,50 €/KG","img":"https://fd5-photos.leclercdrive.fr/image.ashx?id=2074419&use=l&cat=p&typeid=i","cat":319802},{"id":10124,"n":"Bâtonnets poulet Pic'Express x18 400g","p":5.13,"u":"12,83 €/KG","img":"https://fd5-photos.leclercdrive.fr/image.ashx?id=2054954&use=l&cat=p&typeid=i","cat":319780},{"id":10125,"n":"Rösti Pom'Lisse 600g","p":1.39,"u":"2,32 €/KG","img":"https://fd5-photos.leclercdrive.fr/image.ashx?id=2958702&use=l&cat=p&typeid=i","cat":319792},{"id":10163,"n":"Palets légumes Notre Jardin Choux-fleurs Brocolis - x8 300g","p":2.1,"u":"7,00 €/KG","img":"https://fd5-photos.leclercdrive.fr/image.ashx?id=2878714&use=l&cat=p&typeid=i","cat":319802},{"id":10192,"n":"Olives Vertes Tramier  Dénoyautées 160g","p":1.68,"u":"10,50 €/KG","img":"https://fd5-photos.leclercdrive.fr/image.ashx?id=2363829&use=l&cat=p&typeid=i","cat":284458},{"id":10200,"n":"Pommes de terre lamelles Lunor De consommation cuites - 500g","p":1.77,"u":"3,54 €/KG","img":"https://fd5-photos.leclercdrive.fr/image.ashx?id=2167898&use=l&cat=p&typeid=i","cat":284352},{"id":10211,"n":"Pâtes Nouilles Turini 1kg","p":1.35,"u":"1,35 €/KG","img":"https://fd5-photos.leclercdrive.fr/image.ashx?id=2980444&use=l&cat=p&typeid=i","cat":284427},{"id":10212,"n":"Rubans anti-mouches Insectivor x4","p":0.85,"u":"0,21 €/P","img":"https://fd5-photos.leclercdrive.fr/image.ashx?id=2555077&use=l&cat=p&typeid=i","cat":298368},{"id":10215,"n":"Sauce Basquaise Rustica Aux 2 poivrons - 400g","p":1.29,"u":"3,23 €/KG","img":"https://fd5-photos.leclercdrive.fr/image.ashx?id=2887398&use=l&cat=p&typeid=i","cat":287599},{"id":10216,"n":"Sauce Aigre Douce Rustica Légumes croquants - 400g","p":1.28,"u":"3,20 €/KG","img":"https://fd5-photos.leclercdrive.fr/image.ashx?id=2887401&use=l&cat=p&typeid=i","cat":287599},{"id":10217,"n":"Sauce Curry Rustica Légumes et lait de coco - 400g","p":1.31,"u":"3,28 €/KG","img":"https://fd5-photos.leclercdrive.fr/image.ashx?id=2887404&use=l&cat=p&typeid=i","cat":287599},{"id":10220,"n":"Tampons Doulys Compact Normal - x20","p":2.24,"u":"0,11 €/P","img":"https://fd5-photos.leclercdrive.fr/image.ashx?id=2965464&use=l&cat=p&typeid=i","cat":284626},{"id":10227,"n":"Mini gratins Côté Table Dauphinois - x4 480g","p":2.99,"u":"6,23 €/KG","img":"https://fd5-photos.leclercdrive.fr/image.ashx?id=2627640&use=l&cat=p&typeid=i","cat":319802},{"id":10231,"n":"Confiture Douceur du verger Framboises - Allégée - 340g","p":1.24,"u":"3,65 €/KG","img":"https://fd5-photos.leclercdrive.fr/image.ashx?id=2965473&use=l&cat=p&typeid=i","cat":284480},{"id":10232,"n":"Confiture Douceur du Verger Allégée Pêche 340g","p":1.32,"u":"3,88 €/KG","img":"https://fd5-photos.leclercdrive.fr/image.ashx?id=2965476&use=l&cat=p&typeid=i","cat":284480},{"id":10244,"n":"Thon entier Pêche Océan Naturel - 280g","p":3.72,"u":"13,29 €/KG","img":"https://fd5-photos.leclercdrive.fr/image.ashx?id=2941414&use=l&cat=p&typeid=i","cat":303867},{"id":10344,"n":"Petit Beurre Pocket P'ti Déli 3x12 sachets 300g","p":1.68,"u":"5,60 €/KG","img":"https://fd5-photos.leclercdrive.fr/image.ashx?id=1965518&use=l&cat=p&typeid=i","cat":284487},{"id":10346,"n":"Vinaigrette allégée Rustica Balsamique huile d'olive - 50cl","p":2.49,"u":"4,98 €/L","img":"https://fd5-photos.leclercdrive.fr/image.ashx?id=1972913&use=l&cat=p&typeid=i","cat":284456},{"id":10348,"n":"Huile de noix Rustica 50cl","p":4.68,"u":"9,36 €/L","img":"https://fd5-photos.leclercdrive.fr/image.ashx?id=2523703&use=l&cat=p&typeid=i","cat":284453},{"id":10351,"n":"Sacs à couche Mots d'Enfant Parfumés - x50","p":1.6,"u":"0,03 €/P","img":"https://fd5-photos.leclercdrive.fr/image.ashx?id=1886564&use=l&cat=p&typeid=i","cat":284737},{"id":10355,"n":"Boites à archive blanche x5","p":3.45,"u":"0,69 €/P","img":"https://fd5-photos.leclercdrive.fr/image.ashx?id=1929780&use=l&cat=p&typeid=i","cat":284745},{"id":10356,"n":"Bloc bureau Esquisse - 80 pages Seyes - 21x31.5cm","p":2.79,"img":"https://fd5-photos.leclercdrive.fr/image.ashx?id=2943187&use=l&cat=p&typeid=i","cat":284697},{"id":10361,"n":"Feuilles simples Esquisse Seyes- 4 couleurs x100","p":3.89,"img":"https://fd5-photos.leclercdrive.fr/image.ashx?id=2131215&use=l&cat=p&typeid=i","cat":284697},{"id":10362,"n":"Crayons de couleur Esquisse Boîte métal - x18","p":2.2,"img":"https://fd5-photos.leclercdrive.fr/image.ashx?id=1698676&use=l&cat=p&typeid=i","cat":284696},{"id":10363,"n":"Equerre Esquisse 60 degrés - 20cm","p":0.85,"img":"https://fd5-photos.leclercdrive.fr/image.ashx?id=2943160&use=l&cat=p&typeid=i","cat":334133},{"id":10382,"n":"Choucroute Royale Côté Table 400g","p":1.99,"u":"4,98 €/KG","img":"https://fd5-photos.leclercdrive.fr/image.ashx?id=2977147&use=l&cat=p&typeid=i","cat":284441},{"id":10386,"n":"Recharge Aromat Knorr 90g","p":1.3,"u":"14,44 €/KG","img":"https://fd5-photos.leclercdrive.fr/image.ashx?id=2875942&use=l&cat=p&typeid=i","cat":298297},{"id":10398,"n":"Biscuit apéritif ancel Bretzels Maxi - 200g","p":0.76,"u":"3,80 €/KG","img":"https://fd5-photos.leclercdrive.fr/image.ashx?id=2991813&use=l&cat=p&typeid=i","cat":297000},{"id":10405,"n":"Steak tartare 5%mg Charal Viande bovine - 250g","p":6.2,"u":"24,80 €/KG","img":"https://fd5-photos.leclercdrive.fr/image.ashx?id=2731741&use=l&cat=p&typeid=i","cat":284332},{"id":10408,"n":"Boisson végétale Riz nature Bjorg Bio - 1L","p":2.05,"u":"2,05 €/L","img":"https://fd5-photos.leclercdrive.fr/image.ashx?id=2970915&use=l&cat=p&typeid=i","cat":316067},{"id":10417,"n":"AOP Fitou rouge Réserve Saint Esteve - 75cl","p":3.99,"pp":2.79,"u":"3,72 €/L","img":"https://fd5-photos.leclercdrive.fr/image.ashx?id=2407295&use=l&cat=p&typeid=i","cat":289556},{"id":10443,"n":"Feuilles de brick La Pastilla 170g","p":0.88,"u":"5,18 €/KG","img":"https://fd5-photos.leclercdrive.fr/image.ashx?id=2335289&use=l&cat=p&typeid=i","cat":289013},{"id":10465,"n":"Adoucissant Hyperdou Pure caresse - 3x250ml","p":1.19,"u":"1,59 €/L","img":"https://fd5-photos.leclercdrive.fr/image.ashx?id=2809078&use=l&cat=p&typeid=i","cat":284650},{"id":10522,"n":"Lait fermenté Elben Candia 1L","p":1.56,"u":"1,56 €/L","img":"https://fd5-photos.leclercdrive.fr/image.ashx?id=2511393&use=l&cat=p&typeid=i","cat":285609},{"id":10526,"n":"Pommes Noisettes McCain 1kg","p":2.83,"u":"2,83 €/KG","img":"https://fd5-photos.leclercdrive.fr/image.ashx?id=2911312&use=l&cat=p&typeid=i","cat":319792},{"id":10527,"n":"Pommes Rissolées McCain  1kg","p":2.75,"u":"2,75 €/KG","img":"https://fd5-photos.leclercdrive.fr/image.ashx?id=2911309&use=l&cat=p&typeid=i","cat":319792},{"id":10559,"n":"Peinture gouache Esquisse Pastilles x12   1 pinceau","p":2.29,"img":"https://fd5-photos.leclercdrive.fr/image.ashx?id=1678667&use=l&cat=p&typeid=i","cat":334133},{"id":10591,"n":"Spray vitrocéramique Clair 500ml","p":3.42,"u":"6,84 €/L","img":"https://fd5-photos.leclercdrive.fr/image.ashx?id=2860073&use=l&cat=p&typeid=i","cat":325363},{"id":10637,"n":"Crème entière Délisse Fluide - 30% MG - 2x25cl","p":2.72,"u":"5,44 €/L","img":"https://fd5-photos.leclercdrive.fr/image.ashx?id=3002560&use=l&cat=p&typeid=i","cat":284381},{"id":10638,"n":"Crème légère fluide UHT Délisse 12%mg - 2x25cl","p":2.36,"u":"4,72 €/L","img":"https://fd5-photos.leclercdrive.fr/image.ashx?id=3002566&use=l&cat=p&typeid=i","cat":284381},{"id":10641,"n":"Yaourts lait entier nature Bio Bio village - 4x125g","p":0.95,"u":"1,90 €/KG","img":"https://fd5-photos.leclercdrive.fr/image.ashx?id=2743831&use=l&cat=p&typeid=i","cat":284409},{"id":10655,"n":"IGP Pays d'Oc rouge Cabernet Sauvignon 12.5% vol - 75cl","p":3.02,"u":"4,03 €/L","img":"https://fd5-photos.leclercdrive.fr/image.ashx?id=2189904&use=l&cat=p&typeid=i","cat":289556},{"id":10658,"n":"Beurre gastronomique Président Doux - 82% MG - 125g","p":1.67,"u":"13,36 €/KG","img":"https://fd5-photos.leclercdrive.fr/image.ashx?id=2740592&use=l&cat=p&typeid=i","cat":284379},{"id":10674,"n":"Soda Coca-Cola Bouteille - 6x50cl","p":6.37,"u":"2,12 €/L","img":"https://fd5-photos.leclercdrive.fr/image.ashx?id=2885414&use=l&cat=p&typeid=i","cat":284530},{"id":10690,"n":"Poêlée côté sud Paysan Breton 750g","p":3.75,"u":"5,00 €/KG","img":"https://fd5-photos.leclercdrive.fr/image.ashx?id=2882397&use=l&cat=p&typeid=i","cat":319823},{"id":10699,"n":"Sardines de Bretagne Connetable Huile d'olive - 135g","p":2.76,"u":"20,44 €/KG","img":"https://fd5-photos.leclercdrive.fr/image.ashx?id=2677330&use=l&cat=p&typeid=i","cat":305146},{"id":10703,"n":"Thon blanc entier Connétable Huile d'olive - 160g","p":2.97,"u":"18,56 €/KG","img":"https://fd5-photos.leclercdrive.fr/image.ashx?id=2910127&use=l&cat=p&typeid=i","cat":303867},{"id":10727,"n":"IGP Pays d'oc blanc Roche Mazet Sauvignon 12% vol - 75 cl","p":3.26,"u":"4,35 €/L","img":"https://fd5-photos.leclercdrive.fr/image.ashx?id=2342024&use=l&cat=p&typeid=i","cat":289557},{"id":10766,"n":"Pain d'épices P'tit Déli 350g","p":1.81,"u":"5,17 €/KG","img":"https://fd5-photos.leclercdrive.fr/image.ashx?id=1938852&use=l&cat=p&typeid=i","cat":284493},{"id":10767,"n":"Riz cantonais Comptoir du Grain Express 2 min - 250g","p":1.19,"u":"4,76 €/KG","img":"https://fd5-photos.leclercdrive.fr/image.ashx?id=2441198&use=l&cat=p&typeid=i","cat":287600},{"id":10781,"n":"Chair de tomate Notre Jardin Nature - 400g","p":1.99,"u":"4,98 €/KG","img":"https://fd5-photos.leclercdrive.fr/image.ashx?id=2590436&use=l&cat=p&typeid=i","cat":312608},{"id":10785,"n":"Mogette cuisinée NRT De Vendée - 820g","p":3.01,"u":"3,67 €/KG","img":"https://fd5-photos.leclercdrive.fr/image.ashx?id=2771384&use=l&cat=p&typeid=i","cat":312606},{"id":10787,"n":"Huile de colza Bio Village Bio - 75cl","p":3.79,"u":"5,05 €/L","img":"https://fd5-photos.leclercdrive.fr/image.ashx?id=2989715&use=l&cat=p&typeid=i","cat":284453},{"id":10788,"n":"Moutarde de Dijon Bio Village Bio - 200g","p":1.54,"u":"7,70 €/KG","img":"https://fd5-photos.leclercdrive.fr/image.ashx?id=2607954&use=l&cat=p&typeid=i","cat":288850},{"id":10795,"n":"Moutarde de Dijon NRT À l'ancienne - 200g","p":1.39,"u":"6,95 €/KG","img":"https://fd5-photos.leclercdrive.fr/image.ashx?id=2644921&use=l&cat=p&typeid=i","cat":288850},{"id":10796,"n":"Terrine Côté Table Sanglier cognac - 180g","p":2.99,"u":"16,61 €/KG","img":"https://fd5-photos.leclercdrive.fr/image.ashx?id=2519423&use=l&cat=p&typeid=i","cat":305149},{"id":10919,"n":"Crème dessert La Laitière Pot de crème choco noir- 4x100g","p":2.6,"u":"6,50 €/KG","img":"https://fd5-photos.leclercdrive.fr/image.ashx?id=2224049&use=l&cat=p&typeid=i","cat":285041},{"id":10927,"n":"Noix de cajou grilées Eco+ Salées - 125g","p":1.34,"u":"10,72 €/KG","img":"https://fd5-photos.leclercdrive.fr/image.ashx?id=2839815&use=l&cat=p&typeid=i","cat":284448},{"id":10928,"n":"Mélange Eco+ Graines et raisin - 200g","p":1.45,"u":"7,25 €/KG","img":"https://fd5-photos.leclercdrive.fr/image.ashx?id=2780713&use=l&cat=p&typeid=i","cat":284448},{"id":10929,"n":"Madeleines longues Eco+ 250g","p":0.89,"u":"3,56 €/KG","img":"https://fd5-photos.leclercdrive.fr/image.ashx?id=2875672&use=l&cat=p&typeid=i","cat":284492},{"id":10930,"n":"Chocolat pâtissier Eco+ Spécial dessert 200g","p":1.59,"u":"7,95 €/KG","img":"https://fd5-photos.leclercdrive.fr/image.ashx?id=2793140&use=l&cat=p&typeid=i","cat":285562},{"id":10932,"n":"Sauce tomate cuisinée Eco+ 420g","p":0.8,"u":"1,90 €/KG","img":"https://fd5-photos.leclercdrive.fr/image.ashx?id=2739715&use=l&cat=p&typeid=i","cat":288384},{"id":10933,"n":"Huile olive Eco+ Extra vierge - 1L","p":6.67,"u":"6,67 €/L","img":"https://fd5-photos.leclercdrive.fr/image.ashx?id=3002500&use=l&cat=p&typeid=i","cat":284453},{"id":10938,"n":"Barquette chien Eco+ Au boeuf - 300g","p":0.52,"u":"1,73 €/KG","img":"https://fd5-photos.leclercdrive.fr/image.ashx?id=2957545&use=l&cat=p&typeid=i","cat":284673},{"id":10945,"n":"Boules de graisse Eco+ x6 - 540g","p":0.84,"u":"1,56 €/KG","img":"https://fd5-photos.leclercdrive.fr/image.ashx?id=2220275&use=l&cat=p&typeid=i","cat":284678},{"id":10955,"n":"Blocs WC Eco+ Eau bleue - x2","p":0.65,"u":"0,33 €/P","img":"https://fd5-photos.leclercdrive.fr/image.ashx?id=2856115&use=l&cat=p&typeid=i","cat":284662},{"id":10967,"n":"Jus d'orange Andros Oranges pressées - 1L","p":2.75,"u":"2,75 €/L","img":"https://fd5-photos.leclercdrive.fr/image.ashx?id=2882632&use=l&cat=p&typeid=i","cat":285435},{"id":10968,"n":"Jus d'ananas Andros Ananas pressés - 1L","p":3.31,"u":"3,31 €/L","img":"https://fd5-photos.leclercdrive.fr/image.ashx?id=2292203&use=l&cat=p&typeid=i","cat":285435},{"id":10970,"n":"Jus de clémentines Andros  Clémentines Pressées - 1L","p":3.52,"u":"3,52 €/L","img":"https://fd5-photos.leclercdrive.fr/image.ashx?id=2882647&use=l&cat=p&typeid=i","cat":285435},{"id":10979,"n":"Haricots Verts Bonduelle Extra-fins 1kg","p":2.39,"u":"2,39 €/KG","img":"https://fd5-photos.leclercdrive.fr/image.ashx?id=2876152&use=l&cat=p&typeid=i","cat":319805},{"id":10994,"n":"Gâteaux P'tit Déli Pépites de chocolat 10x30g","p":1.89,"u":"6,30 €/KG","img":"https://fd5-photos.leclercdrive.fr/image.ashx?id=1947354&use=l&cat=p&typeid=i","cat":284495},{"id":11002,"n":"AOC Champagne brut blanc  Grande cuvée Pol Carson - 75cl","p":22.49,"u":"29,99 €/L","img":"https://fd5-photos.leclercdrive.fr/image.ashx?id=2995887&use=l&cat=p&typeid=i","cat":284542},{"id":11003,"n":"Compote Douceur du Verger Coupelle pomme poire - 4x100g","p":1.34,"u":"3,35 €/KG","img":"https://fd5-photos.leclercdrive.fr/image.ashx?id=2663488&use=l&cat=p&typeid=i","cat":284508},{"id":11007,"n":"Barquettes chats Tous mes amis Les Menus 4 variétés - 8x100g","p":4.49,"u":"5,61 €/KG","img":"https://fd5-photos.leclercdrive.fr/image.ashx?id=2050645&use=l&cat=p&typeid=i","cat":285286},{"id":11024,"n":"Mayonnaise Rustica A la moutarde de Dijon - 175g","p":0.66,"u":"3,77 €/KG","img":"https://fd5-photos.leclercdrive.fr/image.ashx?id=980107&use=l&cat=p&typeid=i","cat":298295},{"id":11033,"n":"Compote Douceur du Verger Gourdes pomme - 4x90g","p":0.99,"u":"2,75 €/KG","img":"https://fd5-photos.leclercdrive.fr/image.ashx?id=2837042&use=l&cat=p&typeid=i","cat":284508},{"id":11034,"n":"Terrine de campagne Côté Table Porc confit - 2x180g","p":2.79,"u":"7,75 €/KG","img":"https://fd5-photos.leclercdrive.fr/image.ashx?id=2519426&use=l&cat=p&typeid=i","cat":305149},{"id":11037,"n":"Sauce tomate Italienne Zapetti - 3x190g","p":2.93,"u":"5,14 €/KG","img":"https://fd5-photos.leclercdrive.fr/image.ashx?id=2579975&use=l&cat=p&typeid=i","cat":288384},{"id":11042,"n":"Crêpes Côté Table Fromage fondu x20 1kg","p":3.29,"u":"3,29 €/KG","img":"https://fd5-photos.leclercdrive.fr/image.ashx?id=2756849&use=l&cat=p&typeid=i","cat":319776},{"id":11046,"n":"Duo de riz Camargue Bio village Bio  - 500g","p":3.9,"u":"7,80 €/KG","img":"https://fd5-photos.leclercdrive.fr/image.ashx?id=2477008&use=l&cat=p&typeid=i","cat":284428},{"id":11070,"n":"Soupe instantanée Royco  Oignons & Croûtons - 4x200ml","p":1.44,"u":"18,00 €/KG","img":"https://fd5-photos.leclercdrive.fr/image.ashx?id=2650985&use=l&cat=p&typeid=i","cat":293527},{"id":11079,"n":"Brioches fourrées Epi d'Or Chocolat x8 - 310g","p":1.64,"u":"5,29 €/KG","img":"https://fd5-photos.leclercdrive.fr/image.ashx?id=2860730&use=l&cat=p&typeid=i","cat":293505},{"id":11152,"n":"Pomme de terre Ratte du Touquet Nos Régions ont du Talent 1kg","p":1.99,"u":"1,99 €/KG","img":"https://fd5-photos.leclercdrive.fr/image.ashx?id=2581857&use=l&cat=p&typeid=i","cat":284352},{"id":11153,"n":"Truite fumée Ovive Pyrénées 4 tranches - 120g","p":5.07,"u":"42,25 €/KG","img":"https://fd5-photos.leclercdrive.fr/image.ashx?id=2887848&use=l&cat=p&typeid=i","cat":285188},{"id":11176,"n":"Lait céréales bébé Blédiner 6m Courgette soir - 2x250ml","p":1.66,"u":"3,32 €/L","img":"https://fd5-photos.leclercdrive.fr/image.ashx?id=2960147&use=l&cat=p&typeid=i","cat":312239},{"id":11178,"n":"Plat bébé soir Blédiner 12 mois Pâtes tomate courgette - 2x200g","p":2.04,"u":"5,10 €/KG","img":"https://fd5-photos.leclercdrive.fr/image.ashx?id=2902966&use=l&cat=p&typeid=i","cat":312239},{"id":11225,"n":"AOP Blaye Côtes de Bordeaux vin rouge Chantet Blanet - BIB 3L","p":11.99,"u":"4,00 €/L","img":"https://fd5-photos.leclercdrive.fr/image.ashx?id=2780719&use=l&cat=p&typeid=i","cat":289560},{"id":11292,"n":"AOC Clairette de Die Jaillance Esprit de terroirTradition 75cl","p":5.95,"u":"7,93 €/L","img":"https://fd5-photos.leclercdrive.fr/image.ashx?id=2453499&use=l&cat=p&typeid=i","cat":284545},{"id":11308,"n":"Couscous Tipiak - Grain moyen Prêt en 4 min - 1kg","p":2.13,"u":"2,13 €/KG","img":"https://fd5-photos.leclercdrive.fr/image.ashx?id=2947826&use=l&cat=p&typeid=i","cat":284429},{"id":11309,"n":"Fromage de Brebis Le Brebiou  Des Pyrénées - 180g","p":3.05,"u":"16,94 €/KG","img":"https://fd5-photos.leclercdrive.fr/image.ashx?id=2472855&use=l&cat=p&typeid=i","cat":314031},{"id":11311,"n":"AOP Crème Fraîche Isigny Sainte Mère 40%mg - 40cl","p":3.2,"u":"8,00 €/L","img":"https://fd5-photos.leclercdrive.fr/image.ashx?id=2575225&use=l&cat=p&typeid=i","cat":284381},{"id":11335,"n":"Marrons Bio Allaire 200g","p":3.28,"u":"16,40 €/KG","img":"https://fd5-photos.leclercdrive.fr/image.ashx?id=2472288&use=l&cat=p&typeid=i","cat":284357},{"id":11365,"n":"Crème aux oeufs La Laitière Vanille - 4x100g","p":1.71,"u":"4,28 €/KG","img":"https://fd5-photos.leclercdrive.fr/image.ashx?id=3007987&use=l&cat=p&typeid=i","cat":284419},{"id":11367,"n":"Yaourt à la grecque YAOS Nature - 4x150g","p":2.01,"u":"3,35 €/KG","img":"https://fd5-photos.leclercdrive.fr/image.ashx?id=2365006&use=l&cat=p&typeid=i","cat":314999},{"id":11388,"n":"Yaourt Bonne Maman Vanille - 4x125g","p":1.68,"u":"3,36 €/KG","img":"https://fd5-photos.leclercdrive.fr/image.ashx?id=2491289&use=l&cat=p&typeid=i","cat":286006},{"id":11391,"n":"Crème caramel Bonne Maman Aux oeufs frais - 4x100g","p":1.95,"u":"4,88 €/KG","img":"https://fd5-photos.leclercdrive.fr/image.ashx?id=1987563&use=l&cat=p&typeid=i","cat":284419},{"id":11440,"n":"Filets d'anchois La Monégasque Allongé - à l'huile - 210g","p":6.13,"u":"29,19 €/KG","img":"https://fd5-photos.leclercdrive.fr/image.ashx?id=2008175&use=l&cat=p&typeid=i","cat":285190},{"id":11455,"n":"Pasta Box Sodebo Tortellini Ricotta Épinards - 280g","p":2.5,"u":"8,93 €/KG","img":"https://fd5-photos.leclercdrive.fr/image.ashx?id=2919778&use=l&cat=p&typeid=i","cat":334983},{"id":11464,"n":"Pointe de brie Président Crémeux - 200g","p":1.83,"u":"9,15 €/KG","img":"https://fd5-photos.leclercdrive.fr/image.ashx?id=2029841&use=l&cat=p&typeid=i","cat":314033},{"id":11465,"n":"Beurre La Motte Président Demi-sel - 80%MG - 250g","p":3.19,"u":"12,76 €/KG","img":"https://fd5-photos.leclercdrive.fr/image.ashx?id=2896970&use=l&cat=p&typeid=i","cat":284379},{"id":11477,"n":"Yaourts à la Grecque Au lait de brebis - 2x150g","p":2.02,"u":"6,73 €/KG","img":"https://fd5-photos.leclercdrive.fr/image.ashx?id=2188443&use=l&cat=p&typeid=i","cat":314999},{"id":11481,"n":"Salade Coleslaw Pierre Martinet Chou et carottes rapées - 500g","p":2.39,"u":"4,78 €/KG","img":"https://fd5-photos.leclercdrive.fr/image.ashx?id=2733076&use=l&cat=p&typeid=i","cat":333657},{"id":11490,"n":"Taboulé Pierre Martinet 5 légumes - 500g","p":2.87,"u":"5,74 €/KG","img":"https://fd5-photos.leclercdrive.fr/image.ashx?id=2877901&use=l&cat=p&typeid=i","cat":333657},{"id":11498,"n":"Lait Bio écrémé Lactel UHT Bouteille - 6x1l","p":10.39,"u":"1,73 €/L","img":"https://fd5-photos.leclercdrive.fr/image.ashx?id=2890986&use=l&cat=p&typeid=i","cat":284949},{"id":11499,"n":"Lait Bio entier Lactel UHT Bouteille - 6x1l","p":10.27,"u":"1,71 €/L","img":"https://fd5-photos.leclercdrive.fr/image.ashx?id=2892775&use=l&cat=p&typeid=i","cat":285610},{"id":11501,"n":"Yaourts Mamie Nova Cerise griotte - 2x150g","p":1.2,"u":"4,00 €/KG","img":"https://fd5-photos.leclercdrive.fr/image.ashx?id=2912245&use=l&cat=p&typeid=i","cat":284410},{"id":11503,"n":"Crème gourmande Mamie Nova Vanille bourbon 2x150g","p":1.44,"u":"4,80 €/KG","img":"https://fd5-photos.leclercdrive.fr/image.ashx?id=2909017&use=l&cat=p&typeid=i","cat":285041},{"id":11507,"n":"Yaourts Mamie Nova Noix de coco - 2x150g","p":1.18,"u":"3,93 €/KG","img":"https://fd5-photos.leclercdrive.fr/image.ashx?id=2888488&use=l&cat=p&typeid=i","cat":284410},{"id":11508,"n":"Lait céréales Blédidej 6 mois Biscuit  - 4x250ml","p":3.48,"u":"3,48 €/L","img":"https://fd5-photos.leclercdrive.fr/image.ashx?id=2921040&use=l&cat=p&typeid=i","cat":312226},{"id":11509,"n":"Feuille de brick Tablier Blanc 8 feuilles - 136g","p":0.77,"u":"5,66 €/KG","img":"https://fd5-photos.leclercdrive.fr/image.ashx?id=1938558&use=l&cat=p&typeid=i","cat":333681},{"id":11516,"n":"Mi-bas voile résistant Tissaia Beige foncé taille unique - x3","p":2.7,"u":"0,90 €/P","img":"https://fd5-photos.leclercdrive.fr/image.ashx?id=2193347&use=l&cat=p&typeid=i","cat":334130},{"id":11517,"n":"Mi-bas mousse Tissaia Beige moyen taille unique - x3","p":1.95,"u":"0,65 €/P","img":"https://fd5-photos.leclercdrive.fr/image.ashx?id=2193323&use=l&cat=p&typeid=i","cat":334130},{"id":11518,"n":"Mi-bas voile Tissaia Noir - Taille unique - x3","p":2.3,"u":"0,77 €/P","img":"https://fd5-photos.leclercdrive.fr/image.ashx?id=2193338&use=l&cat=p&typeid=i","cat":334130},{"id":11519,"n":"Mi-bas mousse lycra Tissaia Noir taille unique - x3","p":2.5,"u":"0,83 €/P","img":"https://fd5-photos.leclercdrive.fr/image.ashx?id=2193329&use=l&cat=p&typeid=i","cat":334130},{"id":11520,"n":"Mi-bas mousse lycra Tissaia Gris moyen taille unique - x3","p":2.5,"u":"0,83 €/P","img":"https://fd5-photos.leclercdrive.fr/image.ashx?id=2193332&use=l&cat=p&typeid=i","cat":334130},{"id":11523,"n":"Socquettes voile Tissaia Résistant Noir Taille Unique-x3","p":2.95,"u":"0,98 €/P","img":"https://fd5-photos.leclercdrive.fr/image.ashx?id=2193362&use=l&cat=p&typeid=i","cat":334130},{"id":11524,"n":"Socquettes voile Tissaia Résistant beige moyen TU - x3","p":2.95,"u":"0,98 €/P","img":"https://fd5-photos.leclercdrive.fr/image.ashx?id=2193365&use=l&cat=p&typeid=i","cat":334130},{"id":11525,"n":"Socquettes voile Tissaia Beige clair taille U - x3","p":2.95,"u":"0,98 €/P","img":"https://fd5-photos.leclercdrive.fr/image.ashx?id=2193368&use=l&cat=p&typeid=i","cat":334130},{"id":11527,"n":"Essuie-tout blanc Mimosa Super absorbant - x6","p":3.74,"u":"0,62 €/P","img":"https://fd5-photos.leclercdrive.fr/image.ashx?id=2713262&use=l&cat=p&typeid=i","cat":284635},{"id":11530,"n":"Crème gourmande Mamie Nova Cappucino 2x150g","p":1.36,"u":"4,53 €/KG","img":"https://fd5-photos.leclercdrive.fr/image.ashx?id=2909023&use=l&cat=p&typeid=i","cat":285041},{"id":11558,"n":"Vin du Maroc Boulaouane rosé  Cinsault grenache gris 12% 75cl","p":3.16,"u":"4,21 €/L","img":"https://fd5-photos.leclercdrive.fr/image.ashx?id=2179362&use=l&cat=p&typeid=i","cat":289558},{"id":11561,"n":"Boisson sans alcool D'Artigny Classic - 75cl","p":3.2,"u":"4,27 €/L","img":"https://fd5-photos.leclercdrive.fr/image.ashx?id=2804430&use=l&cat=p&typeid=i","cat":289460},{"id":11562,"n":"Boisson sans alcool D'Artigny Pêche - 75cl","p":3.22,"u":"4,29 €/L","img":"https://fd5-photos.leclercdrive.fr/image.ashx?id=2854393&use=l&cat=p&typeid=i","cat":289460},{"id":11578,"n":"Thermomètre Mercurochrome Electronique - 1 pièce","p":7.52,"img":"https://fd5-photos.leclercdrive.fr/image.ashx?id=2923660&use=l&cat=p&typeid=i","cat":284630},{"id":11587,"n":"Papier toilette Mimosa Rose - Ultra doux - x12","p":2.82,"u":"0,24 €/P","img":"https://fd5-photos.leclercdrive.fr/image.ashx?id=2790919&use=l&cat=p&typeid=i","cat":284634},{"id":11588,"n":"Aneth  20g","p":1.24,"u":"62,00 €/KG","img":"https://fd5-photos.leclercdrive.fr/image.ashx?id=588949&use=l&cat=p&typeid=i","cat":293607},{"id":11592,"n":"Coriandre  20g","p":1.76,"u":"88,00 €/KG","img":"https://fd5-photos.leclercdrive.fr/image.ashx?id=588954&use=l&cat=p&typeid=i","cat":293607},{"id":11602,"n":"Menthe  20g","p":1.4,"u":"70,00 €/KG","img":"https://fd5-photos.leclercdrive.fr/image.ashx?id=588969&use=l&cat=p&typeid=i","cat":293607},{"id":11605,"n":"Noix de coco  1p","p":2.19,"img":"https://fd5-photos.leclercdrive.fr/image.ashx?id=1629549&use=l&cat=p&typeid=i","cat":284356},{"id":11644,"n":"Collant voile Tissaïa Transparent beige clair T1 - x2","p":2.15,"u":"1,08 €/P","img":"https://fd5-photos.leclercdrive.fr/image.ashx?id=2193024&use=l&cat=p&typeid=i","cat":334130},{"id":11648,"n":"Collant voile Tissaia Transparent noir T1 - x2","p":2.15,"u":"1,08 €/P","img":"https://fd5-photos.leclercdrive.fr/image.ashx?id=2193027&use=l&cat=p&typeid=i","cat":334130},{"id":11650,"n":"Collant voile Tissaia Transparent beige clair T2 - x2","p":2.15,"u":"1,08 €/P","img":"https://fd5-photos.leclercdrive.fr/image.ashx?id=2193030&use=l&cat=p&typeid=i","cat":334130},{"id":11656,"n":"Collant voile Tissaia Transparent noir T3 - x2","p":2.15,"u":"1,08 €/P","img":"https://fd5-photos.leclercdrive.fr/image.ashx?id=2193036&use=l&cat=p&typeid=i","cat":334130},{"id":11658,"n":"Collant voile Tissaia Transparent beige clair T4 - x2","p":2.15,"u":"1,08 €/P","img":"https://fd5-photos.leclercdrive.fr/image.ashx?id=2193039&use=l&cat=p&typeid=i","cat":334130},{"id":11660,"n":"Collant voile Tissaia Transparent noir T4 - x2","p":2.15,"u":"1,08 €/P","img":"https://fd5-photos.leclercdrive.fr/image.ashx?id=2193042&use=l&cat=p&typeid=i","cat":334130},{"id":11662,"n":"Collant voile Tissaia Résistant beige foncé T1 - x2","p":3.25,"u":"1,63 €/P","img":"https://fd5-photos.leclercdrive.fr/image.ashx?id=2193045&use=l&cat=p&typeid=i","cat":334130},{"id":11664,"n":"Collant voile Tissaia Résistant noir T1 - x2","p":3.25,"u":"1,63 €/P","img":"https://fd5-photos.leclercdrive.fr/image.ashx?id=2193048&use=l&cat=p&typeid=i","cat":334130},{"id":11667,"n":"Collant voile Tissaia Résistant beige foncé T2 - x2","p":3.25,"u":"1,63 €/P","img":"https://fd5-photos.leclercdrive.fr/image.ashx?id=2193051&use=l&cat=p&typeid=i","cat":334130},{"id":11669,"n":"Collant voile Tissaia Résistant noir T2 - x2","p":3.25,"u":"1,63 €/P","img":"https://fd5-photos.leclercdrive.fr/image.ashx?id=2193054&use=l&cat=p&typeid=i","cat":334130},{"id":11671,"n":"Collant voile Tissaia Résistant beige foncé T3 - x2","p":3.25,"u":"1,63 €/P","img":"https://fd5-photos.leclercdrive.fr/image.ashx?id=2193057&use=l&cat=p&typeid=i","cat":334130},{"id":11675,"n":"Collant voile Tissaia Résistant beige foncé T4 - x2","p":3.25,"u":"1,63 €/P","img":"https://fd5-photos.leclercdrive.fr/image.ashx?id=2193063&use=l&cat=p&typeid=i","cat":334130},{"id":11677,"n":"Collant voile résistant Tissaia Résistant noir T4 - x2","p":3.25,"u":"1,63 €/P","img":"https://fd5-photos.leclercdrive.fr/image.ashx?id=2193066&use=l&cat=p&typeid=i","cat":334130},{"id":11679,"n":"Collant voile Tissaia Résistant beige foncé T5 - x2","p":3.25,"u":"1,63 €/P","img":"https://fd5-photos.leclercdrive.fr/image.ashx?id=2193069&use=l&cat=p&typeid=i","cat":334130},{"id":11681,"n":"Collant voile Tissaia Résistant noir T5 - x2","p":3.25,"u":"1,63 €/P","img":"https://fd5-photos.leclercdrive.fr/image.ashx?id=2193072&use=l&cat=p&typeid=i","cat":334130},{"id":11683,"n":"Collant voile Tissaia Résistant beige foncé T6 - x2","p":3.25,"u":"1,63 €/P","img":"https://fd5-photos.leclercdrive.fr/image.ashx?id=2193075&use=l&cat=p&typeid=i","cat":334130},{"id":11685,"n":"Collant voile Tissaia Résistant noir T6 - x2","p":3.25,"u":"1,63 €/P","img":"https://fd5-photos.leclercdrive.fr/image.ashx?id=2193078&use=l&cat=p&typeid=i","cat":334130},{"id":11686,"n":"Collant mousse Tissaia Elasthanne Noir T1 - x2","p":2.6,"u":"1,30 €/P","img":"https://fd5-photos.leclercdrive.fr/image.ashx?id=2193099&use=l&cat=p&typeid=i","cat":334130},{"id":11687,"n":"Collant mousse Tissaia Confort beige moyen T1 - x2","p":1.95,"u":"0,98 €/P","img":"https://fd5-photos.leclercdrive.fr/image.ashx?id=2193081&use=l&cat=p&typeid=i","cat":334130},{"id":11688,"n":"Collant mousse Tissaia Elasthanne Noir T2 - x2","p":2.6,"u":"1,30 €/P","img":"https://fd5-photos.leclercdrive.fr/image.ashx?id=2193111&use=l&cat=p&typeid=i","cat":334130},{"id":11689,"n":"Collant mousse Tissaia Confort beige moyen T2 - x2","p":1.95,"u":"0,98 €/P","img":"https://fd5-photos.leclercdrive.fr/image.ashx?id=2193084&use=l&cat=p&typeid=i","cat":334130},{"id":11690,"n":"Collant mousse Tissaia Confort beige moyen T3 - x2","p":1.95,"u":"0,98 €/P","img":"https://fd5-photos.leclercdrive.fr/image.ashx?id=2193087&use=l&cat=p&typeid=i","cat":334130},{"id":11691,"n":"Collant mousse Tissaia Elasthanne Noir T3 - x2","p":2.6,"u":"1,30 €/P","img":"https://fd5-photos.leclercdrive.fr/image.ashx?id=2193266&use=l&cat=p&typeid=i","cat":334130},{"id":11692,"n":"Collant mousse Tissaia Confort beige moyen T4 - x2","p":1.95,"u":"0,98 €/P","img":"https://fd5-photos.leclercdrive.fr/image.ashx?id=2193090&use=l&cat=p&typeid=i","cat":334130},{"id":11693,"n":"Collant voile Tissaia Transparent beige clair T3 - x2","p":2.15,"u":"1,08 €/P","img":"https://fd5-photos.leclercdrive.fr/image.ashx?id=2193093&use=l&cat=p&typeid=i","cat":334130},{"id":11695,"n":"Collant mousse Tissaia Elasthanne Gris moyen T2 - x2","p":2.6,"u":"1,30 €/P","img":"https://fd5-photos.leclercdrive.fr/image.ashx?id=2193108&use=l&cat=p&typeid=i","cat":334130},{"id":11696,"n":"Collant mousse Tissaia Elasthanne Gris moyen T3 - x2","p":2.6,"u":"1,30 €/P","img":"https://fd5-photos.leclercdrive.fr/image.ashx?id=2193263&use=l&cat=p&typeid=i","cat":334130},{"id":11697,"n":"Collant mousse Tissaia Elasthanne Gris moyen T4 - x2","p":2.6,"u":"1,30 €/P","img":"https://fd5-photos.leclercdrive.fr/image.ashx?id=2193275&use=l&cat=p&typeid=i","cat":334130},{"id":11700,"n":"Bas clip voile Tissaia  Brillant Noir - T3","p":4.2,"img":"https://fd5-photos.leclercdrive.fr/image.ashx?id=2874829&use=l&cat=p&typeid=i","cat":334130},{"id":11701,"n":"Bas clip Up Tissaia voile Brillant beige T4","p":4.2,"img":"https://fd5-photos.leclercdrive.fr/image.ashx?id=2193287&use=l&cat=p&typeid=i","cat":334130},{"id":11702,"n":"Bas clip Tissaia voile Brillant noir T4","p":4.2,"img":"https://fd5-photos.leclercdrive.fr/image.ashx?id=2193290&use=l&cat=p&typeid=i","cat":334130},{"id":11704,"n":"Bas clip Tissaia voile brillant Beige T1/2","p":4.2,"img":"https://fd5-photos.leclercdrive.fr/image.ashx?id=2193293&use=l&cat=p&typeid=i","cat":334130},{"id":11705,"n":"Bas clip Tissaia voile Brillant noir T1/2","p":4.2,"img":"https://fd5-photos.leclercdrive.fr/image.ashx?id=2193296&use=l&cat=p&typeid=i","cat":334130},{"id":11707,"n":"Collant opaque Tissaia Microfibre noir 40D - T4","p":3.5,"img":"https://fd5-photos.leclercdrive.fr/image.ashx?id=2436909&use=l&cat=p&typeid=i","cat":334130},{"id":11708,"n":"Collant opaque Tissaia Microfibre noir 40D - T1/2","p":3.5,"img":"https://fd5-photos.leclercdrive.fr/image.ashx?id=2193305&use=l&cat=p&typeid=i","cat":334130},{"id":11716,"n":"Legging opaque Tissaia Noir 50D - T1","p":6.4,"img":"https://fd5-photos.leclercdrive.fr/image.ashx?id=2193308&use=l&cat=p&typeid=i","cat":334130},{"id":11731,"n":"Legging opaque Tissaia Noir 50D - T2","p":6.4,"img":"https://fd5-photos.leclercdrive.fr/image.ashx?id=2193311&use=l&cat=p&typeid=i","cat":334130},{"id":11734,"n":"Legging opaque Tissaia Noir 50D - T3","p":6.4,"img":"https://fd5-photos.leclercdrive.fr/image.ashx?id=2193314&use=l&cat=p&typeid=i","cat":334130},{"id":11737,"n":"Mi-bas mousse Tissaia Noir taille unique - x3","p":1.95,"u":"0,65 €/P","img":"https://fd5-photos.leclercdrive.fr/image.ashx?id=2193320&use=l&cat=p&typeid=i","cat":334130},{"id":11739,"n":"Mi-bas mousse Tissaia Beige clair Taille unique - x3","p":1.95,"u":"0,65 €/P","img":"https://fd5-photos.leclercdrive.fr/image.ashx?id=2193326&use=l&cat=p&typeid=i","cat":334130},{"id":11740,"n":"Mi-bas mousse Tissaia Beige clair taille unique - x3","p":2.5,"u":"0,83 €/P","img":"https://fd5-photos.leclercdrive.fr/image.ashx?id=2193335&use=l&cat=p&typeid=i","cat":334130},{"id":11741,"n":"Mi-bas mousse lycra Tissaia Beige foncé taille unique - x3","p":2.5,"u":"0,83 €/P","img":"https://fd5-photos.leclercdrive.fr/image.ashx?id=1513870&use=l&cat=p&typeid=i","cat":334130},{"id":11742,"n":"Mi-bas voile Tissaia Beige foncé taille unique - x3","p":2.3,"u":"0,77 €/P","img":"https://fd5-photos.leclercdrive.fr/image.ashx?id=2193341&use=l&cat=p&typeid=i","cat":334130},{"id":11744,"n":"Mi-bas voile Tissaia Naturel taille unique - x3","p":2.3,"u":"0,77 €/P","img":"https://fd5-photos.leclercdrive.fr/image.ashx?id=2193344&use=l&cat=p&typeid=i","cat":334130},{"id":11745,"n":"Mi-bas voile résistant Tissaia Gris moyen taille unique - x3","p":2.7,"u":"0,90 €/P","img":"https://fd5-photos.leclercdrive.fr/image.ashx?id=2193350&use=l&cat=p&typeid=i","cat":334130},{"id":11795,"n":"Confiture Andros Fraises - 1kg","p":3.43,"u":"3,43 €/KG","img":"https://fd5-photos.leclercdrive.fr/image.ashx?id=2946892&use=l&cat=p&typeid=i","cat":284480},{"id":11818,"n":"Bas clip Tissaia voile brillant Beige T3","p":4.2,"img":"https://fd5-photos.leclercdrive.fr/image.ashx?id=2193281&use=l&cat=p&typeid=i","cat":334130},{"id":11878,"n":"AOC Bordeaux vin rouge Chantet Blanet - BIB 3L","p":9.99,"u":"3,33 €/L","img":"https://fd5-photos.leclercdrive.fr/image.ashx?id=2708456&use=l&cat=p&typeid=i","cat":289560},{"id":11879,"n":"AOC Côtes du Rhône vin rouge Grégoire XI - BIB 3L","p":9.99,"u":"3,33 €/L","img":"https://fd5-photos.leclercdrive.fr/image.ashx?id=2714980&use=l&cat=p&typeid=i","cat":289560},{"id":11880,"n":"AOC Vouvray brut Les Caractères - 75cl","p":5.99,"u":"7,99 €/L","img":"https://fd5-photos.leclercdrive.fr/image.ashx?id=2801043&use=l&cat=p&typeid=i","cat":284544},{"id":11881,"n":"AOP Vouvray demi-sec Les Caractères - 75cl","p":5.99,"u":"7,99 €/L","img":"https://fd5-photos.leclercdrive.fr/image.ashx?id=2677038&use=l&cat=p&typeid=i","cat":284544},{"id":11882,"n":"AOC Bordeaux vin rosé Chantet Blanet - BIB 3L","p":11.49,"u":"3,83 €/L","img":"https://fd5-photos.leclercdrive.fr/image.ashx?id=2913663&use=l&cat=p&typeid=i","cat":289560},{"id":11883,"n":"IGP Côtes du Tarn Gamay Rouge Vieux Carion 12% vol - 75 cl","p":2.49,"u":"3,32 €/L","img":"https://fd5-photos.leclercdrive.fr/image.ashx?id=2677041&use=l&cat=p&typeid=i","cat":289556},{"id":11885,"n":"Fruits au sirop St Mamet Cocktail avec son jus - 3x125g","p":3.2,"u":"8,53 €/KG","img":"https://fd5-photos.leclercdrive.fr/image.ashx?id=2628440&use=l&cat=p&typeid=i","cat":284507},{"id":11886,"n":"IGP Pays d'Oc Gris vin rosé Rives & Terrasses 12.5% BIB 3L","p":8.49,"u":"2,83 €/L","img":"https://fd5-photos.leclercdrive.fr/image.ashx?id=2909383&use=l&cat=p&typeid=i","cat":289560},{"id":11888,"n":"AOC Crémant d'Alsace brut rosé Rebmann - 75 cl","p":5.95,"u":"7,93 €/L","img":"https://fd5-photos.leclercdrive.fr/image.ashx?id=2682651&use=l&cat=p&typeid=i","cat":284545},{"id":11895,"n":"AOC Côtes du Rhône vin rouge Grégoire XI - BIB 5L","p":16.49,"u":"3,30 €/L","img":"https://fd5-photos.leclercdrive.fr/image.ashx?id=2710774&use=l&cat=p&typeid=i","cat":289560},{"id":11900,"n":"Arôme naturel de vanille Vahiné 20ml","p":2.59,"u":"129,50 €/L","img":"https://fd5-photos.leclercdrive.fr/image.ashx?id=2559766&use=l&cat=p&typeid=i","cat":284504},{"id":11902,"n":"Arôme amande amère Vahiné 20ml","p":1.4,"u":"70,00 €/L","img":"https://fd5-photos.leclercdrive.fr/image.ashx?id=2559769&use=l&cat=p&typeid=i","cat":284504},{"id":11903,"n":"Arôme naturel de citron Vahiné 20ml","p":1.51,"u":"75,50 €/L","img":"https://fd5-photos.leclercdrive.fr/image.ashx?id=2559772&use=l&cat=p&typeid=i","cat":284504},{"id":11906,"n":"Nappage caramel Vahiné 700g","p":3.52,"u":"5,03 €/KG","img":"https://fd5-photos.leclercdrive.fr/image.ashx?id=2983234&use=l&cat=p&typeid=i","cat":284504},{"id":11908,"n":"Perles multicolores Vahiné 80g","p":1.57,"u":"19,63 €/KG","img":"https://fd5-photos.leclercdrive.fr/image.ashx?id=2524308&use=l&cat=p&typeid=i","cat":284504},{"id":11910,"n":"Colorant alimentaire Vahiné Assortiment x3","p":1.65,"u":"0,55 €/P","img":"https://fd5-photos.leclercdrive.fr/image.ashx?id=2939352&use=l&cat=p&typeid=i","cat":284504},{"id":11917,"n":"Crayon pâtissier Vahiné x1","p":1.59,"img":"https://fd5-photos.leclercdrive.fr/image.ashx?id=2983240&use=l&cat=p&typeid=i","cat":284504},{"id":12000,"n":"Couscous Comptoir du Grain Grain moyen - 5x100g","p":0.84,"u":"1,68 €/KG","img":"https://fd5-photos.leclercdrive.fr/image.ashx?id=3012815&use=l&cat=p&typeid=i","cat":284429},{"id":12012,"n":"Riz Vivien Paille superfino Spécial risotto - 1kg","p":2.69,"u":"2,69 €/KG","img":"https://fd5-photos.leclercdrive.fr/image.ashx?id=2280296&use=l&cat=p&typeid=i","cat":284428},{"id":12014,"n":"Riz Basmati Vivien Paille 1kg","p":3.36,"u":"3,36 €/KG","img":"https://fd5-photos.leclercdrive.fr/image.ashx?id=2326361&use=l&cat=p&typeid=i","cat":284428},{"id":12015,"n":"Riz long Vivien Paille Bomba perliz cello 1kg","p":2.56,"u":"2,56 €/KG","img":"https://fd5-photos.leclercdrive.fr/image.ashx?id=2284085&use=l&cat=p&typeid=i","cat":284428},{"id":12017,"n":"Riz rond Vivien Paille dessert Perliz cello - 1kg","p":2.11,"u":"2,11 €/KG","img":"https://fd5-photos.leclercdrive.fr/image.ashx?id=2284082&use=l&cat=p&typeid=i","cat":284428},{"id":12063,"n":"Rasoirs jetables Bic sensitive 3 lames - x12","p":3.83,"u":"0,32 €/P","img":"https://fd5-photos.leclercdrive.fr/image.ashx?id=2768502&use=l&cat=p&typeid=i","cat":284616},{"id":12078,"n":"Pâte à tartiner Nustikao 400g","p":1.83,"u":"4,58 €/KG","img":"https://fd5-photos.leclercdrive.fr/image.ashx?id=2856411&use=l&cat=p&typeid=i","cat":284481},{"id":12080,"n":"Boisson énergisante X-tense Canette - 25cl","p":0.39,"u":"1,56 €/L","img":"https://fd5-photos.leclercdrive.fr/image.ashx?id=2956041&use=l&cat=p&typeid=i","cat":284533},{"id":12102,"n":"Roquette Notre Jardin  - 125g","p":1.42,"u":"11,36 €/KG","img":"https://fd5-photos.leclercdrive.fr/image.ashx?id=2654465&use=l&cat=p&typeid=i","cat":284353},{"id":12109,"n":"Purée de piments Suzi Wan 100g","p":1.36,"u":"13,60 €/KG","img":"https://fd5-photos.leclercdrive.fr/image.ashx?id=2892565&use=l&cat=p&typeid=i","cat":288992},{"id":12122,"n":"Vermicelles de riz Suzi Wan 250g","p":1.85,"u":"7,40 €/KG","img":"https://fd5-photos.leclercdrive.fr/image.ashx?id=3002183&use=l&cat=p&typeid=i","cat":288992},{"id":12129,"n":"Vermicelles soja Suzi Wan 100g","p":1.85,"u":"18,50 €/KG","img":"https://fd5-photos.leclercdrive.fr/image.ashx?id=2886259&use=l&cat=p&typeid=i","cat":288992},{"id":12131,"n":"Crème coco Suzi Wan 200ml","p":1.22,"u":"6,10 €/L","img":"https://fd5-photos.leclercdrive.fr/image.ashx?id=2886250&use=l&cat=p&typeid=i","cat":288992},{"id":12152,"n":"Oeufs frais Bio Matines Plein Air - x6","p":2.96,"u":"0,49 €/P","img":"https://fd5-photos.leclercdrive.fr/image.ashx?id=2432307&use=l&cat=p&typeid=i","cat":284378},{"id":12153,"n":"Oeufs Bio  De Nos Villages Plein Air Gros - x10","p":4.28,"u":"0,43 €/P","img":"https://fd5-photos.leclercdrive.fr/image.ashx?id=2975981&use=l&cat=p&typeid=i","cat":284378},{"id":12170,"n":"AOP Bordeaux rosé Baron de Lestac - 75cl","p":5.65,"u":"7,53 €/L","img":"https://fd5-photos.leclercdrive.fr/image.ashx?id=2179368&use=l&cat=p&typeid=i","cat":289558},{"id":12235,"n":"Tapenade olives vertes NRT 90g","p":1.84,"u":"20,44 €/KG","img":"https://fd5-photos.leclercdrive.fr/image.ashx?id=2839986&use=l&cat=p&typeid=i","cat":284451},{"id":12236,"n":"Spaghetti d'Alsace NRT 250g","p":1.39,"u":"5,56 €/KG","img":"https://fd5-photos.leclercdrive.fr/image.ashx?id=2839983&use=l&cat=p&typeid=i","cat":284427},{"id":12239,"n":"Rillettes de sardine NRT 125g","p":2.49,"u":"19,92 €/KG","img":"https://fd5-photos.leclercdrive.fr/image.ashx?id=2782801&use=l&cat=p&typeid=i","cat":305146},{"id":12241,"n":"Pâte à pizza Tablier Blanc Herbes de Provence - 500g","p":1.99,"u":"3,98 €/KG","img":"https://fd5-photos.leclercdrive.fr/image.ashx?id=1731164&use=l&cat=p&typeid=i","cat":333681},{"id":12242,"n":"Rillettes de saumon MSC Ronde des mers - 150g","p":1.99,"u":"13,27 €/KG","img":"https://fd5-photos.leclercdrive.fr/image.ashx?id=2552424&use=l&cat=p&typeid=i","cat":285191},{"id":12243,"n":"Rillettes de thon MSC Ronde des mers - 150g","p":1.99,"u":"13,27 €/KG","img":"https://fd5-photos.leclercdrive.fr/image.ashx?id=2644873&use=l&cat=p&typeid=i","cat":285191},{"id":12245,"n":"Galettes Bretonnes P'tit Déli Pépites chocolat 130g","p":1.34,"u":"10,31 €/KG","img":"https://fd5-photos.leclercdrive.fr/image.ashx?id=2387973&use=l&cat=p&typeid=i","cat":284487},{"id":12249,"n":"Torsades d'Alsace NRT 250g","p":1.39,"u":"5,56 €/KG","img":"https://fd5-photos.leclercdrive.fr/image.ashx?id=2839980&use=l&cat=p&typeid=i","cat":284427},{"id":12258,"n":"Gros sel de l'Ile de Ré NRT Sachet -1kg","p":1.69,"u":"1,69 €/KG","img":"https://fd5-photos.leclercdrive.fr/image.ashx?id=2802879&use=l&cat=p&typeid=i","cat":284457},{"id":12259,"n":"Fromage Mimolette vieille NRT  Label Rouge  - 200g","p":3.65,"u":"18,25 €/KG","img":"https://fd5-photos.leclercdrive.fr/image.ashx?id=2934829&use=l&cat=p&typeid=i","cat":314034},{"id":12261,"n":"Double concentré tomates Turini 3X70g","p":2.15,"u":"10,24 €/KG","img":"https://fd5-photos.leclercdrive.fr/image.ashx?id=3012394&use=l&cat=p&typeid=i","cat":288384},{"id":12333,"n":"Frisk Menthe Forte  sans sucres - 5,7g","p":1.11,"u":"185,00 €/KG","img":"https://fd5-photos.leclercdrive.fr/image.ashx?id=2660206&use=l&cat=p&typeid=i","cat":304256},{"id":12342,"n":"Sucettes Chupa Chups Fresh cola - 192g","p":2.4,"u":"12,50 €/KG","img":"https://fd5-photos.leclercdrive.fr/image.ashx?id=2149489&use=l&cat=p&typeid=i","cat":304252},{"id":12362,"n":"Thon entier Pêche Océan Naturel - 2x140g","p":3.75,"u":"13,39 €/KG","img":"https://fd5-photos.leclercdrive.fr/image.ashx?id=2941423&use=l&cat=p&typeid=i","cat":303867},{"id":12363,"n":"Thon entier Pêche Océan Naturel - 3x93g","p":3.99,"u":"14,30 €/KG","img":"https://fd5-photos.leclercdrive.fr/image.ashx?id=2941411&use=l&cat=p&typeid=i","cat":303867},{"id":12365,"n":"Couscous royal Côté Table Volaille et merguez 980g","p":3.69,"u":"3,77 €/KG","img":"https://fd5-photos.leclercdrive.fr/image.ashx?id=2977144&use=l&cat=p&typeid=i","cat":325094},{"id":12373,"n":"Moutarde Rustica Mi-forte - 415g","p":1.27,"u":"3,06 €/KG","img":"https://fd5-photos.leclercdrive.fr/image.ashx?id=1961437&use=l&cat=p&typeid=i","cat":288850},{"id":12374,"n":"Purée de tomates Turini 3x200g","p":1.19,"u":"1,98 €/KG","img":"https://fd5-photos.leclercdrive.fr/image.ashx?id=2174684&use=l&cat=p&typeid=i","cat":288384},{"id":12376,"n":"Pâtes Alphabet Turini 500g","p":0.99,"u":"1,98 €/KG","img":"https://fd5-photos.leclercdrive.fr/image.ashx?id=2980797&use=l&cat=p&typeid=i","cat":284427},{"id":12380,"n":"Infusion Tiséa Digestion facilitée x25","p":0.99,"u":"24,75 €/KG","img":"https://fd5-photos.leclercdrive.fr/image.ashx?id=2696253&use=l&cat=p&typeid=i","cat":293234},{"id":12384,"n":"Thon entier Pêche Océan Huile de tournesol - 3x80g","p":2.49,"u":"10,38 €/KG","img":"https://fd5-photos.leclercdrive.fr/image.ashx?id=778226&use=l&cat=p&typeid=i","cat":303867},{"id":12391,"n":"Sirop Frucci Fraise - 1L","p":3.5,"u":"3,50 €/L","img":"https://fd5-photos.leclercdrive.fr/image.ashx?id=2954076&use=l&cat=p&typeid=i","cat":295020},{"id":12394,"n":"Nectar Jafaden Abricot - 4x20cl","p":2.68,"u":"3,35 €/L","img":"https://fd5-photos.leclercdrive.fr/image.ashx?id=2955674&use=l&cat=p&typeid=i","cat":284524},{"id":12396,"n":"100% Pur jus de tomate Jafaden - 4x20cl","p":2.32,"u":"2,90 €/L","img":"https://fd5-photos.leclercdrive.fr/image.ashx?id=2562858&use=l&cat=p&typeid=i","cat":284523},{"id":12397,"n":"Vin mousseux d'Union Européenne Brut Blazer - 75 cl","p":3.15,"u":"4,20 €/L","img":"https://fd5-photos.leclercdrive.fr/image.ashx?id=2623950&use=l&cat=p&typeid=i","cat":284544},{"id":12398,"n":"Vin mousseux d'Union Européenne  Demi-sec Blazer - 75cl","p":3.19,"u":"4,25 €/L","img":"https://fd5-photos.leclercdrive.fr/image.ashx?id=2623953&use=l&cat=p&typeid=i","cat":284544},{"id":12399,"n":"Apéritif anisé Cantanis Sans alcool - 1L","p":2.25,"u":"2,25 €/L","img":"https://fd5-photos.leclercdrive.fr/image.ashx?id=2520011&use=l&cat=p&typeid=i","cat":284549},{"id":12402,"n":"Crème de mûres Auguste Muniot 15%vol. - 50cl","p":4.58,"u":"9,16 €/L","img":"https://fd5-photos.leclercdrive.fr/image.ashx?id=2541525&use=l&cat=p&typeid=i","cat":286032},{"id":12421,"n":"Vinaigre de vin Rustica Aromatisé Framboise - 50cl","p":1.99,"u":"3,98 €/L","img":"https://fd5-photos.leclercdrive.fr/image.ashx?id=2142181&use=l&cat=p&typeid=i","cat":298543},{"id":12422,"n":"Jus de citron vert Rustica 2x12,5cll","p":1.31,"u":"5,24 €/L","img":"https://fd5-photos.leclercdrive.fr/image.ashx?id=2974789&use=l&cat=p&typeid=i","cat":288383},{"id":12424,"n":"Pâtes Spaghetti Turini 3min - 500g","p":0.78,"u":"1,56 €/KG","img":"https://fd5-photos.leclercdrive.fr/image.ashx?id=2607464&use=l&cat=p&typeid=i","cat":284427},{"id":12426,"n":"Pâtes Cheveux d'anges Turini 1kg","p":1.61,"u":"1,61 €/KG","img":"https://fd5-photos.leclercdrive.fr/image.ashx?id=2980791&use=l&cat=p&typeid=i","cat":284427},{"id":12437,"n":"Sel fin de l'île de Ré NRT 250g","p":1.35,"u":"5,40 €/KG","img":"https://fd5-photos.leclercdrive.fr/image.ashx?id=2802876&use=l&cat=p&typeid=i","cat":284457},{"id":12438,"n":"Vinaigre Balsamique MAILLE Velours de Modène - 25cl","p":3.27,"u":"13,08 €/L","img":"https://fd5-photos.leclercdrive.fr/image.ashx?id=2889994&use=l&cat=p&typeid=i","cat":298543},{"id":12441,"n":"Moutarde Amora Fine et douce  - 435g","p":1.73,"u":"3,98 €/KG","img":"https://fd5-photos.leclercdrive.fr/image.ashx?id=2507608&use=l&cat=p&typeid=i","cat":288850},{"id":12451,"n":"Thé glacé Fresh Tea Pêche - Brique - 6x20cl","p":2.27,"u":"1,89 €/L","img":"https://fd5-photos.leclercdrive.fr/image.ashx?id=2622248&use=l&cat=p&typeid=i","cat":295019},{"id":12453,"n":"Soda Jean's Cola sans Caféine Zéro - Bouteille - 1,5L","p":0.96,"u":"0,64 €/L","img":"https://fd5-photos.leclercdrive.fr/image.ashx?id=2637865&use=l&cat=p&typeid=i","cat":284530},{"id":12464,"n":"Soda Jean's Cola Zéro Bouteille - 1,5L","p":0.45,"u":"0,30 €/L","img":"https://fd5-photos.leclercdrive.fr/image.ashx?id=2637883&use=l&cat=p&typeid=i","cat":284530},{"id":12467,"n":"Jus multifruits Jafaden Pur jus - 1L","p":1.99,"u":"1,99 €/L","img":"https://fd5-photos.leclercdrive.fr/image.ashx?id=2958705&use=l&cat=p&typeid=i","cat":284917},{"id":12469,"n":"100% Pur jus d'orange Jafaden  Sans pulpe - 1L","p":1.99,"u":"1,99 €/L","img":"https://fd5-photos.leclercdrive.fr/image.ashx?id=2842477&use=l&cat=p&typeid=i","cat":284521},{"id":12470,"n":"Pur Jus de raisin Bio Village Bio - 1L","p":2.29,"u":"2,29 €/L","img":"https://fd5-photos.leclercdrive.fr/image.ashx?id=2901518&use=l&cat=p&typeid=i","cat":284915},{"id":12471,"n":"Thon entier Pêche Océan Huile de tournesol - 160g","p":1.63,"u":"10,19 €/KG","img":"https://fd5-photos.leclercdrive.fr/image.ashx?id=2941399&use=l&cat=p&typeid=i","cat":303867},{"id":12477,"n":"Cassoulet Saucisse de Toulouse Côté Table - 420g","p":2.11,"u":"5,02 €/KG","img":"https://fd5-photos.leclercdrive.fr/image.ashx?id=2977861&use=l&cat=p&typeid=i","cat":284440},{"id":12501,"n":"Café soluble Plantation Sélection - 200g","p":4.53,"u":"22,65 €/KG","img":"https://fd5-photos.leclercdrive.fr/image.ashx?id=2834266&use=l&cat=p&typeid=i","cat":284843},{"id":12506,"n":"Marshmallows Copains Copines Vanille 300g","p":1.25,"u":"4,17 €/KG","img":"https://fd5-photos.leclercdrive.fr/image.ashx?id=2934646&use=l&cat=p&typeid=i","cat":304250},{"id":12512,"n":"Vinaigre de vin aux noix Maille - 50cl","p":1.85,"u":"3,70 €/L","img":"https://fd5-photos.leclercdrive.fr/image.ashx?id=2875999&use=l&cat=p&typeid=i","cat":298543},{"id":12513,"n":"Cornichons Maille Malossol A la russe 440g","p":3.96,"u":"9,00 €/KG","img":"https://fd5-photos.leclercdrive.fr/image.ashx?id=2076023&use=l&cat=p&typeid=i","cat":284458},{"id":12521,"n":"Miettes de thon Pêche Océan Huile de tournesol - 3x80g","p":2.34,"u":"9,75 €/KG","img":"https://fd5-photos.leclercdrive.fr/image.ashx?id=2941357&use=l&cat=p&typeid=i","cat":303867},{"id":12527,"n":"Chocolat Pâtissier Tablette dOr Noir - 200g","p":1.79,"u":"8,95 €/KG","img":"https://fd5-photos.leclercdrive.fr/image.ashx?id=2723356&use=l&cat=p&typeid=i","cat":285562},{"id":12529,"n":"Moutarde de Dijon Rustica  195g","p":1.25,"u":"6,41 €/KG","img":"https://fd5-photos.leclercdrive.fr/image.ashx?id=2954334&use=l&cat=p&typeid=i","cat":288850},{"id":12532,"n":"Café en grains Plantation Tradition - 1kg","p":10.15,"u":"10,15 €/KG","img":"https://fd5-photos.leclercdrive.fr/image.ashx?id=2856405&use=l&cat=p&typeid=i","cat":293237},{"id":12549,"n":"Rasoirs jetables Venus Gillette Simply Venus 2 - x10","p":3.49,"u":"0,35 €/P","img":"https://fd5-photos.leclercdrive.fr/image.ashx?id=2881789&use=l&cat=p&typeid=i","cat":325352},{"id":12551,"n":"Raviolis légumes Bio Village Bio - 700g","p":2.53,"u":"3,61 €/KG","img":"https://fd5-photos.leclercdrive.fr/image.ashx?id=2717252&use=l&cat=p&typeid=i","cat":284442},{"id":12555,"n":"Mogette cuite au naturel NRT De Vendée - 530g","p":3.19,"u":"6,02 €/KG","img":"https://fd5-photos.leclercdrive.fr/image.ashx?id=2771025&use=l&cat=p&typeid=i","cat":312606},{"id":12557,"n":"Vinaigrette Rustica Echalote - 50cl","p":1.27,"u":"2,54 €/L","img":"https://fd5-photos.leclercdrive.fr/image.ashx?id=1972901&use=l&cat=p&typeid=i","cat":284456},{"id":12564,"n":"Châtaignes Notre Jardin Entières - 420g","p":5.09,"u":"12,12 €/KG","img":"https://fd5-photos.leclercdrive.fr/image.ashx?id=1965527&use=l&cat=p&typeid=i","cat":312612},{"id":12565,"n":"Haricots beurre Notre Jardin Extra fins - 220g","p":1.88,"u":"8,55 €/KG","img":"https://fd5-photos.leclercdrive.fr/image.ashx?id=2988039&use=l&cat=p&typeid=i","cat":312606},{"id":12566,"n":"Sel régénérant Eco+ 4kg","p":2.04,"u":"0,51 €/KG","img":"https://fd5-photos.leclercdrive.fr/image.ashx?id=2865236&use=l&cat=p&typeid=i","cat":284657},{"id":12567,"n":"Andouillettes de Troyes NRT  2x150g","p":3.49,"u":"11,63 €/KG","img":"https://fd5-photos.leclercdrive.fr/image.ashx?id=2991500&use=l&cat=p&typeid=i","cat":316012},{"id":12573,"n":"Eponges Mamison salle de bain Décorées x2","p":0.99,"u":"0,50 €/P","img":"https://fd5-photos.leclercdrive.fr/image.ashx?id=2199055&use=l&cat=p&typeid=i","cat":284667},{"id":12581,"n":"Soupe Déshydratée Thaï KNORR Nouilles & Champignons - 70cl","p":1.32,"u":"1,89 €/L","img":"https://fd5-photos.leclercdrive.fr/image.ashx?id=2772554&use=l&cat=p&typeid=i","cat":284463},{"id":12584,"n":"Pain grillé bio Bio Village Blé complet x12 - 250g","p":1.77,"u":"7,08 €/KG","img":"https://fd5-photos.leclercdrive.fr/image.ashx?id=2619749&use=l&cat=p&typeid=i","cat":284479},{"id":12587,"n":"Compote Douceur du Verger Gourdes multivariétés - 12x90g","p":3.93,"u":"3,64 €/KG","img":"https://fd5-photos.leclercdrive.fr/image.ashx?id=2837039&use=l&cat=p&typeid=i","cat":284508},{"id":12588,"n":"Sel régénérant Visior Lave-vaisselle - 4x1kg","p":2.69,"u":"0,67 €/KG","img":"https://fd5-photos.leclercdrive.fr/image.ashx?id=2463401&use=l&cat=p&typeid=i","cat":284657},{"id":12591,"n":"Soupe déshydratée Knorr 9 légumes - 75cl","p":0.91,"u":"1,21 €/L","img":"https://fd5-photos.leclercdrive.fr/image.ashx?id=2790585&use=l&cat=p&typeid=i","cat":284463},{"id":12593,"n":"Soupe déshydratée Knorr 9 légumes - 105g","p":0.95,"u":"9,05 €/KG","img":"https://fd5-photos.leclercdrive.fr/image.ashx?id=2875930&use=l&cat=p&typeid=i","cat":284463},{"id":12601,"n":"Oignon Rustica Coupés - 100g","p":2.14,"u":"21,40 €/KG","img":"https://fd5-photos.leclercdrive.fr/image.ashx?id=2365466&use=l&cat=p&typeid=i","cat":319804},{"id":12602,"n":"Ciboulette Rustica Coupé - 50g","p":1.65,"u":"33,00 €/KG","img":"https://fd5-photos.leclercdrive.fr/image.ashx?id=2365460&use=l&cat=p&typeid=i","cat":319804},{"id":12605,"n":"Cornichons Maille Le Mini 210g","p":2.62,"u":"12,48 €/KG","img":"https://fd5-photos.leclercdrive.fr/image.ashx?id=2877310&use=l&cat=p&typeid=i","cat":284458},{"id":12606,"n":"Marmite bouillon Knorr Poule - 224g","p":1.92,"u":"8,57 €/KG","img":"https://fd5-photos.leclercdrive.fr/image.ashx?id=2960288&use=l&cat=p&typeid=i","cat":288379},{"id":12611,"n":"Crozets au Sarrasin NRT 400g","p":2.3,"u":"5,75 €/KG","img":"https://fd5-photos.leclercdrive.fr/image.ashx?id=2856220&use=l&cat=p&typeid=i","cat":284427},{"id":12627,"n":"Crème Nourrissante Karité Dop Cheveux très sec, frisé - 300ml","p":3.91,"u":"13,03 €/L","img":"https://fd5-photos.leclercdrive.fr/image.ashx?id=590700&use=l&cat=p&typeid=i","cat":284608},{"id":12634,"n":"Olives de Nyons AOP NRT Noires - 230g","p":3.48,"u":"15,13 €/KG","img":"https://fd5-photos.leclercdrive.fr/image.ashx?id=2704888&use=l&cat=p&typeid=i","cat":284458},{"id":12668,"n":"Pizza Cuite sur pierre Turini Jambon fromage - 3x350g","p":6.22,"u":"5,92 €/KG","img":"https://fd5-photos.leclercdrive.fr/image.ashx?id=2815232&use=l&cat=p&typeid=i","cat":284256},{"id":12669,"n":"Sauce Burger AMORA 260g","p":1.63,"u":"6,27 €/KG","img":"https://fd5-photos.leclercdrive.fr/image.ashx?id=2893853&use=l&cat=p&typeid=i","cat":318431},{"id":12670,"n":"Basilic Rustica Coupé - 50g","p":1.69,"u":"33,80 €/KG","img":"https://fd5-photos.leclercdrive.fr/image.ashx?id=2365463&use=l&cat=p&typeid=i","cat":319804},{"id":12674,"n":"Nids d'Alsace NRT 250g","p":1.39,"u":"5,56 €/KG","img":"https://fd5-photos.leclercdrive.fr/image.ashx?id=2839968&use=l&cat=p&typeid=i","cat":284427},{"id":12675,"n":"Pizza Cuite sur pierre Turini 4 fromages - 400g","p":2.71,"u":"6,78 €/KG","img":"https://fd5-photos.leclercdrive.fr/image.ashx?id=2815229&use=l&cat=p&typeid=i","cat":284256},{"id":12676,"n":"Pizza Cuite sur pierre Turini Chorizo - 400g","p":2.69,"u":"6,73 €/KG","img":"https://fd5-photos.leclercdrive.fr/image.ashx?id=2815226&use=l&cat=p&typeid=i","cat":284256},{"id":12684,"n":"Filets d'Anchois Pêche Océan Marinés à la provençale - 100g","p":1.99,"u":"19,90 €/KG","img":"https://fd5-photos.leclercdrive.fr/image.ashx?id=2993567&use=l&cat=p&typeid=i","cat":285190},{"id":12702,"n":"Poisson pané Pêche Océan Tomate - MSC - x8 - 600g","p":4.29,"u":"7,15 €/KG","img":"https://fd5-photos.leclercdrive.fr/image.ashx?id=2930111&use=l&cat=p&typeid=i","cat":319788},{"id":12706,"n":"Dentifrice Dentamyl Soin complet 75ml","p":0.76,"u":"10,13 €/L","img":"https://fd5-photos.leclercdrive.fr/image.ashx?id=2276480&use=l&cat=p&typeid=i","cat":284612},{"id":12712,"n":"Sauce Poivrons Aubergine Turini 190g","p":1.79,"u":"9,42 €/KG","img":"https://fd5-photos.leclercdrive.fr/image.ashx?id=2478474&use=l&cat=p&typeid=i","cat":287599},{"id":12729,"n":"Pânés poulet Le Gaulois x2 -  200g","p":2.07,"u":"10,35 €/KG","img":"https://fd5-photos.leclercdrive.fr/image.ashx?id=2261660&use=l&cat=p&typeid=i","cat":333684},{"id":12733,"n":"Bacon Herta superposé x15 150g","p":1.9,"u":"12,67 €/KG","img":"https://fd5-photos.leclercdrive.fr/image.ashx?id=2889325&use=l&cat=p&typeid=i","cat":316007},{"id":12735,"n":"Croque-chèvre Côté Croc 2x100g","p":1.99,"u":"9,95 €/KG","img":"https://fd5-photos.leclercdrive.fr/image.ashx?id=2885125&use=l&cat=p&typeid=i","cat":333671},{"id":12739,"n":"Friand viande Côté Table 2x110g","p":1.65,"u":"7,50 €/KG","img":"https://fd5-photos.leclercdrive.fr/image.ashx?id=2820436&use=l&cat=p&typeid=i","cat":333671},{"id":12741,"n":"Emmental fromage râpé bio Bio village - 100g","p":1.49,"u":"14,90 €/KG","img":"https://fd5-photos.leclercdrive.fr/image.ashx?id=2757942&use=l&cat=p&typeid=i","cat":314035},{"id":12752,"n":"Filet Poulet blanc LR X2  IGP Volailles du Maine  - 240g","p":5.39,"u":"22,46 €/KG","img":"https://fd5-photos.leclercdrive.fr/image.ashx?id=2250558&use=l&cat=p&typeid=i","cat":284336},{"id":12769,"n":"Collants mousse Tissaia Elasthanne beige foncé T1 - x2","p":2.6,"u":"1,30 €/P","img":"https://fd5-photos.leclercdrive.fr/image.ashx?id=2193096&use=l&cat=p&typeid=i","cat":334130},{"id":12771,"n":"Collants mousse Tissaia Elasthanne beige foncé T2 - x2","p":2.6,"u":"1,30 €/P","img":"https://fd5-photos.leclercdrive.fr/image.ashx?id=2193105&use=l&cat=p&typeid=i","cat":334130},{"id":12772,"n":"Boisson Jafaden Cranberry - 1L","p":1.92,"u":"1,92 €/L","img":"https://fd5-photos.leclercdrive.fr/image.ashx?id=2591394&use=l&cat=p&typeid=i","cat":284915},{"id":12773,"n":"Collant mousse Tissaia Elasthanne beige clair T2 - x2","p":2.6,"u":"1,30 €/P","img":"https://fd5-photos.leclercdrive.fr/image.ashx?id=2193102&use=l&cat=p&typeid=i","cat":334130},{"id":12775,"n":"Collant mousse Tissaia Elasthanne beige clair T3 - x2","p":2.6,"u":"1,30 €/P","img":"https://fd5-photos.leclercdrive.fr/image.ashx?id=2193114&use=l&cat=p&typeid=i","cat":334130},{"id":12776,"n":"Collants mousse Tissaia Elasthanne beige foncé T3 - x2","p":2.6,"u":"1,30 €/P","img":"https://fd5-photos.leclercdrive.fr/image.ashx?id=2193260&use=l&cat=p&typeid=i","cat":334130},{"id":12777,"n":"Collant mousse Tissaia Elasthanne beige clair T4 - x2","p":2.6,"u":"1,30 €/P","img":"https://fd5-photos.leclercdrive.fr/image.ashx?id=2193269&use=l&cat=p&typeid=i","cat":334130},{"id":12779,"n":"Collant mousse Tissaia Elasthanne beige foncé T4 - x2","p":2.6,"u":"1,30 €/P","img":"https://fd5-photos.leclercdrive.fr/image.ashx?id=2193272&use=l&cat=p&typeid=i","cat":334130},{"id":12816,"n":"Dentifrice blancheur Dentamyl Soin complet 75ml","p":0.98,"u":"13,07 €/L","img":"https://fd5-photos.leclercdrive.fr/image.ashx?id=2489110&use=l&cat=p&typeid=i","cat":284612},{"id":12838,"n":"Foie de volaille Le Gaulois Confit - 300g","p":3.56,"u":"11,87 €/KG","img":"https://fd5-photos.leclercdrive.fr/image.ashx?id=2732719&use=l&cat=p&typeid=i","cat":284715},{"id":12916,"n":"Infusion bio Bio Village Digestion x20 - 30g","p":1.55,"u":"51,67 €/KG","img":"https://fd5-photos.leclercdrive.fr/image.ashx?id=2961710&use=l&cat=p&typeid=i","cat":293234},{"id":12917,"n":"Infusion bio Bio Village Pour le soir x20 - 30g","p":1.75,"u":"58,33 €/KG","img":"https://fd5-photos.leclercdrive.fr/image.ashx?id=2854261&use=l&cat=p&typeid=i","cat":293234},{"id":12927,"n":"Tapenade verte NRT à la provençale - 90g","p":2.5,"u":"27,78 €/KG","img":"https://fd5-photos.leclercdrive.fr/image.ashx?id=2991154&use=l&cat=p&typeid=i","cat":315999},{"id":12928,"n":"Tapenade noire NRT à la provençale - 90g","p":2.5,"u":"27,78 €/KG","img":"https://fd5-photos.leclercdrive.fr/image.ashx?id=2991085&use=l&cat=p&typeid=i","cat":315999},{"id":12930,"n":"Mélange forestier Notre Jardin 450g","p":2.56,"u":"5,69 €/KG","img":"https://fd5-photos.leclercdrive.fr/image.ashx?id=2873111&use=l&cat=p&typeid=i","cat":319823},{"id":12965,"n":"Crêpes dentelles chocolat NRT 100g","p":1.82,"u":"18,20 €/KG","img":"https://fd5-photos.leclercdrive.fr/image.ashx?id=2770265&use=l&cat=p&typeid=i","cat":284490},{"id":12966,"n":"Assortiment biscuits fins P'tit Déli 200g","p":2.39,"u":"11,95 €/KG","img":"https://fd5-photos.leclercdrive.fr/image.ashx?id=2554578&use=l&cat=p&typeid=i","cat":284490},{"id":13014,"n":"Déodorant spray Scorpio Scorpio rouge - 150ml","p":2.78,"u":"18,53 €/L","img":"https://fd5-photos.leclercdrive.fr/image.ashx?id=2329780&use=l&cat=p&typeid=i","cat":284618},{"id":13205,"n":"Copies doubles Eco+ 17x22cm - x200","p":1.25,"img":"https://fd5-photos.leclercdrive.fr/image.ashx?id=981371&use=l&cat=p&typeid=i","cat":284697},{"id":13206,"n":"Feuilles simples Esquisse Perforées 17x22cm x200","p":1.4,"u":"0,01 €/P","img":"https://fd5-photos.leclercdrive.fr/image.ashx?id=1928761&use=l&cat=p&typeid=i","cat":284697},{"id":13207,"n":"Crayon à papier HB Eco+ x10","p":0.41,"img":"https://fd5-photos.leclercdrive.fr/image.ashx?id=1929747&use=l&cat=p&typeid=i","cat":284696},{"id":13252,"n":"Surligneur Esquisse mini 4 couleurs fluos - x4","p":1.89,"img":"https://fd5-photos.leclercdrive.fr/image.ashx?id=1678703&use=l&cat=p&typeid=i","cat":284696},{"id":13254,"n":"Pinceaux Esquisse Taille 2-8 et 12 - x3","p":0.99,"u":"0,33 €/P","img":"https://fd5-photos.leclercdrive.fr/image.ashx?id=981363&use=l&cat=p&typeid=i","cat":334133},{"id":13300,"n":"Tube de colle liquide Esquisse Transparente gel - 30ml","p":1.1,"u":"36,67 €/L","img":"https://fd5-photos.leclercdrive.fr/image.ashx?id=1928779&use=l&cat=p&typeid=i","cat":334133},{"id":13307,"n":"Sous chemises Esquisse 22x32cm - x50","p":3.59,"img":"https://fd5-photos.leclercdrive.fr/image.ashx?id=1928800&use=l&cat=p&typeid=i","cat":284745},{"id":13308,"n":"Chemises Esquisse 24x32cm x15","p":3.3,"img":"https://fd5-photos.leclercdrive.fr/image.ashx?id=1678706&use=l&cat=p&typeid=i","cat":284745},{"id":13310,"n":"Chemise 3 rabats Eco+ A4 - x10","p":3.99,"u":"0,40 €/P","img":"https://fd5-photos.leclercdrive.fr/image.ashx?id=2131176&use=l&cat=p&typeid=i","cat":284745},{"id":13315,"n":"Calculatrice de poche Eco+ 1 pièce","p":1.79,"u":"Dont 0,13 € d'éco-part.","img":"https://fd5-photos.leclercdrive.fr/image.ashx?id=1699669&use=l&cat=p&typeid=i","cat":334133},{"id":13339,"n":"Anchois entiers Connétable Huile d'olive - 100g","p":2.48,"u":"24,80 €/KG","img":"https://fd5-photos.leclercdrive.fr/image.ashx?id=2807570&use=l&cat=p&typeid=i","cat":305147},{"id":13342,"n":"Thon entier Le Savoureux Huile d'olive - 160g","p":2.95,"u":"18,44 €/KG","img":"https://fd5-photos.leclercdrive.fr/image.ashx?id=2960159&use=l&cat=p&typeid=i","cat":303867},{"id":13345,"n":"Thon blanc entier Connétable MSC - Naturel - 112g","p":3.76,"u":"33,57 €/KG","img":"https://fd5-photos.leclercdrive.fr/image.ashx?id=2943990&use=l&cat=p&typeid=i","cat":303867},{"id":13350,"n":"Pâté Hénaff 260g","p":2.98,"u":"11,46 €/KG","img":"https://fd5-photos.leclercdrive.fr/image.ashx?id=2662178&use=l&cat=p&typeid=i","cat":305149},{"id":13425,"n":"Beurre Moulé Paysan Breton Demi-sel - 80% MG - 500g","p":6.86,"u":"13,72 €/KG","img":"https://fd5-photos.leclercdrive.fr/image.ashx?id=2774499&use=l&cat=p&typeid=i","cat":284379},{"id":13428,"n":"Beurre Moulé Paysan Breton Demi-sel - 80% MG - 125g","p":1.7,"u":"13,60 €/KG","img":"https://fd5-photos.leclercdrive.fr/image.ashx?id=2939766&use=l&cat=p&typeid=i","cat":284379},{"id":13429,"n":"Mini-beurre Paysan Breton Demi-sel x20 - 82%MG - 200g","p":3.39,"u":"16,95 €/KG","img":"https://fd5-photos.leclercdrive.fr/image.ashx?id=2774571&use=l&cat=p&typeid=i","cat":284379},{"id":13434,"n":"Dessert Empresure Malo Chocolat - 4x125g","p":1.67,"u":"3,34 €/KG","img":"https://fd5-photos.leclercdrive.fr/image.ashx?id=2842684&use=l&cat=p&typeid=i","cat":285041},{"id":13440,"n":"Purée de fruit NATURNES Fruits du verger 6M+ - 4x130g","p":2.03,"u":"3,90 €/KG","img":"https://fd5-photos.leclercdrive.fr/image.ashx?id=2478387&use=l&cat=p&typeid=i","cat":312388},{"id":13464,"n":"Tripoux aveyronnais NRT 400g","p":5.46,"u":"13,65 €/KG","img":"https://fd5-photos.leclercdrive.fr/image.ashx?id=2723225&use=l&cat=p&typeid=i","cat":284441},{"id":13503,"n":"Biscottes bio Bio Village Au germe de blé x36 - 300g","p":1.99,"u":"6,63 €/KG","img":"https://fd5-photos.leclercdrive.fr/image.ashx?id=2634881&use=l&cat=p&typeid=i","cat":284479},{"id":13532,"n":"Purée pomme de terre Pom'lisse Saveur d'antan - 4x125g - 500g","p":2.49,"u":"4,98 €/KG","img":"https://fd5-photos.leclercdrive.fr/image.ashx?id=2965734&use=l&cat=p&typeid=i","cat":284431},{"id":13559,"n":"Thé breakfast Britley 50 sachets - 100g","p":1.22,"u":"12,20 €/KG","img":"https://fd5-photos.leclercdrive.fr/image.ashx?id=2854225&use=l&cat=p&typeid=i","cat":293233},{"id":13571,"n":"Filets hareng doux fumé NRT du Nord - 200g","p":3.8,"u":"19,00 €/KG","img":"https://fd5-photos.leclercdrive.fr/image.ashx?id=2834332&use=l&cat=p&typeid=i","cat":285190},{"id":13585,"n":"Fleur de sel de l'Ile de Ré NRT 125g","p":2.49,"u":"19,92 €/KG","img":"https://fd5-photos.leclercdrive.fr/image.ashx?id=2802882&use=l&cat=p&typeid=i","cat":284457},{"id":13589,"n":"Fromage Brillat Savarin NRT  IGP - 200g","p":3.39,"u":"16,95 €/KG","img":"https://fd5-photos.leclercdrive.fr/image.ashx?id=2771064&use=l&cat=p&typeid=i","cat":329558},{"id":13590,"n":"Profiteroles Trofic Crème glacée vanille 280g","p":3.7,"u":"13,21 €/KG","img":"https://fd5-photos.leclercdrive.fr/image.ashx?id=1513947&use=l&cat=p&typeid=i","cat":284267},{"id":13604,"n":"Poissons panés au fromage Pêche Océan MSC - 180g","p":1.89,"u":"10,50 €/KG","img":"https://fd5-photos.leclercdrive.fr/image.ashx?id=2953608&use=l&cat=p&typeid=i","cat":284344},{"id":13605,"n":"Panés de colin Pêche Océan Colin d'Alaska - 200g","p":1.99,"u":"9,95 €/KG","img":"https://fd5-photos.leclercdrive.fr/image.ashx?id=2953605&use=l&cat=p&typeid=i","cat":284344},{"id":13609,"n":"Bière du Nord NRT Ambrée - 7° - 6x25cl","p":4.84,"u":"3,23 €/L","img":"https://fd5-photos.leclercdrive.fr/image.ashx?id=2663842&use=l&cat=p&typeid=i","cat":334872},{"id":13636,"n":"Cuisse Poulet Blanc LR x2  IGP Volailles du Maine  - 480g","p":5.23,"u":"10,90 €/KG","img":"https://fd5-photos.leclercdrive.fr/image.ashx?id=2250552&use=l&cat=p&typeid=i","cat":284336},{"id":13637,"n":"Aiguillette poulet Le Gaulois Blanc - 210g","p":3.63,"u":"17,29 €/KG","img":"https://fd5-photos.leclercdrive.fr/image.ashx?id=2239564&use=l&cat=p&typeid=i","cat":284336},{"id":13639,"n":"Nougat tendre de Montélimar NRT  sachet 200g","p":3.49,"u":"17,45 €/KG","img":"https://fd5-photos.leclercdrive.fr/image.ashx?id=2791069&use=l&cat=p&typeid=i","cat":304249},{"id":13642,"n":"Biscuits sablés Bio Village Amandes Citron Bio 200g","p":2.43,"u":"12,15 €/KG","img":"https://fd5-photos.leclercdrive.fr/image.ashx?id=2303019&use=l&cat=p&typeid=i","cat":284487},{"id":13643,"n":"Biscuits nappés Bio Village Bio Chocolat au lait 200g","p":2.43,"u":"12,15 €/KG","img":"https://fd5-photos.leclercdrive.fr/image.ashx?id=1937516&use=l&cat=p&typeid=i","cat":284488},{"id":13646,"n":"Rochers Equador Chocolat noir x7 245g","p":2.49,"u":"10,16 €/KG","img":"https://fd5-photos.leclercdrive.fr/image.ashx?id=2842483&use=l&cat=p&typeid=i","cat":327600},{"id":13647,"n":"Rochers Equador Chocolat au lait x7 - 245g","p":2.45,"u":"10,00 €/KG","img":"https://fd5-photos.leclercdrive.fr/image.ashx?id=2842480&use=l&cat=p&typeid=i","cat":327600},{"id":13648,"n":"Biscuit Croc Break P'tit Déli Lait et goût chocolat - 300g","p":1.24,"u":"4,13 €/KG","img":"https://fd5-photos.leclercdrive.fr/image.ashx?id=1993182&use=l&cat=p&typeid=i","cat":284488},{"id":13649,"n":"Pansement Primoplast Cicatrisant hydrocolloïde x8","p":5.95,"img":"https://fd5-photos.leclercdrive.fr/image.ashx?id=2856480&use=l&cat=p&typeid=i","cat":284630},{"id":13650,"n":"Gel à l'arnica Primoplast 50g","p":1.62,"u":"32,40 €/KG","img":"https://fd5-photos.leclercdrive.fr/image.ashx?id=2856477&use=l&cat=p&typeid=i","cat":284630},{"id":13663,"n":"Mini-crêpes fourrées Tokapi  Comté - 65g","p":1.96,"u":"30,15 €/KG","img":"https://fd5-photos.leclercdrive.fr/image.ashx?id=2499085&use=l&cat=p&typeid=i","cat":297000},{"id":13678,"n":"Croûtons salade Epi d'Or Ail et fines herbes - 60g","p":0.6,"u":"10,00 €/KG","img":"https://fd5-photos.leclercdrive.fr/image.ashx?id=2606040&use=l&cat=p&typeid=i","cat":284464},{"id":13679,"n":"Croûtons salade Epi d'Or Nature - 60g","p":0.6,"u":"10,00 €/KG","img":"https://fd5-photos.leclercdrive.fr/image.ashx?id=2607909&use=l&cat=p&typeid=i","cat":284464},{"id":13681,"n":"Pâté pur porc Côtés Table 2 Foie 1 campagne - 3x78g","p":1.9,"u":"8,12 €/KG","img":"https://fd5-photos.leclercdrive.fr/image.ashx?id=2518505&use=l&cat=p&typeid=i","cat":305149},{"id":13682,"n":"Pâté de campagne Côté Table Pur porc - 3x78g","p":1.85,"u":"7,91 €/KG","img":"https://fd5-photos.leclercdrive.fr/image.ashx?id=2478763&use=l&cat=p&typeid=i","cat":305149},{"id":13683,"n":"Pâté de foie Côté Table Pur porc - 3x78g","p":1.99,"u":"8,50 €/KG","img":"https://fd5-photos.leclercdrive.fr/image.ashx?id=2518502&use=l&cat=p&typeid=i","cat":305149},{"id":13684,"n":"Bouillon de légumes Rustica Cubes - 12x10g","p":0.67,"u":"5,58 €/KG","img":"https://fd5-photos.leclercdrive.fr/image.ashx?id=1753198&use=l&cat=p&typeid=i","cat":288379},{"id":13685,"n":"Bouillon de volaille Rustica Cubes - 12x10g","p":0.8,"u":"6,67 €/KG","img":"https://fd5-photos.leclercdrive.fr/image.ashx?id=1880027&use=l&cat=p&typeid=i","cat":288379},{"id":13686,"n":"Bouillon Pot au feu Rustica Cubes - 12x10g","p":1.39,"u":"11,58 €/KG","img":"https://fd5-photos.leclercdrive.fr/image.ashx?id=1880024&use=l&cat=p&typeid=i","cat":288379},{"id":13689,"n":"Pop corn caramélisé Tokapi 100g","p":0.71,"u":"7,10 €/KG","img":"https://fd5-photos.leclercdrive.fr/image.ashx?id=2920175&use=l&cat=p&typeid=i","cat":304249},{"id":13693,"n":"Gaufrettes fourrées Tokapi Chèvre et poivre - 75g","p":1.29,"u":"17,20 €/KG","img":"https://fd5-photos.leclercdrive.fr/image.ashx?id=2067944&use=l&cat=p&typeid=i","cat":297000},{"id":13694,"n":"Riz long Comptoir du Grain 500g","p":1.47,"u":"2,94 €/KG","img":"https://fd5-photos.leclercdrive.fr/image.ashx?id=2886534&use=l&cat=p&typeid=i","cat":284428},{"id":13698,"n":"Légumes couscous Notre Jardin 400g","p":1.43,"u":"3,58 €/KG","img":"https://fd5-photos.leclercdrive.fr/image.ashx?id=2854216&use=l&cat=p&typeid=i","cat":312612},{"id":13699,"n":"Gaufrettes fourrées Tokapi Gouda et noix - 75g","p":1.29,"u":"17,20 €/KG","img":"https://fd5-photos.leclercdrive.fr/image.ashx?id=2063329&use=l&cat=p&typeid=i","cat":297000},{"id":13700,"n":"Gaufrettes fourrées Tokapi Fromage - 75g","p":0.95,"u":"12,67 €/KG","img":"https://fd5-photos.leclercdrive.fr/image.ashx?id=2067929&use=l&cat=p&typeid=i","cat":297000},{"id":13701,"n":"Riz Thaï Comptoir du Grain Sélection Riz long - 500g","p":1.79,"u":"3,58 €/KG","img":"https://fd5-photos.leclercdrive.fr/image.ashx?id=2565610&use=l&cat=p&typeid=i","cat":284428},{"id":13703,"n":"Petits pois Notre Jardin A l'étuvée - Très fins - 560g","p":1.29,"u":"2,30 €/KG","img":"https://fd5-photos.leclercdrive.fr/image.ashx?id=2691018&use=l&cat=p&typeid=i","cat":312607},{"id":13711,"n":"Croquettes chat Ultima Stérilisé - Poulet - 1.5kg","p":5.83,"u":"3,89 €/KG","img":"https://fd5-photos.leclercdrive.fr/image.ashx?id=2886385&use=l&cat=p&typeid=i","cat":284680},{"id":13715,"n":"Croquettes chat Purina One Stérilisé - Boeuf/Blé-1.5kg","p":6.51,"u":"4,34 €/KG","img":"https://fd5-photos.leclercdrive.fr/image.ashx?id=2488040&use=l&cat=p&typeid=i","cat":284680},{"id":13716,"n":"Croquettes chat Purina One Adulte - Poisson de mer - 3kg","p":12.47,"u":"4,16 €/KG","img":"https://fd5-photos.leclercdrive.fr/image.ashx?id=2902340&use=l&cat=p&typeid=i","cat":284680},{"id":13719,"n":"Croquettes chat Purina One Adulte - Poulet/Céréales -1.5kg","p":6.14,"u":"4,09 €/KG","img":"https://fd5-photos.leclercdrive.fr/image.ashx?id=2537682&use=l&cat=p&typeid=i","cat":284680},{"id":13722,"n":"Croquettes chat Ultima Stérilisé - Saumon - 1.5kg","p":5.81,"u":"3,87 €/KG","img":"https://fd5-photos.leclercdrive.fr/image.ashx?id=2921897&use=l&cat=p&typeid=i","cat":284680},{"id":13731,"n":"Barquettes chats Gourmet Gold Les mousselines - 12x85g","p":5.44,"u":"5,33 €/KG","img":"https://fd5-photos.leclercdrive.fr/image.ashx?id=2967046&use=l&cat=p&typeid=i","cat":285286},{"id":13742,"n":"Tablette chocolat Côte d'Or Truffé noir - 190g","p":3.67,"u":"19,32 €/KG","img":"https://fd5-photos.leclercdrive.fr/image.ashx?id=2938932&use=l&cat=p&typeid=i","cat":284956},{"id":13751,"n":"Croquettes chiens Ultima Allégées - 2kg","p":5.96,"u":"2,98 €/KG","img":"https://fd5-photos.leclercdrive.fr/image.ashx?id=3008821&use=l&cat=p&typeid=i","cat":284672},{"id":13770,"n":"Croissants surgelés Epi d'Or Cuisson four - 6x60g","p":2.58,"u":"7,17 €/KG","img":"https://fd5-photos.leclercdrive.fr/image.ashx?id=2900088&use=l&cat=p&typeid=i","cat":284267},{"id":13776,"n":"Mouchoirs blancs 3 plis Caresse Boîte - x110","p":1.35,"u":"0,01 €/P","img":"https://fd5-photos.leclercdrive.fr/image.ashx?id=2777921&use=l&cat=p&typeid=i","cat":284638},{"id":13777,"n":"Lingettes bébé Eco+ Epaisses - x72","p":0.72,"u":"0,01 €/P","img":"https://fd5-photos.leclercdrive.fr/image.ashx?id=2874672&use=l&cat=p&typeid=i","cat":284738},{"id":13781,"n":"Salade Notre Jardin Laitue iceberg - 450g","p":1.33,"u":"2,96 €/KG","img":"https://fd5-photos.leclercdrive.fr/image.ashx?id=2925171&use=l&cat=p&typeid=i","cat":284353},{"id":13782,"n":"Déodorant Manava anti-traces 200ml","p":1.29,"u":"6,45 €/L","img":"https://fd5-photos.leclercdrive.fr/image.ashx?id=2692952&use=l&cat=p&typeid=i","cat":284595},{"id":13784,"n":"Gel douche et shampooing Carré Homme Energisante - 250ml","p":1.15,"u":"4,60 €/L","img":"https://fd5-photos.leclercdrive.fr/image.ashx?id=2927845&use=l&cat=p&typeid=i","cat":284619},{"id":13785,"n":"Shampooing Vitanove Réparateur - 250ml","p":1.45,"u":"5,80 €/L","img":"https://fd5-photos.leclercdrive.fr/image.ashx?id=1879257&use=l&cat=p&typeid=i","cat":284606},{"id":13786,"n":"Shampooing Vitanove Equilibrant - 250ml","p":1.79,"u":"7,16 €/L","img":"https://fd5-photos.leclercdrive.fr/image.ashx?id=1913165&use=l&cat=p&typeid=i","cat":284606},{"id":13787,"n":"Shampooing Vitanove Extra Color - 250ml","p":1.56,"u":"6,24 €/L","img":"https://fd5-photos.leclercdrive.fr/image.ashx?id=2920912&use=l&cat=p&typeid=i","cat":284606},{"id":13788,"n":"Après-shampooing Vitanove Extra color - 200ml","p":1.38,"u":"6,90 €/L","img":"https://fd5-photos.leclercdrive.fr/image.ashx?id=2618302&use=l&cat=p&typeid=i","cat":284607},{"id":13789,"n":"Shampooing Vitanove Lissant - 250ml","p":1.79,"u":"7,16 €/L","img":"https://fd5-photos.leclercdrive.fr/image.ashx?id=1907456&use=l&cat=p&typeid=i","cat":284606},{"id":13790,"n":"Après-shampooing Vitanove Lissant - 200ml","p":1.49,"u":"7,45 €/L","img":"https://fd5-photos.leclercdrive.fr/image.ashx?id=2618314&use=l&cat=p&typeid=i","cat":284607},{"id":13811,"n":"Nettoyant visage Argile Garnier Peaux à imperfections - 150ml","p":4.64,"u":"30,93 €/L","img":"https://fd5-photos.leclercdrive.fr/image.ashx?id=2867548&use=l&cat=p&typeid=i","cat":284603},{"id":13818,"n":"Gel coiffant Studio Line Indestructible tube 150ml","p":5.15,"u":"34,33 €/L","img":"https://fd5-photos.leclercdrive.fr/image.ashx?id=2355809&use=l&cat=p&typeid=i","cat":284609},{"id":13975,"n":"Salade Notre Jardin Mâche - 200g","p":1.52,"u":"7,60 €/KG","img":"https://fd5-photos.leclercdrive.fr/image.ashx?id=2662583&use=l&cat=p&typeid=i","cat":284353},{"id":13977,"n":"Salade Notre Jardin Coeurs de laitue - 320g","p":1.58,"u":"4,94 €/KG","img":"https://fd5-photos.leclercdrive.fr/image.ashx?id=2686326&use=l&cat=p&typeid=i","cat":284353},{"id":13979,"n":"Haricots verts Bonduelle Extra fins - 1.2kg","p":2.49,"u":"2,08 €/KG","img":"https://fd5-photos.leclercdrive.fr/image.ashx?id=2837292&use=l&cat=p&typeid=i","cat":319805},{"id":13987,"n":"Bande cohésive Primoplast 2.5m x 6cm","p":2.75,"img":"https://fd5-photos.leclercdrive.fr/image.ashx?id=2856438&use=l&cat=p&typeid=i","cat":284630},{"id":13992,"n":"Recharge savon mains Manava Gel lavande - 250ml","p":0.69,"u":"2,76 €/L","img":"https://fd5-photos.leclercdrive.fr/image.ashx?id=2935477&use=l&cat=p&typeid=i","cat":284597},{"id":13995,"n":"Bandes extensibles Primoplast 4mx6cm - x2","p":1.29,"img":"https://fd5-photos.leclercdrive.fr/image.ashx?id=2856444&use=l&cat=p&typeid=i","cat":284630},{"id":13998,"n":"Pâte feuilletée Eco+ A dérouler - 230g","p":0.53,"u":"2,30 €/KG","img":"https://fd5-photos.leclercdrive.fr/image.ashx?id=2744350&use=l&cat=p&typeid=i","cat":333681},{"id":14006,"n":"Jambon de Vendée IGP NRT 2x90g","p":3.95,"u":"21,94 €/KG","img":"https://fd5-photos.leclercdrive.fr/image.ashx?id=2991482&use=l&cat=p&typeid=i","cat":316007},{"id":14007,"n":"Jambon de Bayonne IGP NRT 4 Grandes Tranches - 120g","p":3.63,"u":"30,25 €/KG","img":"https://fd5-photos.leclercdrive.fr/image.ashx?id=2670428&use=l&cat=p&typeid=i","cat":316007},{"id":14018,"n":"Chocolat Pâtissier Tablette dOr Noir corsé - 64% cacao - 200g","p":2.09,"u":"10,45 €/KG","img":"https://fd5-photos.leclercdrive.fr/image.ashx?id=2602349&use=l&cat=p&typeid=i","cat":285562},{"id":14023,"n":"Rasoir Carré Homme 3 lames - x1","p":3.99,"img":"https://fd5-photos.leclercdrive.fr/image.ashx?id=2704621&use=l&cat=p&typeid=i","cat":284616},{"id":14027,"n":"Lingettes Hygiène intime Doulys x20","p":1.8,"img":"https://fd5-photos.leclercdrive.fr/image.ashx?id=2815632&use=l&cat=p&typeid=i","cat":284627},{"id":14029,"n":"Fromage Neufchâtel AOP  Nos Régions ont du Talent 200g","p":2.67,"u":"13,35 €/KG","img":"https://fd5-photos.leclercdrive.fr/image.ashx?id=2071227&use=l&cat=p&typeid=i","cat":329558},{"id":14031,"n":"Crème Décolorante Siliss Visage et Corps - 2x50ml","p":2.79,"u":"27,90 €/L","img":"https://fd5-photos.leclercdrive.fr/image.ashx?id=2743783&use=l&cat=p&typeid=i","cat":325351},{"id":14033,"n":"Crochets anti-mites Insectivor Cèdre 2x3ml","p":1.99,"u":"331,67 €/L","img":"https://fd5-photos.leclercdrive.fr/image.ashx?id=2849575&use=l&cat=p&typeid=i","cat":298368},{"id":14038,"n":"Cassoulet au confit canard NRT - 420g","p":2.75,"u":"6,55 €/KG","img":"https://fd5-photos.leclercdrive.fr/image.ashx?id=2791413&use=l&cat=p&typeid=i","cat":284440},{"id":14046,"n":"Calvados pays d'auge NRT  40%vol. - 70cl","p":22.99,"u":"32,84 €/L","img":"https://fd5-photos.leclercdrive.fr/image.ashx?id=1647892&use=l&cat=p&typeid=i","cat":286032},{"id":14050,"n":"Rhum blanc Réunion 49%vol NRT 1L","p":14.62,"u":"14,62 €/L","img":"https://fd5-photos.leclercdrive.fr/image.ashx?id=1208791&use=l&cat=p&typeid=i","cat":284550},{"id":14051,"n":"Confiture extra bio Bio Village Myrtilles - 370g","p":2.29,"u":"6,19 €/KG","img":"https://fd5-photos.leclercdrive.fr/image.ashx?id=2965620&use=l&cat=p&typeid=i","cat":284480},{"id":14061,"n":"Confiture poires williams NRT De la Valée du Rhône - 315g","p":2.83,"u":"8,98 €/KG","img":"https://fd5-photos.leclercdrive.fr/image.ashx?id=2699792&use=l&cat=p&typeid=i","cat":284480},{"id":14062,"n":"Préparation framboises NRT Du Massif Central - 315g","p":4.02,"u":"12,76 €/KG","img":"https://fd5-photos.leclercdrive.fr/image.ashx?id=2699813&use=l&cat=p&typeid=i","cat":284480},{"id":14063,"n":"Préparation NRT Agrumes de Corse - 315g","p":2.82,"u":"8,95 €/KG","img":"https://fd5-photos.leclercdrive.fr/image.ashx?id=2460646&use=l&cat=p&typeid=i","cat":284480},{"id":14064,"n":"Préparation NRT Abricots d'Occitanie - 315g","p":2.87,"u":"9,11 €/KG","img":"https://fd5-photos.leclercdrive.fr/image.ashx?id=2590466&use=l&cat=p&typeid=i","cat":284480},{"id":14066,"n":"Crème anchoïade NRT à la provençale - 90g","p":2.09,"u":"23,22 €/KG","img":"https://fd5-photos.leclercdrive.fr/image.ashx?id=2991166&use=l&cat=p&typeid=i","cat":285191},{"id":14068,"n":"Miel Nid d'Abeille A tartiner - 500 g","p":3.19,"u":"6,38 €/KG","img":"https://fd5-photos.leclercdrive.fr/image.ashx?id=2693120&use=l&cat=p&typeid=i","cat":287643},{"id":14075,"n":"Lait de coco Tables du monde 400ml","p":1.52,"u":"3,80 €/L","img":"https://fd5-photos.leclercdrive.fr/image.ashx?id=1960758&use=l&cat=p&typeid=i","cat":288992},{"id":14076,"n":"Fromage Mimolette Vieille NRT En dés - 150g","p":2.99,"u":"19,93 €/KG","img":"https://fd5-photos.leclercdrive.fr/image.ashx?id=2934826&use=l&cat=p&typeid=i","cat":314027},{"id":14081,"n":"Ratatouille Bio Village Bio A la provençale - 650g","p":2.35,"u":"3,62 €/KG","img":"https://fd5-photos.leclercdrive.fr/image.ashx?id=2762513&use=l&cat=p&typeid=i","cat":312612},{"id":14082,"n":"Miel de fleurs bio Bio Village 500g","p":4.99,"u":"9,98 €/KG","img":"https://fd5-photos.leclercdrive.fr/image.ashx?id=2348265&use=l&cat=p&typeid=i","cat":287643},{"id":14084,"n":"Confiture bio Bio Village Oranges - 370g","p":2.26,"u":"6,11 €/KG","img":"https://fd5-photos.leclercdrive.fr/image.ashx?id=2965623&use=l&cat=p&typeid=i","cat":284480},{"id":14087,"n":"Quenelles de veau Coté Table Sauce financière 400g","p":1.85,"u":"4,63 €/KG","img":"https://fd5-photos.leclercdrive.fr/image.ashx?id=2977864&use=l&cat=p&typeid=i","cat":284441},{"id":14088,"n":"Garnit bouchée reine Coté Table 400g","p":1.79,"u":"4,48 €/KG","img":"https://fd5-photos.leclercdrive.fr/image.ashx?id=2977150&use=l&cat=p&typeid=i","cat":284441},{"id":14091,"n":"Miel d'Acacia Nid d'abeille 375g","p":4.33,"u":"11,55 €/KG","img":"https://fd5-photos.leclercdrive.fr/image.ashx?id=2635901&use=l&cat=p&typeid=i","cat":287643},{"id":14092,"n":"Brandade de morue NRT de Nîmes - 150g","p":3.79,"u":"18,95 €/KG","img":"https://fd5-photos.leclercdrive.fr/image.ashx?id=2663833&use=l&cat=p&typeid=i","cat":285191},{"id":14093,"n":"Olives de Picholines NRT Vertes - 200g","p":3.52,"u":"17,60 €/KG","img":"https://fd5-photos.leclercdrive.fr/image.ashx?id=2704891&use=l&cat=p&typeid=i","cat":284458},{"id":14094,"n":"Confiture pêches de vigne NRT De la Valée du Rhône - 315g","p":3.03,"u":"9,62 €/KG","img":"https://fd5-photos.leclercdrive.fr/image.ashx?id=2657286&use=l&cat=p&typeid=i","cat":284480},{"id":14099,"n":"Spray nettoyant Eco+ avec Javel 750ml","p":0.87,"u":"1,16 €/L","img":"https://fd5-photos.leclercdrive.fr/image.ashx?id=2837003&use=l&cat=p&typeid=i","cat":325357},{"id":14104,"n":"Gâteau breton fourré NRT Pruneaux - 400g","p":4.49,"u":"11,23 €/KG","img":"https://fd5-photos.leclercdrive.fr/image.ashx?id=2622305&use=l&cat=p&typeid=i","cat":293600},{"id":14107,"n":"Tielles sétoises NRT x2 - 220g","p":2.93,"u":"13,32 €/KG","img":"https://fd5-photos.leclercdrive.fr/image.ashx?id=2663830&use=l&cat=p&typeid=i","cat":285340},{"id":14111,"n":"Houmous Tables du Monde 200g","p":1.43,"u":"7,15 €/KG","img":"https://fd5-photos.leclercdrive.fr/image.ashx?id=2872258&use=l&cat=p&typeid=i","cat":315999},{"id":14113,"n":"Rasoirs jetables Siliss 2 lames - x10","p":1.19,"u":"0,12 €/P","img":"https://fd5-photos.leclercdrive.fr/image.ashx?id=2873546&use=l&cat=p&typeid=i","cat":325352},{"id":14114,"n":"Brosse à dents Dentamyl Médium x4","p":0.99,"u":"0,25 €/P","img":"https://fd5-photos.leclercdrive.fr/image.ashx?id=2790922&use=l&cat=p&typeid=i","cat":284614},{"id":14118,"n":"Carottes râpées Eco+ Assaisonnées - 500g","p":0.84,"u":"1,68 €/KG","img":"https://fd5-photos.leclercdrive.fr/image.ashx?id=2850805&use=l&cat=p&typeid=i","cat":333657},{"id":14122,"n":"Bâtonnets crâbe Eco+ x24 - 400g","p":1.25,"u":"3,13 €/KG","img":"https://fd5-photos.leclercdrive.fr/image.ashx?id=2865239&use=l&cat=p&typeid=i","cat":285189},{"id":14124,"n":"Rosette pur porc Eco+ 12 tranches - 150g","p":1.24,"u":"8,27 €/KG","img":"https://fd5-photos.leclercdrive.fr/image.ashx?id=2728222&use=l&cat=p&typeid=i","cat":316007},{"id":14131,"n":"Désodorisant Visior Lave-vaisselle Citron - x2","p":1.29,"u":"0,65 €/P","img":"https://fd5-photos.leclercdrive.fr/image.ashx?id=2951119&use=l&cat=p&typeid=i","cat":284657},{"id":14132,"n":"Bloc wc javel Syphon 2x40g","p":1.46,"u":"18,25 €/KG","img":"https://fd5-photos.leclercdrive.fr/image.ashx?id=2302540&use=l&cat=p&typeid=i","cat":284662},{"id":14135,"n":"Brosse à dents Eco+ Médium x2","p":0.23,"u":"0,12 €/P","img":"https://fd5-photos.leclercdrive.fr/image.ashx?id=2783783&use=l&cat=p&typeid=i","cat":284614},{"id":14138,"n":"Lingettes dépoussiérantes Eco+ x40","p":1.76,"u":"0,04 €/P","img":"https://fd5-photos.leclercdrive.fr/image.ashx?id=2805972&use=l&cat=p&typeid=i","cat":325364},{"id":14140,"n":"Savon extra-doux Manava Douceur d'amande 6x100g","p":3.16,"u":"5,27 €/KG","img":"https://fd5-photos.leclercdrive.fr/image.ashx?id=2331312&use=l&cat=p&typeid=i","cat":284597},{"id":14143,"n":"Diffuseur électrique Insectivor Anti-moustiques + recharge 35ml","p":4.65,"img":"https://fd5-photos.leclercdrive.fr/image.ashx?id=2717102&use=l&cat=p&typeid=i","cat":298368},{"id":14144,"n":"Lingettes bébé Mots d'Enfants Débarbouillantes - x40","p":1.47,"u":"0,04 €/P","img":"https://fd5-photos.leclercdrive.fr/image.ashx?id=2856471&use=l&cat=p&typeid=i","cat":284738},{"id":14153,"n":"Bonbons Eco+ Menthe Eucalyptus - 240g","p":1.01,"u":"4,21 €/KG","img":"https://fd5-photos.leclercdrive.fr/image.ashx?id=2699090&use=l&cat=p&typeid=i","cat":304252},{"id":14154,"n":"Bonbons gélifiés Eco+ Frites - 200g","p":1.11,"u":"5,55 €/KG","img":"https://fd5-photos.leclercdrive.fr/image.ashx?id=2774066&use=l&cat=p&typeid=i","cat":304250},{"id":14155,"n":"Gnocchi Turini à poêler 300g","p":0.89,"u":"2,97 €/KG","img":"https://fd5-photos.leclercdrive.fr/image.ashx?id=3010566&use=l&cat=p&typeid=i","cat":333682},{"id":14158,"n":"Fromage Mystère du Prieuré Lait pasteurisé - 340g","p":2.65,"u":"7,79 €/KG","img":"https://fd5-photos.leclercdrive.fr/image.ashx?id=2900085&use=l&cat=p&typeid=i","cat":329184},{"id":14159,"n":"Bonbons gélifiés Eco+ Goût cola - 200g","p":0.95,"u":"4,75 €/KG","img":"https://fd5-photos.leclercdrive.fr/image.ashx?id=2717099&use=l&cat=p&typeid=i","cat":304250},{"id":14163,"n":"Crème nettoyante Clair 3en1 - Fraicheur - 750ml","p":1.28,"u":"1,71 €/L","img":"https://fd5-photos.leclercdrive.fr/image.ashx?id=2946157&use=l&cat=p&typeid=i","cat":325357},{"id":14164,"n":"Roquefort AOP Eco+ Lait cru brebis 150g","p":2.16,"u":"14,40 €/KG","img":"https://fd5-photos.leclercdrive.fr/image.ashx?id=2966629&use=l&cat=p&typeid=i","cat":314032},{"id":14165,"n":"Crème de soin cheveux Vitanove Boucles sans rinçage 200ml","p":1.29,"u":"6,45 €/L","img":"https://fd5-photos.leclercdrive.fr/image.ashx?id=1947997&use=l&cat=p&typeid=i","cat":284608},{"id":14167,"n":"Brosse à dents Dentamyl Extra souple x1","p":0.85,"img":"https://fd5-photos.leclercdrive.fr/image.ashx?id=2790925&use=l&cat=p&typeid=i","cat":284614},{"id":14168,"n":"Dentifrice Dentamyl Protection gencives 75ml","p":0.92,"u":"12,27 €/L","img":"https://fd5-photos.leclercdrive.fr/image.ashx?id=2489092&use=l&cat=p&typeid=i","cat":284612},{"id":14170,"n":"Nettoyant lave-vaisselle Visior 250ml","p":2.65,"u":"10,60 €/L","img":"https://fd5-photos.leclercdrive.fr/image.ashx?id=776479&use=l&cat=p&typeid=i","cat":284657},{"id":14179,"n":"Betteraves rouges Bio Village Bio - 200g","p":1.99,"u":"9,95 €/KG","img":"https://fd5-photos.leclercdrive.fr/image.ashx?id=2659197&use=l&cat=p&typeid=i","cat":333657},{"id":14182,"n":"Déodorant stick Carré Homme Marine - 50ml","p":2.18,"u":"43,60 €/L","img":"https://fd5-photos.leclercdrive.fr/image.ashx?id=2481207&use=l&cat=p&typeid=i","cat":284618},{"id":14183,"n":"Lame de rasoir Siliss 3 lames - x4","p":3.58,"img":"https://fd5-photos.leclercdrive.fr/image.ashx?id=2699414&use=l&cat=p&typeid=i","cat":325352},{"id":14187,"n":"Masque réparateur Vitanove Secs abîmés cassants 300ml","p":2.64,"u":"8,80 €/L","img":"https://fd5-photos.leclercdrive.fr/image.ashx?id=2931769&use=l&cat=p&typeid=i","cat":284608},{"id":14190,"n":"Savon mains en crème Manava nourrissante à l'amande - 300ml","p":0.9,"u":"3,00 €/L","img":"https://fd5-photos.leclercdrive.fr/image.ashx?id=2935471&use=l&cat=p&typeid=i","cat":284597},{"id":14193,"n":"Masque capillaire Vitanove Extra color 300ml","p":2.69,"u":"8,97 €/L","img":"https://fd5-photos.leclercdrive.fr/image.ashx?id=2149095&use=l&cat=p&typeid=i","cat":284608},{"id":14195,"n":"Bande à découper Primoplast Peaux sensibles - 10x6cm","p":0.89,"img":"https://fd5-photos.leclercdrive.fr/image.ashx?id=2955668&use=l&cat=p&typeid=i","cat":284630},{"id":14196,"n":"Après-shampooing Vitanove Réparateur - 200ml","p":1.43,"u":"7,15 €/L","img":"https://fd5-photos.leclercdrive.fr/image.ashx?id=2618311&use=l&cat=p&typeid=i","cat":284607},{"id":14201,"n":"Filets de Morue Ronde des Mers Prêt à cuisiner 400g","p":7.99,"u":"19,98 €/KG","img":"https://fd5-photos.leclercdrive.fr/image.ashx?id=2694221&use=l&cat=p&typeid=i","cat":284342},{"id":14212,"n":"Lotion après-rasage Carré Homme Marine tonifiant 100ml","p":2.61,"u":"26,10 €/L","img":"https://fd5-photos.leclercdrive.fr/image.ashx?id=2854219&use=l&cat=p&typeid=i","cat":288147},{"id":14217,"n":"Crème pieds Primoplast Nutri-réparatrice - 75ml","p":1.49,"u":"19,87 €/L","img":"https://fd5-photos.leclercdrive.fr/image.ashx?id=2832930&use=l&cat=p&typeid=i","cat":325354},{"id":14218,"n":"Dentifrice enfant Dentamyl Bubble gum - 3 à 6 ans - 50ml","p":0.89,"u":"17,80 €/L","img":"https://fd5-photos.leclercdrive.fr/image.ashx?id=2075185&use=l&cat=p&typeid=i","cat":288898},{"id":14219,"n":"Dentifrice enfant Dentamyl Menthe - 7 à 13 ans - 75ml","p":0.74,"u":"9,87 €/L","img":"https://fd5-photos.leclercdrive.fr/image.ashx?id=2489113&use=l&cat=p&typeid=i","cat":288898},{"id":14220,"n":"Shampooing Vitanove Volumateur - 250ml","p":1.79,"u":"7,16 €/L","img":"https://fd5-photos.leclercdrive.fr/image.ashx?id=1909519&use=l&cat=p&typeid=i","cat":284606},{"id":14222,"n":"Lait de toilette Mots d'Enfants Bébé peaux délicates - 250ml","p":1.95,"u":"7,80 €/L","img":"https://fd5-photos.leclercdrive.fr/image.ashx?id=3015024&use=l&cat=p&typeid=i","cat":284741},{"id":14223,"n":"Dépoussiérant meubles Clair Multi-surfaces 300ml","p":1.03,"u":"3,43 €/L","img":"https://fd5-photos.leclercdrive.fr/image.ashx?id=2856681&use=l&cat=p&typeid=i","cat":325364},{"id":14224,"n":"Gel wc Syphon surpuissant 750ml","p":1.07,"u":"1,43 €/L","img":"https://fd5-photos.leclercdrive.fr/image.ashx?id=2558790&use=l&cat=p&typeid=i","cat":284662},{"id":14234,"n":"Bêtises de Cambrai NRT 200g","p":2.57,"u":"12,85 €/KG","img":"https://fd5-photos.leclercdrive.fr/image.ashx?id=2771034&use=l&cat=p&typeid=i","cat":304250},{"id":14235,"n":"Change complet Chorys Taille M - x20","p":9.94,"u":"0,50 €/P","img":"https://fd5-photos.leclercdrive.fr/image.ashx?id=2905219&use=l&cat=p&typeid=i","cat":284628},{"id":14236,"n":"Jambon cru Eco+ 8 tranches - 150g","p":1.77,"u":"11,80 €/KG","img":"https://fd5-photos.leclercdrive.fr/image.ashx?id=2917638&use=l&cat=p&typeid=i","cat":316007},{"id":14243,"n":"Pain de mie nature Epi d'Or Grandes tranches - 825g","p":1.59,"u":"1,93 €/KG","img":"https://fd5-photos.leclercdrive.fr/image.ashx?id=2860724&use=l&cat=p&typeid=i","cat":284477},{"id":14260,"n":"Crottin Chavignol NRT AOP  Fromage de chèvre - 2x60g","p":3.75,"u":"31,25 €/KG","img":"https://fd5-photos.leclercdrive.fr/image.ashx?id=2519432&use=l&cat=p&typeid=i","cat":314031},{"id":14262,"n":"Cognac v.s.o.p 40%vol. NRT 50cl","p":21.34,"u":"42,68 €/L","img":"https://fd5-photos.leclercdrive.fr/image.ashx?id=2907105&use=l&cat=p&typeid=i","cat":286032},{"id":14270,"n":"Cidre Pays d'Auge NRT AOP  4.5%vol - 75cl","p":3.89,"u":"5,19 €/L","img":"https://fd5-photos.leclercdrive.fr/image.ashx?id=2791081&use=l&cat=p&typeid=i","cat":334880},{"id":14271,"n":"Crème de marrons NRT De l'Ardèche - 325g","p":3.03,"u":"9,32 €/KG","img":"https://fd5-photos.leclercdrive.fr/image.ashx?id=2771061&use=l&cat=p&typeid=i","cat":284481},{"id":14272,"n":"Calissons NRT D'Aix-en-provence - 250g","p":5.99,"u":"23,96 €/KG","img":"https://fd5-photos.leclercdrive.fr/image.ashx?id=2771031&use=l&cat=p&typeid=i","cat":284499},{"id":14273,"n":"Fromage Pont-l'Evêque AOP  Nos Régions ont du Talent 220g","p":2.65,"u":"12,05 €/KG","img":"https://fd5-photos.leclercdrive.fr/image.ashx?id=2356344&use=l&cat=p&typeid=i","cat":329558},{"id":14276,"n":"Cassoulet au confit canard NRT - 840g","p":4.99,"u":"5,94 €/KG","img":"https://fd5-photos.leclercdrive.fr/image.ashx?id=2791410&use=l&cat=p&typeid=i","cat":284440},{"id":14278,"n":"Carottes râpées Bio Bio village - 200g","p":1.73,"u":"8,65 €/KG","img":"https://fd5-photos.leclercdrive.fr/image.ashx?id=2670374&use=l&cat=p&typeid=i","cat":333657},{"id":14280,"n":"Bûche Sainte Maure Touraine NRT AOP - Fromage de chèvre - 250g","p":5.07,"u":"20,28 €/KG","img":"https://fd5-photos.leclercdrive.fr/image.ashx?id=2422608&use=l&cat=p&typeid=i","cat":314031},{"id":14282,"n":"Préparation citrons NRT De Corse -  315g","p":2.69,"u":"8,54 €/KG","img":"https://fd5-photos.leclercdrive.fr/image.ashx?id=2699810&use=l&cat=p&typeid=i","cat":284480},{"id":14283,"n":"Foie gras canard IGP Sud-Ouest NRT Entier- 180g","p":13.99,"u":"77,72 €/KG","img":"https://fd5-photos.leclercdrive.fr/image.ashx?id=2991494&use=l&cat=p&typeid=i","cat":305148},{"id":14285,"n":"Fromage Emmental Eco+ Râpé - 200g","p":1.5,"u":"7,50 €/KG","img":"https://fd5-photos.leclercdrive.fr/image.ashx?id=2615798&use=l&cat=p&typeid=i","cat":314035},{"id":14292,"n":"Eau aromatisée Volvic Zest  Citron - 1,5L","p":1.04,"u":"0,69 €/L","img":"https://fd5-photos.leclercdrive.fr/image.ashx?id=2730253&use=l&cat=p&typeid=i","cat":284537},{"id":14293,"n":"Eau aromatisée Volvic Zest Citron - 6x50cl","p":3.79,"u":"1,26 €/L","img":"https://fd5-photos.leclercdrive.fr/image.ashx?id=2730256&use=l&cat=p&typeid=i","cat":284537},{"id":14316,"n":"Lasagnes saumon Côté Table 1kg","p":7.26,"u":"7,26 €/KG","img":"https://fd5-photos.leclercdrive.fr/image.ashx?id=2790928&use=l&cat=p&typeid=i","cat":284254},{"id":14328,"n":"Hachis parmentier Côté Table 300g","p":2.56,"u":"8,53 €/KG","img":"https://fd5-photos.leclercdrive.fr/image.ashx?id=2718802&use=l&cat=p&typeid=i","cat":284254},{"id":14329,"n":"Brandade de morue Côté Table MSC - 300g","p":2.72,"u":"9,07 €/KG","img":"https://fd5-photos.leclercdrive.fr/image.ashx?id=2779187&use=l&cat=p&typeid=i","cat":284254},{"id":14330,"n":"Poêlée de légumes Notre Jardin Légumes grillés - 750g","p":3.11,"u":"4,15 €/KG","img":"https://fd5-photos.leclercdrive.fr/image.ashx?id=2771369&use=l&cat=p&typeid=i","cat":319823},{"id":14334,"n":"Ratatouille Notre Jardin Cuisinée 750g","p":2.85,"u":"3,80 €/KG","img":"https://fd5-photos.leclercdrive.fr/image.ashx?id=2873129&use=l&cat=p&typeid=i","cat":319823},{"id":14336,"n":"Pavé saumon Pêche Océan ASC Atlantique -  500g","p":11.19,"u":"22,38 €/KG","img":"https://fd5-photos.leclercdrive.fr/image.ashx?id=2953728&use=l&cat=p&typeid=i","cat":319786},{"id":14344,"n":"Pain de mie Nature Harrys Longue conservation - 550g","p":1.92,"u":"3,49 €/KG","img":"https://fd5-photos.leclercdrive.fr/image.ashx?id=2518109&use=l&cat=p&typeid=i","cat":284477},{"id":14345,"n":"Café moulu Maison du café Ma Tradition - 4x250g","p":13.76,"u":"13,76 €/KG","img":"https://fd5-photos.leclercdrive.fr/image.ashx?id=2156806&use=l&cat=p&typeid=i","cat":284750},{"id":14349,"n":"Biscuits Truffine Equador  Meringue crème cacao - 100g","p":2.97,"u":"29,70 €/KG","img":"https://fd5-photos.leclercdrive.fr/image.ashx?id=2597618&use=l&cat=p&typeid=i","cat":284490},{"id":14351,"n":"Bandes non tissées Siliss Recharges -  2x14","p":2.23,"u":"0,08 €/P","img":"https://fd5-photos.leclercdrive.fr/image.ashx?id=2699417&use=l&cat=p&typeid=i","cat":325351},{"id":14352,"n":"Savon Manava  Karité - 2x100g","p":1.39,"u":"6,95 €/KG","img":"https://fd5-photos.leclercdrive.fr/image.ashx?id=2455371&use=l&cat=p&typeid=i","cat":284597},{"id":14358,"n":"Spécialité au soja Nat & Vie Fruits rouges - 4x100g","p":1.29,"u":"3,23 €/KG","img":"https://fd5-photos.leclercdrive.fr/image.ashx?id=2901440&use=l&cat=p&typeid=i","cat":316071},{"id":14360,"n":"Yaourts à boire Délisse Petits Délis fruits - 8x100g","p":3.2,"u":"4,00 €/KG","img":"https://fd5-photos.leclercdrive.fr/image.ashx?id=2754886&use=l&cat=p&typeid=i","cat":284415},{"id":14371,"n":"Mousse à la crème Duodélisse Nature - 4x100g","p":1.49,"u":"3,73 €/KG","img":"https://fd5-photos.leclercdrive.fr/image.ashx?id=2387334&use=l&cat=p&typeid=i","cat":284409},{"id":14376,"n":"Dés de fromage Les Croisés Ail et fines herbes - 120g","p":1.54,"u":"12,83 €/KG","img":"https://fd5-photos.leclercdrive.fr/image.ashx?id=2741616&use=l&cat=p&typeid=i","cat":314027},{"id":14378,"n":"Dés de fromage Les Croisés Basilic ciboulette - 120g","p":1.69,"u":"14,08 €/KG","img":"https://fd5-photos.leclercdrive.fr/image.ashx?id=2741619&use=l&cat=p&typeid=i","cat":314027},{"id":14381,"n":"Palets bretons NRT 100g","p":1.83,"u":"18,30 €/KG","img":"https://fd5-photos.leclercdrive.fr/image.ashx?id=2622299&use=l&cat=p&typeid=i","cat":284487},{"id":14383,"n":"Blocs WC Syphon Activ' Effect  Lavande - x3","p":1.09,"u":"0,36 €/P","img":"https://fd5-photos.leclercdrive.fr/image.ashx?id=2320710&use=l&cat=p&typeid=i","cat":284662},{"id":14389,"n":"Abricots Maitre Prunille Moelleux - 250g","p":4.28,"u":"17,12 €/KG","img":"https://fd5-photos.leclercdrive.fr/image.ashx?id=1747031&use=l&cat=p&typeid=i","cat":284357},{"id":14415,"n":"Levure chimique Vahiné 5x11g","p":0.36,"u":"6,55 €/KG","img":"https://fd5-photos.leclercdrive.fr/image.ashx?id=2490542&use=l&cat=p&typeid=i","cat":294686},{"id":14425,"n":"Whisky Johnnie Walker Red Label 40%vol - 1L","p":20.71,"u":"20,71 €/L","img":"https://fd5-photos.leclercdrive.fr/image.ashx?id=1868155&use=l&cat=p&typeid=i","cat":284547},{"id":14427,"n":"Pastis Ricard Anisé 45% vol - 70cl","p":14.66,"u":"20,94 €/L","img":"https://fd5-photos.leclercdrive.fr/image.ashx?id=2976776&use=l&cat=p&typeid=i","cat":284548},{"id":14428,"n":"Whisky Clan Campbell Blended Scotch 40% vol - 1L","p":19.04,"u":"19,04 €/L","img":"https://fd5-photos.leclercdrive.fr/image.ashx?id=2868921&use=l&cat=p&typeid=i","cat":284547},{"id":14429,"n":"Eau de vie Auguste Mugniot Poire Williams - 40%vol. - 50cl","p":19.99,"u":"39,98 €/L","img":"https://fd5-photos.leclercdrive.fr/image.ashx?id=2448519&use=l&cat=p&typeid=i","cat":286032},{"id":14431,"n":"Rhum Lagoa 40%vol - 1L","p":13.59,"u":"13,59 €/L","img":"https://fd5-photos.leclercdrive.fr/image.ashx?id=2966481&use=l&cat=p&typeid=i","cat":284550},{"id":14434,"n":"Pastis de Marseille Vivalis 45%vol - 70cl","p":12.88,"u":"18,40 €/L","img":"https://fd5-photos.leclercdrive.fr/image.ashx?id=2805024&use=l&cat=p&typeid=i","cat":284548},{"id":14440,"n":"Bière blonde Desquiles Canette - 5.9%vol. - 50cl","p":1.35,"u":"2,70 €/L","img":"https://fd5-photos.leclercdrive.fr/image.ashx?id=2646991&use=l&cat=p&typeid=i","cat":334853},{"id":14441,"n":"Eau minérale naturelle Evian  6x1l","p":2.89,"u":"0,48 €/L","img":"https://fd5-photos.leclercdrive.fr/image.ashx?id=2969019&use=l&cat=p&typeid=i","cat":284535},{"id":14442,"n":"Champagne brut blanc Pol Carson - 37,5cl","p":11.75,"u":"31,33 €/L","img":"https://fd5-photos.leclercdrive.fr/image.ashx?id=2909849&use=l&cat=p&typeid=i","cat":284542},{"id":14447,"n":"Sirop Frucci Thé Pêche - 75cl","p":3.2,"u":"4,27 €/L","img":"https://fd5-photos.leclercdrive.fr/image.ashx?id=764952&use=l&cat=p&typeid=i","cat":295020},{"id":14451,"n":"Sirop Frucci Menthe - 1L","p":2.46,"u":"2,46 €/L","img":"https://fd5-photos.leclercdrive.fr/image.ashx?id=2954067&use=l&cat=p&typeid=i","cat":295020},{"id":14452,"n":"Sirop Sport Citron - 1L","p":2.14,"u":"2,14 €/L","img":"https://fd5-photos.leclercdrive.fr/image.ashx?id=3011182&use=l&cat=p&typeid=i","cat":295020},{"id":14458,"n":"Biscuits tablette Eco+ Chocolat au lait - 150g","p":0.98,"u":"6,53 €/KG","img":"https://fd5-photos.leclercdrive.fr/image.ashx?id=2682750&use=l&cat=p&typeid=i","cat":284488},{"id":14494,"n":"Coquilles Saint-Jacques Tipiak À la bretonne - 4x90g","p":6.69,"u":"18,58 €/KG","img":"https://fd5-photos.leclercdrive.fr/image.ashx?id=2559754&use=l&cat=p&typeid=i","cat":319775},{"id":14499,"n":"Miel de lavande Provence IGP Nos Régions ont du Talent 375g","p":6.29,"u":"16,77 €/KG","img":"https://fd5-photos.leclercdrive.fr/image.ashx?id=2771073&use=l&cat=p&typeid=i","cat":287643},{"id":14512,"n":"Sachets glaçons Elembal x15","p":0.8,"img":"https://fd5-photos.leclercdrive.fr/image.ashx?id=2671810&use=l&cat=p&typeid=i","cat":334134},{"id":14536,"n":"Escalope Fine Dinde LR x2  IGP Volailles du Maine  - 240g","p":6.16,"pp":4.93,"u":"20,54 €/KG","img":"https://fd5-photos.leclercdrive.fr/image.ashx?id=2250567&use=l&cat=p&typeid=i","cat":284337},{"id":14538,"n":"Aiguillettes poulet Le Gaulois Jaune - 210g","p":3.82,"u":"18,19 €/KG","img":"https://fd5-photos.leclercdrive.fr/image.ashx?id=2315107&use=l&cat=p&typeid=i","cat":284336},{"id":14543,"n":"Serviettes papier Homeside Double épaisseur 33x33cm - x100","p":2.29,"img":"https://fd5-photos.leclercdrive.fr/image.ashx?id=1659678&use=l&cat=p&typeid=i","cat":334134},{"id":14544,"n":"Serviettes papier Homeside Triple épaisseur 40x40 x50","p":2.99,"u":"0,06 €/P","img":"https://fd5-photos.leclercdrive.fr/image.ashx?id=1659681&use=l&cat=p&typeid=i","cat":334134},{"id":14563,"n":"Serviettes Eco+ papier blanc x200","p":1.23,"u":"0,01 €/P","img":"https://fd5-photos.leclercdrive.fr/image.ashx?id=1413111&use=l&cat=p&typeid=i","cat":334134},{"id":14574,"n":"Serviette incontinence Chorys Normal - x12","p":1.99,"u":"0,17 €/P","img":"https://fd5-photos.leclercdrive.fr/image.ashx?id=2393848&use=l&cat=p&typeid=i","cat":284628},{"id":14575,"n":"Serviette incontinence Chorys Mini - x20","p":1.99,"u":"0,10 €/P","img":"https://fd5-photos.leclercdrive.fr/image.ashx?id=2448409&use=l&cat=p&typeid=i","cat":284628},{"id":14579,"n":"Papier toilette Mimosa Blanc - Ultra doux - x6","p":2.65,"u":"0,44 €/P","img":"https://fd5-photos.leclercdrive.fr/image.ashx?id=2777842&use=l&cat=p&typeid=i","cat":284634},{"id":14582,"n":"Bandes de cire froide Siliss Corps - Peaux sensibles - x40","p":2.21,"u":"0,06 €/P","img":"https://fd5-photos.leclercdrive.fr/image.ashx?id=2699426&use=l&cat=p&typeid=i","cat":325351},{"id":14625,"n":"Boisson énergétique Powerade Ice storm - 50cl","p":1.05,"u":"2,10 €/L","img":"https://fd5-photos.leclercdrive.fr/image.ashx?id=2970756&use=l&cat=p&typeid=i","cat":284533},{"id":14626,"n":"Boisson aux fruits Oasis Saveur Pêche Abricot - 2L","p":2.62,"u":"1,31 €/L","img":"https://fd5-photos.leclercdrive.fr/image.ashx?id=2688635&use=l&cat=p&typeid=i","cat":295018},{"id":14633,"n":"AOP Bordeaux rouge La Croix d'Austéran - 75cl","p":3.87,"u":"5,16 €/L","img":"https://fd5-photos.leclercdrive.fr/image.ashx?id=1672093&use=l&cat=p&typeid=i","cat":289556},{"id":14635,"n":"Soda Jean's Cola Bouteille - 4x50cl","p":2.75,"u":"1,38 €/L","img":"https://fd5-photos.leclercdrive.fr/image.ashx?id=2684811&use=l&cat=p&typeid=i","cat":284530},{"id":14636,"n":"Soda Jean's Cola Zéro Canette - 6x33cl","p":1.98,"u":"1,00 €/L","img":"https://fd5-photos.leclercdrive.fr/image.ashx?id=2637886&use=l&cat=p&typeid=i","cat":284530},{"id":14637,"n":"Biscuits P'tit Déli ronds Chocolat noir 200g","p":1.34,"u":"6,70 €/KG","img":"https://fd5-photos.leclercdrive.fr/image.ashx?id=2884207&use=l&cat=p&typeid=i","cat":284488},{"id":14654,"n":"Soupe liquide Liebig  Potiron - Brique 1L","p":2.65,"u":"2,65 €/L","img":"https://fd5-photos.leclercdrive.fr/image.ashx?id=2785355&use=l&cat=p&typeid=i","cat":284462},{"id":14659,"n":"Gel désinfectant mains Sanytol Au thé vert - 250ml","p":3.77,"u":"15,08 €/L","img":"https://fd5-photos.leclercdrive.fr/image.ashx?id=1754056&use=l&cat=p&typeid=i","cat":284630},{"id":14660,"n":"Gel désinfectant mains Sanytol Au thé vert - 75ml","p":2.11,"u":"28,13 €/L","img":"https://fd5-photos.leclercdrive.fr/image.ashx?id=2338730&use=l&cat=p&typeid=i","cat":284630},{"id":14661,"n":"Lingettes Hygiène Intime Usage Quotidien Intima Hamamélis x20","p":2.3,"u":"0,12 €/P","img":"https://fd5-photos.leclercdrive.fr/image.ashx?id=2886675&use=l&cat=p&typeid=i","cat":284627},{"id":14688,"n":"Biscuits Bjorg Fourrés Chocolat lait bio 225g","p":3.04,"u":"13,51 €/KG","img":"https://fd5-photos.leclercdrive.fr/image.ashx?id=2970927&use=l&cat=p&typeid=i","cat":284488},{"id":14690,"n":"Chocolat Alter Eco Noir Intense Max Havelaar Bio - 100g","p":2.75,"u":"27,50 €/KG","img":"https://fd5-photos.leclercdrive.fr/image.ashx?id=2906523&use=l&cat=p&typeid=i","cat":284956},{"id":14691,"n":"Chocolat Alter Eco Noir Absolu Pérou 85% cacao bio - 100g","p":2.77,"u":"27,70 €/KG","img":"https://fd5-photos.leclercdrive.fr/image.ashx?id=2906535&use=l&cat=p&typeid=i","cat":284956},{"id":14713,"n":"Rasoirs jetables Bic Twin Lady x8","p":1.67,"u":"0,21 €/P","img":"https://fd5-photos.leclercdrive.fr/image.ashx?id=2887569&use=l&cat=p&typeid=i","cat":325352},{"id":14749,"n":"Eau nettoyante Mixa Bébé  Hydratante - 250ml","p":2.93,"u":"11,72 €/L","img":"https://fd5-photos.leclercdrive.fr/image.ashx?id=2286603&use=l&cat=p&typeid=i","cat":284741},{"id":14761,"n":"Baume Après-rasage Nivea Men Peaux Sensibles - 100ml","p":4.09,"u":"40,90 €/L","img":"https://fd5-photos.leclercdrive.fr/image.ashx?id=3014590&use=l&cat=p&typeid=i","cat":288147},{"id":14763,"n":"Shampooing Pétrol Hahn Force -  250ml","p":2.29,"u":"9,16 €/L","img":"https://fd5-photos.leclercdrive.fr/image.ashx?id=2104450&use=l&cat=p&typeid=i","cat":284621},{"id":14765,"n":"Pile alcaline Tech+ Foxter 9V/6LP3146","p":2.49,"img":"https://fd5-photos.leclercdrive.fr/image.ashx?id=2162180&use=l&cat=p&typeid=i","cat":300572},{"id":14767,"n":"Piles alcalines Tech+ Foxter C/LR14 1,5V - x2","p":1.99,"u":"1,00 €/P","img":"https://fd5-photos.leclercdrive.fr/image.ashx?id=2162183&use=l&cat=p&typeid=i","cat":300572},{"id":14769,"n":"Piles alcalines Tech+  Foxter D/LR20 - x2","p":2.39,"u":"1,20 €/P","img":"https://fd5-photos.leclercdrive.fr/image.ashx?id=2162186&use=l&cat=p&typeid=i","cat":300572},{"id":14814,"n":"Compotes pommes Andros 4x100g","p":1.46,"u":"3,65 €/KG","img":"https://fd5-photos.leclercdrive.fr/image.ashx?id=2883925&use=l&cat=p&typeid=i","cat":284416},{"id":14820,"n":"Rasoirs jetables Bic Flex 4 - 4 lames - x3","p":3.7,"u":"1,23 €/P","img":"https://fd5-photos.leclercdrive.fr/image.ashx?id=2887572&use=l&cat=p&typeid=i","cat":284616},{"id":14823,"n":"Pâtes bio Jardin Bio Spaguetti quinoa curry -500g","p":2.89,"u":"5,78 €/KG","img":"https://fd5-photos.leclercdrive.fr/image.ashx?id=3002105&use=l&cat=p&typeid=i","cat":284427},{"id":14827,"n":"Bloc notes adhésif Esquisse  76mmx76mm - 2x100","p":1.25,"img":"https://fd5-photos.leclercdrive.fr/image.ashx?id=1678694&use=l&cat=p&typeid=i","cat":334133},{"id":14828,"n":"Rouleau adhésif transparent Eco + x1","p":0.19,"img":"https://fd5-photos.leclercdrive.fr/image.ashx?id=1701136&use=l&cat=p&typeid=i","cat":334133},{"id":14836,"n":"Crayon à papier HB  Eco+ + gomme - x4","p":0.19,"u":"0,05 €/P","img":"https://fd5-photos.leclercdrive.fr/image.ashx?id=1699678&use=l&cat=p&typeid=i","cat":284696},{"id":14837,"n":"Stylos bille assortis Eco+ x4","p":0.25,"img":"https://fd5-photos.leclercdrive.fr/image.ashx?id=1699675&use=l&cat=p&typeid=i","cat":284696},{"id":14846,"n":"Cartouches d'encre Eco+ Bleu Courtes - x30","p":0.57,"u":"0,02 €/P","img":"https://fd5-photos.leclercdrive.fr/image.ashx?id=1699681&use=l&cat=p&typeid=i","cat":284696},{"id":14852,"n":"Kit traçage Eco+ 3 pièces","p":0.32,"img":"https://fd5-photos.leclercdrive.fr/image.ashx?id=2943136&use=l&cat=p&typeid=i","cat":334133},{"id":14854,"n":"Crayons de couleur Eco+ x12","p":0.37,"img":"https://fd5-photos.leclercdrive.fr/image.ashx?id=1929756&use=l&cat=p&typeid=i","cat":284696},{"id":14858,"n":"Feutres Eco+ x12","p":0.35,"img":"https://fd5-photos.leclercdrive.fr/image.ashx?id=2553941&use=l&cat=p&typeid=i","cat":284696},{"id":14867,"n":"Adoucissant Hyperdou Pure Caresse - 750ml","p":1.99,"u":"2,65 €/L","img":"https://fd5-photos.leclercdrive.fr/image.ashx?id=2614446&use=l&cat=p&typeid=i","cat":284650},{"id":14873,"n":"Pastilles javel La Croix x40","p":1.99,"u":"14,85 €/KG","img":"https://fd5-photos.leclercdrive.fr/image.ashx?id=2679693&use=l&cat=p&typeid=i","cat":284661},{"id":14880,"n":"Compote Charles & Alice Pommes Mangues - 4x100g","p":1.34,"u":"3,35 €/KG","img":"https://fd5-photos.leclercdrive.fr/image.ashx?id=2757347&use=l&cat=p&typeid=i","cat":284416},{"id":14893,"n":"Yaourts allégés Sveltesse   Fruits Panachés - 12x125g","p":2.73,"u":"1,82 €/KG","img":"https://fd5-photos.leclercdrive.fr/image.ashx?id=2649569&use=l&cat=p&typeid=i","cat":315000},{"id":14898,"n":"Coeur de laitue Florette 200g","p":1.78,"u":"8,90 €/KG","img":"https://fd5-photos.leclercdrive.fr/image.ashx?id=2476542&use=l&cat=p&typeid=i","cat":284353},{"id":14901,"n":"Mozzarella di Buffala AOP Les Croisés - 125g","p":1.65,"u":"13,20 €/KG","img":"https://fd5-photos.leclercdrive.fr/image.ashx?id=2686329&use=l&cat=p&typeid=i","cat":314026},{"id":14904,"n":"Fromage frais nature Bio Bio village - 3.5% MG - 500g","p":1.75,"u":"3,50 €/KG","img":"https://fd5-photos.leclercdrive.fr/image.ashx?id=2839944&use=l&cat=p&typeid=i","cat":284409},{"id":14911,"n":"Bloc WC cuvette Harpic  Eau Bleue - x2","p":1.48,"u":"19,47 €/KG","img":"https://fd5-photos.leclercdrive.fr/image.ashx?id=2264743&use=l&cat=p&typeid=i","cat":284662},{"id":14917,"n":"CILLIT BANG Gel WC Surpuissant  Désinfectant Javel - 750ml","p":2.91,"u":"3,88 €/L","img":"https://fd5-photos.leclercdrive.fr/image.ashx?id=2902322&use=l&cat=p&typeid=i","cat":284662},{"id":14918,"n":"Dessert fruitier framboise Douceur du Verger s/sucre 4x97g","p":1.49,"u":"3,84 €/KG","img":"https://fd5-photos.leclercdrive.fr/image.ashx?id=3009785&use=l&cat=p&typeid=i","cat":284416},{"id":14919,"n":"Compote Douceur du Verger Pomme Abricot - 4x97g","p":1.23,"u":"3,17 €/KG","img":"https://fd5-photos.leclercdrive.fr/image.ashx?id=2983793&use=l&cat=p&typeid=i","cat":284416},{"id":14923,"n":"Brocolis fleurettes Bio Village Bio - 600g","p":2.21,"u":"3,68 €/KG","img":"https://fd5-photos.leclercdrive.fr/image.ashx?id=2891788&use=l&cat=p&typeid=i","cat":319805},{"id":14924,"n":"Lasagnes chèvre épinards Côté Table - 500g","p":2.95,"u":"5,90 €/KG","img":"https://fd5-photos.leclercdrive.fr/image.ashx?id=2647874&use=l&cat=p&typeid=i","cat":284254},{"id":14927,"n":"Fromage Emmental IGP NRT Grand cru Label Rouge - 250g","p":3.69,"u":"14,76 €/KG","img":"https://fd5-photos.leclercdrive.fr/image.ashx?id=2356388&use=l&cat=p&typeid=i","cat":314034},{"id":14931,"n":"Rhum blanc Old Nick 40%vol - 1L","p":14.35,"u":"14,35 €/L","img":"https://fd5-photos.leclercdrive.fr/image.ashx?id=2483750&use=l&cat=p&typeid=i","cat":284550},{"id":14932,"n":"Rhum blanc Saint James 40% vol - 70cl","p":11.3,"u":"16,14 €/L","img":"https://fd5-photos.leclercdrive.fr/image.ashx?id=2970948&use=l&cat=p&typeid=i","cat":284550},{"id":14934,"n":"Gin Gibson 37.5%vol - 70cl","p":10.98,"u":"15,69 €/L","img":"https://fd5-photos.leclercdrive.fr/image.ashx?id=2755396&use=l&cat=p&typeid=i","cat":284550},{"id":14935,"n":"Vin de Madère Cruz 17° - 75cl","p":8.41,"u":"11,21 €/L","img":"https://fd5-photos.leclercdrive.fr/image.ashx?id=2304105&use=l&cat=p&typeid=i","cat":284913},{"id":14974,"n":"Cognac v.s. Duc de Borzac 40%vol. - 70cl","p":18.98,"u":"27,11 €/L","img":"https://fd5-photos.leclercdrive.fr/image.ashx?id=2397138&use=l&cat=p&typeid=i","cat":286032},{"id":14976,"n":"Vodka Novotna  Pure grain 37.5%vol - 1,5L","p":22.07,"u":"14,71 €/L","img":"https://fd5-photos.leclercdrive.fr/image.ashx?id=784852&use=l&cat=p&typeid=i","cat":284550},{"id":14978,"n":"Liqueur de whisky Baird's Irish cream 17%vol. - 70cl","p":6.69,"u":"9,56 €/L","img":"https://fd5-photos.leclercdrive.fr/image.ashx?id=1654895&use=l&cat=p&typeid=i","cat":286032},{"id":14979,"n":"Crème de cassis de dijon NRT 20%vol. - 70cl","p":9.99,"u":"14,27 €/L","img":"https://fd5-photos.leclercdrive.fr/image.ashx?id=2762632&use=l&cat=p&typeid=i","cat":286032},{"id":14980,"n":"Crème de framboise Auguste  Mugniot 15%vol. - 50cl","p":5.49,"u":"10,98 €/L","img":"https://fd5-photos.leclercdrive.fr/image.ashx?id=829186&use=l&cat=p&typeid=i","cat":286032},{"id":14982,"n":"Cocktail Punch coco Lagoa 15%vol - 70cl","p":4.99,"u":"7,13 €/L","img":"https://fd5-photos.leclercdrive.fr/image.ashx?id=2958311&use=l&cat=p&typeid=i","cat":284551},{"id":14983,"n":"Pastis de Marseille Vivalis 45%vol - 1,5L","p":25.35,"u":"16,90 €/L","img":"https://fd5-photos.leclercdrive.fr/image.ashx?id=2820418&use=l&cat=p&typeid=i","cat":284548},{"id":14984,"n":"Guignolet Auguste Mugniot Kirsch - 15%vol. - 1L","p":7.12,"u":"7,12 €/L","img":"https://fd5-photos.leclercdrive.fr/image.ashx?id=745118&use=l&cat=p&typeid=i","cat":286032},{"id":14985,"n":"Liqueur de gentiane Boliane 15%vol. 1L","p":4.42,"u":"4,42 €/L","img":"https://fd5-photos.leclercdrive.fr/image.ashx?id=2081669&use=l&cat=p&typeid=i","cat":284913},{"id":14987,"n":"Scotch Whisky Baird's 40%vol - 1,5L","p":22.93,"u":"15,29 €/L","img":"https://fd5-photos.leclercdrive.fr/image.ashx?id=2913660&use=l&cat=p&typeid=i","cat":284547},{"id":14989,"n":"Bière blonde Amsterdam  Navigator 8%vol. - 50cl","p":1.49,"u":"2,98 €/L","img":"https://fd5-photos.leclercdrive.fr/image.ashx?id=2191104&use=l&cat=p&typeid=i","cat":334853},{"id":14993,"n":"Bière blonde Leffe Rituel 9% - 6x25cl","p":5.63,"u":"3,75 €/L","img":"https://fd5-photos.leclercdrive.fr/image.ashx?id=2548285&use=l&cat=p&typeid=i","cat":334852},{"id":14996,"n":"Bière blonde Desquiles 5.9%vol. - 3x33cl","p":3.29,"u":"3,32 €/L","img":"https://fd5-photos.leclercdrive.fr/image.ashx?id=2637874&use=l&cat=p&typeid=i","cat":334878},{"id":14997,"n":"Bière blonde du Nord NRT - 7° - 6x25cl","p":3.72,"u":"2,48 €/L","img":"https://fd5-photos.leclercdrive.fr/image.ashx?id=2663815&use=l&cat=p&typeid=i","cat":334852},{"id":15007,"n":"Protège-slips Doulys Ultra-mince Normal Plié - x30","p":1.19,"u":"0,04 €/P","img":"https://fd5-photos.leclercdrive.fr/image.ashx?id=2816109&use=l&cat=p&typeid=i","cat":284625},{"id":15010,"n":"Serviette incontinence Chorys Extra - x10","p":1.99,"u":"0,20 €/P","img":"https://fd5-photos.leclercdrive.fr/image.ashx?id=2393851&use=l&cat=p&typeid=i","cat":284628},{"id":15011,"n":"Vin pétillant de l'UE arômatisé Pêche  - 75 cl","p":2.85,"u":"3,80 €/L","img":"https://fd5-photos.leclercdrive.fr/image.ashx?id=2720160&use=l&cat=p&typeid=i","cat":284544},{"id":15013,"n":"Vin pétillant de l'UE  arômatisé Framboise - 75 cl","p":2.86,"u":"3,81 €/L","img":"https://fd5-photos.leclercdrive.fr/image.ashx?id=1931445&use=l&cat=p&typeid=i","cat":284544},{"id":15014,"n":"Pétillant Festalie sans alcool Pêche - 75cl","p":2.85,"u":"3,80 €/L","img":"https://fd5-photos.leclercdrive.fr/image.ashx?id=2017256&use=l&cat=p&typeid=i","cat":289460},{"id":15015,"n":"Pétillant Festalie sans alcool Raisin - 75cl","p":2.94,"u":"3,92 €/L","img":"https://fd5-photos.leclercdrive.fr/image.ashx?id=1210833&use=l&cat=p&typeid=i","cat":289460},{"id":15016,"n":"AOP Crémant d'Alsace Wolfberger Brut - 75cl","p":7.32,"u":"9,76 €/L","img":"https://fd5-photos.leclercdrive.fr/image.ashx?id=2323502&use=l&cat=p&typeid=i","cat":284544},{"id":15022,"n":"Jus de pamplemousse rose Bio Bio Village - 1L","p":3.82,"u":"3,82 €/L","img":"https://fd5-photos.leclercdrive.fr/image.ashx?id=2901524&use=l&cat=p&typeid=i","cat":284914},{"id":15023,"n":"Crème adhésive Dentamyl 50g","p":2.08,"u":"41,60 €/KG","img":"https://fd5-photos.leclercdrive.fr/image.ashx?id=2643372&use=l&cat=p&typeid=i","cat":285158},{"id":15025,"n":"Nectar Jafaden Pomme kiwi - 1L","p":2.35,"u":"2,35 €/L","img":"https://fd5-photos.leclercdrive.fr/image.ashx?id=2895771&use=l&cat=p&typeid=i","cat":284915},{"id":15034,"n":"Déodorant bille Bio Naïa 50ml","p":1.35,"u":"27,00 €/L","img":"https://fd5-photos.leclercdrive.fr/image.ashx?id=2481210&use=l&cat=p&typeid=i","cat":284595},{"id":15036,"n":"Huile sèche corps bio Bio Naïa Spray - 100ml","p":4.59,"u":"45,90 €/L","img":"https://fd5-photos.leclercdrive.fr/image.ashx?id=2610196&use=l&cat=p&typeid=i","cat":325349},{"id":15039,"n":"Crème visage bio Bio Naïa Hydratante 50ml","p":1.99,"u":"39,80 €/L","img":"https://fd5-photos.leclercdrive.fr/image.ashx?id=2436651&use=l&cat=p&typeid=i","cat":325345},{"id":15053,"n":"Déodorant Manava Grenade - 200ml","p":1.39,"u":"6,95 €/L","img":"https://fd5-photos.leclercdrive.fr/image.ashx?id=2699276&use=l&cat=p&typeid=i","cat":284595},{"id":15058,"n":"Biscuits tablettes Bio Village Bio Chocolat au lait 150g","p":2.38,"u":"15,87 €/KG","img":"https://fd5-photos.leclercdrive.fr/image.ashx?id=2650819&use=l&cat=p&typeid=i","cat":284488},{"id":15059,"n":"Gaufrettes P'tit Déli Praliné chocolat au lait - 175g","p":1.85,"u":"10,57 €/KG","img":"https://fd5-photos.leclercdrive.fr/image.ashx?id=2817157&use=l&cat=p&typeid=i","cat":284488},{"id":15060,"n":"Biscuits tablettes Bio Village Bio Chocolat noir 150g","p":2.39,"u":"15,93 €/KG","img":"https://fd5-photos.leclercdrive.fr/image.ashx?id=2708943&use=l&cat=p&typeid=i","cat":284488},{"id":15066,"n":"Savon douceur Manava Bouquet fleurs blanches 4x100g","p":1.45,"u":"3,63 €/KG","img":"https://fd5-photos.leclercdrive.fr/image.ashx?id=2358342&use=l&cat=p&typeid=i","cat":284597},{"id":15076,"n":"Recharges plaquettes Insectivor Anti-moustiques - x30","p":3.24,"u":"0,11 €/P","img":"https://fd5-photos.leclercdrive.fr/image.ashx?id=2741604&use=l&cat=p&typeid=i","cat":298368},{"id":15095,"n":"Boisson végétale Noisette Bio  Bjorg- 1L","p":2.4,"u":"2,40 €/L","img":"https://fd5-photos.leclercdrive.fr/image.ashx?id=2972970&use=l&cat=p&typeid=i","cat":316067},{"id":15108,"n":"Salade Mexicaine Petit Navire 220g","p":2.12,"u":"9,64 €/KG","img":"https://fd5-photos.leclercdrive.fr/image.ashx?id=2829652&use=l&cat=p&typeid=i","cat":284437},{"id":15125,"n":"Marrons glacés Equador 10 marrons entiers - 200g","p":8.19,"u":"40,95 €/KG","img":"https://fd5-photos.leclercdrive.fr/image.ashx?id=2228004&use=l&cat=p&typeid=i","cat":327603},{"id":15130,"n":"Gâteaux fourrés P'tit Déli Abricot x7 - 196g","p":2.69,"u":"13,72 €/KG","img":"https://fd5-photos.leclercdrive.fr/image.ashx?id=2046047&use=l&cat=p&typeid=i","cat":284495},{"id":15131,"n":"Nectar multifruits Jafaden 2L","p":2.49,"u":"1,25 €/L","img":"https://fd5-photos.leclercdrive.fr/image.ashx?id=2956032&use=l&cat=p&typeid=i","cat":284917},{"id":15139,"n":"Boisson instantanée cacao Eco+ Granules - 800g","p":3.12,"u":"3,90 €/KG","img":"https://fd5-photos.leclercdrive.fr/image.ashx?id=2843093&use=l&cat=p&typeid=i","cat":293235},{"id":15140,"n":"Biscuits Croustine P'tit Déli Meringue noisette 100g","p":2.29,"u":"22,90 €/KG","img":"https://fd5-photos.leclercdrive.fr/image.ashx?id=2545574&use=l&cat=p&typeid=i","cat":284487},{"id":15145,"n":"Champignons Tables du Monde Noirs déshydratés 25g","p":2.49,"u":"99,60 €/KG","img":"https://fd5-photos.leclercdrive.fr/image.ashx?id=2920166&use=l&cat=p&typeid=i","cat":288992},{"id":15149,"n":"Petit Beurre P'tit Déli Pépites chocolat x24 200g","p":1.87,"u":"9,35 €/KG","img":"https://fd5-photos.leclercdrive.fr/image.ashx?id=2694100&use=l&cat=p&typeid=i","cat":284487},{"id":15152,"n":"Biscuits P'tit Déli Fleur de caramel 100g","p":2.25,"u":"22,50 €/KG","img":"https://fd5-photos.leclercdrive.fr/image.ashx?id=2935220&use=l&cat=p&typeid=i","cat":284490},{"id":15159,"n":"Fécule de maïs Tablier Blanc 400g","p":1.19,"u":"2,98 €/KG","img":"https://fd5-photos.leclercdrive.fr/image.ashx?id=2853690&use=l&cat=p&typeid=i","cat":288382},{"id":15162,"n":"Rillettes pur porc Côté Table 3x78g","p":2.75,"u":"11,75 €/KG","img":"https://fd5-photos.leclercdrive.fr/image.ashx?id=2518514&use=l&cat=p&typeid=i","cat":305149},{"id":15163,"n":"Sablés fourrés P'tit Déli Noisette 125g","p":1.92,"u":"15,36 €/KG","img":"https://fd5-photos.leclercdrive.fr/image.ashx?id=2791266&use=l&cat=p&typeid=i","cat":284487},{"id":15181,"n":"Boisson aux fruits Oasis Saveur Fraise Framboise - 2L","p":2.24,"u":"1,12 €/L","img":"https://fd5-photos.leclercdrive.fr/image.ashx?id=2677819&use=l&cat=p&typeid=i","cat":295018},{"id":15182,"n":"Filets de maquereaux Saupiquet Tomate basilic - 169g","p":1.91,"u":"11,30 €/KG","img":"https://fd5-photos.leclercdrive.fr/image.ashx?id=2829964&use=l&cat=p&typeid=i","cat":303868},{"id":15183,"n":"Filets de maquereaux Saupiquet Escabèche - 169g","p":1.79,"u":"10,59 €/KG","img":"https://fd5-photos.leclercdrive.fr/image.ashx?id=2829970&use=l&cat=p&typeid=i","cat":303868},{"id":15256,"n":"Barre chocolat au lait Lion x6 barres - 252g","p":2.29,"u":"9,09 €/KG","img":"https://fd5-photos.leclercdrive.fr/image.ashx?id=2736991&use=l&cat=p&typeid=i","cat":284498},{"id":15288,"n":"Mouchoirs blancs 4 plis Caresse Mini étuis x15","p":1.16,"u":"0,08 €/P","img":"https://fd5-photos.leclercdrive.fr/image.ashx?id=2824262&use=l&cat=p&typeid=i","cat":284638},{"id":15305,"n":"Eau minérale Saint Antonin 6x1L","p":2.56,"u":"0,43 €/L","img":"https://fd5-photos.leclercdrive.fr/image.ashx?id=2653891&use=l&cat=p&typeid=i","cat":284535},{"id":15342,"n":"Chocolat Eco+ Noir - 5x100g","p":3.78,"u":"7,56 €/KG","img":"https://fd5-photos.leclercdrive.fr/image.ashx?id=2775460&use=l&cat=p&typeid=i","cat":284956},{"id":15431,"n":"Cappuccino nature  x10 stick - 140g","p":2.52,"u":"18,00 €/KG","img":"https://fd5-photos.leclercdrive.fr/image.ashx?id=2458055&use=l&cat=p&typeid=i","cat":284843},{"id":15432,"n":"Hachés poulet gratin Maître Coq 180g","p":2.59,"u":"14,39 €/KG","img":"https://fd5-photos.leclercdrive.fr/image.ashx?id=1884313&use=l&cat=p&typeid=i","cat":333684},{"id":15433,"n":"Hachés de poulet rotis  Maître Coq - 180g","p":2.59,"u":"14,39 €/KG","img":"https://fd5-photos.leclercdrive.fr/image.ashx?id=1884310&use=l&cat=p&typeid=i","cat":316010},{"id":15435,"n":"Gésier canard confit Maître Coq 300g","p":5.92,"u":"19,73 €/KG","img":"https://fd5-photos.leclercdrive.fr/image.ashx?id=2996641&use=l&cat=p&typeid=i","cat":284715},{"id":15451,"n":"Escalope de dinde Maître Coq Fine x2 - 240g","p":4.22,"u":"17,58 €/KG","img":"https://fd5-photos.leclercdrive.fr/image.ashx?id=2770088&use=l&cat=p&typeid=i","cat":284337},{"id":15452,"n":"Escalope dinde Maître Coq 600g","p":8.41,"u":"14,02 €/KG","img":"https://fd5-photos.leclercdrive.fr/image.ashx?id=2773421&use=l&cat=p&typeid=i","cat":284337},{"id":15476,"n":"Eau nettoyante Mots d'Enfants Hydratante - 250ml","p":1.93,"u":"7,72 €/L","img":"https://fd5-photos.leclercdrive.fr/image.ashx?id=3015048&use=l&cat=p&typeid=i","cat":284741},{"id":15492,"n":"AOC Muscadet blanc Botinière - 75 Cl","p":6.22,"u":"8,29 €/L","img":"https://fd5-photos.leclercdrive.fr/image.ashx?id=2476275&use=l&cat=p&typeid=i","cat":289557},{"id":15499,"n":"Ruban adhésif Crystal Scotch Dévidoir 25mx19mm x1","p":2.22,"img":"https://fd5-photos.leclercdrive.fr/image.ashx?id=2753587&use=l&cat=p&typeid=i","cat":334133},{"id":15500,"n":"Ruban adhésif Magic Scotch Dévidoir 25mx19mm x1","p":2.66,"img":"https://fd5-photos.leclercdrive.fr/image.ashx?id=2753590&use=l&cat=p&typeid=i","cat":334133},{"id":15513,"n":"Gâteau cacao Oreo Lu Rouleaux Vanille - 154g","p":1.03,"u":"6,69 €/KG","img":"https://fd5-photos.leclercdrive.fr/image.ashx?id=3002282&use=l&cat=p&typeid=i","cat":284488},{"id":15525,"n":"Mini gâches briochettes NRT Chocolat noir x8 - 360g","p":2.79,"u":"7,75 €/KG","img":"https://fd5-photos.leclercdrive.fr/image.ashx?id=2670440&use=l&cat=p&typeid=i","cat":284478},{"id":15542,"n":"Prépartion mirabelles NRT De Lorraine  - 315g","p":2.64,"u":"8,38 €/KG","img":"https://fd5-photos.leclercdrive.fr/image.ashx?id=2699795&use=l&cat=p&typeid=i","cat":284480},{"id":15544,"n":"Crackers Tokapi  Fromage et graines - 65g","p":1.34,"u":"20,62 €/KG","img":"https://fd5-photos.leclercdrive.fr/image.ashx?id=2075247&use=l&cat=p&typeid=i","cat":297000},{"id":15564,"n":"Chips paysannes Pom'lisse Nature - 150g","p":0.99,"u":"6,60 €/KG","img":"https://fd5-photos.leclercdrive.fr/image.ashx?id=2927854&use=l&cat=p&typeid=i","cat":284447},{"id":15592,"n":"Fromage enfant Ficello Nature à effilocher x8 - 168g","p":3.72,"u":"22,14 €/KG","img":"https://fd5-photos.leclercdrive.fr/image.ashx?id=2375376&use=l&cat=p&typeid=i","cat":314030},{"id":15594,"n":"Mozzarella tris Galbani 3x125g","p":3.31,"u":"8,83 €/KG","img":"https://fd5-photos.leclercdrive.fr/image.ashx?id=2838425&use=l&cat=p&typeid=i","cat":314026},{"id":15615,"n":"Multifruits Jafaden 100% Pur jus - 1,5L","p":1.99,"u":"1,33 €/L","img":"https://fd5-photos.leclercdrive.fr/image.ashx?id=2966650&use=l&cat=p&typeid=i","cat":284917},{"id":15626,"n":"Salade maxi Florette Laitue iceberg - 450g","p":2.74,"u":"6,09 €/KG","img":"https://fd5-photos.leclercdrive.fr/image.ashx?id=2090039&use=l&cat=p&typeid=i","cat":284353},{"id":15629,"n":"Salade maxi Florette Mâche - 200g","p":2.48,"u":"12,40 €/KG","img":"https://fd5-photos.leclercdrive.fr/image.ashx?id=2228849&use=l&cat=p&typeid=i","cat":284353},{"id":15637,"n":"Ciboulette Florette 11g","p":1.91,"u":"173,64 €/KG","img":"https://fd5-photos.leclercdrive.fr/image.ashx?id=2633017&use=l&cat=p&typeid=i","cat":293607},{"id":15638,"n":"Basilic Florette 11g","p":1.94,"u":"176,36 €/KG","img":"https://fd5-photos.leclercdrive.fr/image.ashx?id=2633014&use=l&cat=p&typeid=i","cat":293607},{"id":15641,"n":"Menthe Florette 11g","p":1.79,"u":"162,73 €/KG","img":"https://fd5-photos.leclercdrive.fr/image.ashx?id=2633023&use=l&cat=p&typeid=i","cat":293607},{"id":15642,"n":"Coriandre Florette 11g","p":1.93,"u":"175,45 €/KG","img":"https://fd5-photos.leclercdrive.fr/image.ashx?id=2633020&use=l&cat=p&typeid=i","cat":293607},{"id":15643,"n":"Plateau crudités Florette 600g","p":6.93,"u":"11,55 €/KG","img":"https://fd5-photos.leclercdrive.fr/image.ashx?id=2962773&use=l&cat=p&typeid=i","cat":284352},{"id":15646,"n":"Saumon Atlantique Connétable 112g","p":4.86,"u":"43,39 €/KG","img":"https://fd5-photos.leclercdrive.fr/image.ashx?id=2960162&use=l&cat=p&typeid=i","cat":305147},{"id":15647,"n":"Soupe Paysanne Légumes Knorr Déshydratée - Au lard - 97g","p":1.56,"u":"16,08 €/KG","img":"https://fd5-photos.leclercdrive.fr/image.ashx?id=2768870&use=l&cat=p&typeid=i","cat":284463},{"id":15665,"n":"Savon mains en gel Palmolive Aquarium - 300ml","p":1.34,"u":"4,47 €/L","img":"https://fd5-photos.leclercdrive.fr/image.ashx?id=3009194&use=l&cat=p&typeid=i","cat":284597},{"id":15741,"n":"Tampons Doulys Compact Super - x20","p":2.35,"u":"0,12 €/P","img":"https://fd5-photos.leclercdrive.fr/image.ashx?id=2965470&use=l&cat=p&typeid=i","cat":284626},{"id":15746,"n":"Soupe Liquide Liebig  Bisque de Homard - 300g","p":2.4,"u":"8,00 €/KG","img":"https://fd5-photos.leclercdrive.fr/image.ashx?id=2651390&use=l&cat=p&typeid=i","cat":287366},{"id":15801,"n":"IGP Pays d'Oc rosé Cinsault Syrah Ormes de Cambras 12% 75cl","p":2.5,"u":"3,33 €/L","img":"https://fd5-photos.leclercdrive.fr/image.ashx?id=2105158&use=l&cat=p&typeid=i","cat":289558},{"id":15805,"n":"Boisson énergisante Red Bull sans sucres, 4x250ml","p":3.96,"u":"3,96 €/L","img":"https://fd5-photos.leclercdrive.fr/image.ashx?id=3009371&use=l&cat=p&typeid=i","cat":284533},{"id":15806,"n":"Boisson énergisante Red Bull Sans Sucres , 250ml","p":1.09,"u":"4,36 €/L","img":"https://fd5-photos.leclercdrive.fr/image.ashx?id=2551618&use=l&cat=p&typeid=i","cat":284533},{"id":15807,"n":"Boisson aux fruits Oasis Goût Pomme Cassis Framboise 2L","p":2.33,"u":"1,17 €/L","img":"https://fd5-photos.leclercdrive.fr/image.ashx?id=3014452&use=l&cat=p&typeid=i","cat":295018},{"id":15808,"n":"AOC Côtes du Rhône rosé Prestige Cellier Dauphins 75cl","p":3.1,"u":"4,13 €/L","img":"https://fd5-photos.leclercdrive.fr/image.ashx?id=2829988&use=l&cat=p&typeid=i","cat":289558},{"id":15841,"n":"Coloration Casting crème gloss Marron glacé n°415","p":8.89,"img":"https://fd5-photos.leclercdrive.fr/image.ashx?id=1630170&use=l&cat=p&typeid=i","cat":288899},{"id":15875,"n":"Eau de Cologne Bien Etre Naturelle - 250ml","p":4.48,"u":"17,92 €/L","img":"https://fd5-photos.leclercdrive.fr/image.ashx?id=2353665&use=l&cat=p&typeid=i","cat":291525},{"id":15891,"n":"Crème Nourrissante Nivea Visage Corps Mains - 200ml","p":3.41,"u":"17,05 €/L","img":"https://fd5-photos.leclercdrive.fr/image.ashx?id=2625202&use=l&cat=p&typeid=i","cat":325350},{"id":15895,"n":"Soin cheveux nutrition Garnier Cheveu bouclé à frisé - 200ml","p":2.63,"u":"13,15 €/L","img":"https://fd5-photos.leclercdrive.fr/image.ashx?id=2985354&use=l&cat=p&typeid=i","cat":284608},{"id":15897,"n":"Soin nuit L'Oréal Age Perfect Collagen boost - 50ml","p":10.69,"u":"213,80 €/L","img":"https://fd5-photos.leclercdrive.fr/image.ashx?id=2867353&use=l&cat=p&typeid=i","cat":325345},{"id":15908,"n":"Shampooing Pétrol Hahn original Cheveux normaux 250ml","p":2.53,"u":"10,12 €/L","img":"https://fd5-photos.leclercdrive.fr/image.ashx?id=2480512&use=l&cat=p&typeid=i","cat":284621},{"id":15909,"n":"Shampooing Pétrol Hahn Anti-chûte 250ml","p":2.5,"u":"10,00 €/L","img":"https://fd5-photos.leclercdrive.fr/image.ashx?id=2450649&use=l&cat=p&typeid=i","cat":284606},{"id":15910,"n":"Lait de toilette Mixa Bébé  Très Doux - 400ml","p":3.67,"u":"9,18 €/L","img":"https://fd5-photos.leclercdrive.fr/image.ashx?id=2548672&use=l&cat=p&typeid=i","cat":284740},{"id":15912,"n":"Mousse à raser Williams Peau sensible 200ml","p":1.95,"u":"9,75 €/L","img":"https://fd5-photos.leclercdrive.fr/image.ashx?id=2785976&use=l&cat=p&typeid=i","cat":284617},{"id":15916,"n":"Baume après rasage Nivéa For Men Hydratant - 100ml","p":5.79,"u":"57,90 €/L","img":"https://fd5-photos.leclercdrive.fr/image.ashx?id=2981653&use=l&cat=p&typeid=i","cat":288147},{"id":15918,"n":"Soin L'Oréal Men Expert Hydratant anti-rides - 50ml","p":7.42,"u":"148,40 €/L","img":"https://fd5-photos.leclercdrive.fr/image.ashx?id=2353764&use=l&cat=p&typeid=i","cat":284622},{"id":15919,"n":"Soin hydratant L'Oréal Paris Men Expert Anti-fatigue - 50ml","p":6.83,"u":"136,60 €/L","img":"https://fd5-photos.leclercdrive.fr/image.ashx?id=2811278&use=l&cat=p&typeid=i","cat":284622},{"id":15937,"n":"Serviette Hygienique Vania  Maxi confort normal plus - x16","p":1.79,"u":"0,11 €/P","img":"https://fd5-photos.leclercdrive.fr/image.ashx?id=2908027&use=l&cat=p&typeid=i","cat":284624},{"id":15969,"n":"Gel nettoyant canalisations  Destop Javel Agrumes - 750ml","p":3.11,"u":"4,15 €/L","img":"https://fd5-photos.leclercdrive.fr/image.ashx?id=2885956&use=l&cat=p&typeid=i","cat":284908},{"id":16020,"n":"Gambas ASC Pêche Océan Géantes tigrées 8/12pièces 400g","p":10.8,"u":"27,00 €/KG","img":"https://fd5-photos.leclercdrive.fr/image.ashx?id=1469048&use=l&cat=p&typeid=i","cat":319787},{"id":16025,"n":"Yaourts Lait entier Bio Village Bio Fraise morceaux - 4x125g","p":1.5,"u":"3,00 €/KG","img":"https://fd5-photos.leclercdrive.fr/image.ashx?id=2841968&use=l&cat=p&typeid=i","cat":284410},{"id":16031,"n":"Epinards en branches Bio Bio Village - 600g","p":1.65,"u":"2,75 €/KG","img":"https://fd5-photos.leclercdrive.fr/image.ashx?id=2891803&use=l&cat=p&typeid=i","cat":319805},{"id":16034,"n":"Petits pois Bio Bio Village Très fins - 600g","p":2.39,"u":"3,98 €/KG","img":"https://fd5-photos.leclercdrive.fr/image.ashx?id=2996021&use=l&cat=p&typeid=i","cat":319805},{"id":16042,"n":"Bâtonnets Trium Café x4 - 280g","p":3.11,"u":"11,11 €/KG","img":"https://fd5-photos.leclercdrive.fr/image.ashx?id=2920767&use=l&cat=p&typeid=i","cat":284265},{"id":16043,"n":"Crevettes cuites Pêche Océan Décortiquées - MSC - 200g","p":3.49,"u":"17,45 €/KG","img":"https://fd5-photos.leclercdrive.fr/image.ashx?id=2478766&use=l&cat=p&typeid=i","cat":319787},{"id":16046,"n":"Fromage de chèvre Les Croisés Frais rond - 200g","p":1.89,"u":"9,45 €/KG","img":"https://fd5-photos.leclercdrive.fr/image.ashx?id=2983796&use=l&cat=p&typeid=i","cat":314031},{"id":16061,"n":"Sauce Tomates Barilla Basilic - 400g","p":1.57,"u":"3,93 €/KG","img":"https://fd5-photos.leclercdrive.fr/image.ashx?id=2832518&use=l&cat=p&typeid=i","cat":287599},{"id":16062,"n":"Sauce Pesto Genovese Barilla Au basilic frais - 190g","p":1.81,"u":"9,53 €/KG","img":"https://fd5-photos.leclercdrive.fr/image.ashx?id=2737585&use=l&cat=p&typeid=i","cat":287599},{"id":16063,"n":"Sauce Pesto Barilla Rosso - 200g","p":1.81,"u":"9,05 €/KG","img":"https://fd5-photos.leclercdrive.fr/image.ashx?id=2308348&use=l&cat=p&typeid=i","cat":287599},{"id":16065,"n":"Bouillon de boeuf Maggi 8 tablettes 80g","p":1.32,"u":"16,50 €/KG","img":"https://fd5-photos.leclercdrive.fr/image.ashx?id=2729932&use=l&cat=p&typeid=i","cat":288379},{"id":16066,"n":"Bouillon pot-au-feu Maggi 8 tablettes 80g","p":0.85,"u":"10,63 €/KG","img":"https://fd5-photos.leclercdrive.fr/image.ashx?id=1551233&use=l&cat=p&typeid=i","cat":288379},{"id":16074,"n":"Sauce Italienne à la viande Zapetti - 2x190g","p":2.5,"u":"6,58 €/KG","img":"https://fd5-photos.leclercdrive.fr/image.ashx?id=2579969&use=l&cat=p&typeid=i","cat":288384},{"id":16075,"n":"Sauce tomate cuisinée Zapetti - 2x190g","p":1.86,"u":"4,89 €/KG","img":"https://fd5-photos.leclercdrive.fr/image.ashx?id=2579972&use=l&cat=p&typeid=i","cat":288384},{"id":16076,"n":"Sauce Italienne Zapetti 3x95g","p":1.9,"u":"6,67 €/KG","img":"https://fd5-photos.leclercdrive.fr/image.ashx?id=2579978&use=l&cat=p&typeid=i","cat":288384},{"id":16077,"n":"Sauce tomate cuisinée Zapetti 3x95g","p":1.38,"u":"4,84 €/KG","img":"https://fd5-photos.leclercdrive.fr/image.ashx?id=2579981&use=l&cat=p&typeid=i","cat":288384},{"id":16090,"n":"Protège-slips Nana Normal - x34","p":1.76,"u":"0,05 €/P","img":"https://fd5-photos.leclercdrive.fr/image.ashx?id=2736856&use=l&cat=p&typeid=i","cat":284625},{"id":16095,"n":"Spray anti-moustique Marie Rose 8h - 100ml","p":5.93,"u":"59,30 €/L","img":"https://fd5-photos.leclercdrive.fr/image.ashx?id=2666749&use=l&cat=p&typeid=i","cat":299654},{"id":16142,"n":"Eau de source de Montagne 6x1L","p":1.56,"u":"0,26 €/L","img":"https://fd5-photos.leclercdrive.fr/image.ashx?id=2597621&use=l&cat=p&typeid=i","cat":284535},{"id":16153,"n":"Biscuits petit déj Bio Village Bio Chocolat / Noisettes - 200g","p":2.08,"u":"10,40 €/KG","img":"https://fd5-photos.leclercdrive.fr/image.ashx?id=2371560&use=l&cat=p&typeid=i","cat":284491},{"id":16154,"n":"Tartelettes Bio Village Framboises Bio - x9 - 125g","p":2.34,"u":"18,72 €/KG","img":"https://fd5-photos.leclercdrive.fr/image.ashx?id=2869525&use=l&cat=p&typeid=i","cat":284489},{"id":16159,"n":"Brume d'eau pure Inell 400ml","p":1.65,"u":"4,13 €/L","img":"https://fd5-photos.leclercdrive.fr/image.ashx?id=806289&use=l&cat=p&typeid=i","cat":290295},{"id":16171,"n":"Riz Thaï Bio Village Bio - 500g","p":2.45,"u":"4,90 €/KG","img":"https://fd5-photos.leclercdrive.fr/image.ashx?id=2441510&use=l&cat=p&typeid=i","cat":284428},{"id":16172,"n":"Mini Barres chocolatées Lion x18 barres - 350g","p":3.67,"u":"10,49 €/KG","img":"https://fd5-photos.leclercdrive.fr/image.ashx?id=2925553&use=l&cat=p&typeid=i","cat":284498},{"id":16206,"n":"Pop corn Menguy's Goût sucré 3x90g","p":1.76,"u":"6,52 €/KG","img":"https://fd5-photos.leclercdrive.fr/image.ashx?id=2966020&use=l&cat=p&typeid=i","cat":304249},{"id":16229,"n":"Liqueur Guignolet A. Mugniot 15%vol. - 1L","p":6.44,"u":"6,44 €/L","img":"https://fd5-photos.leclercdrive.fr/image.ashx?id=2641259&use=l&cat=p&typeid=i","cat":286032},{"id":16231,"n":"Porto Tawny Dorrao 20%vol - 75cl","p":11.65,"u":"15,53 €/L","img":"https://fd5-photos.leclercdrive.fr/image.ashx?id=2869856&use=l&cat=p&typeid=i","cat":284913},{"id":16254,"n":"Câpres surfines Rustica Au vinaigre - 60g","p":1.23,"u":"20,50 €/KG","img":"https://fd5-photos.leclercdrive.fr/image.ashx?id=2916686&use=l&cat=p&typeid=i","cat":284458},{"id":16271,"n":"Maïs Géant Vert extra croquant sans résidu pesticides - 285g","p":1.07,"u":"3,75 €/KG","img":"https://fd5-photos.leclercdrive.fr/image.ashx?id=2754267&use=l&cat=p&typeid=i","cat":312611},{"id":16272,"n":"Maïs Géant Vert extra tendre sans résidu pesticides - 285g","p":1.05,"u":"3,68 €/KG","img":"https://fd5-photos.leclercdrive.fr/image.ashx?id=2462448&use=l&cat=p&typeid=i","cat":312611},{"id":16303,"n":"Petits oignons Rustica Vinaigre doux - 190g","p":0.79,"u":"4,16 €/KG","img":"https://fd5-photos.leclercdrive.fr/image.ashx?id=2916683&use=l&cat=p&typeid=i","cat":284458},{"id":16322,"n":"AOP Pouilly Fumé blanc Les Chamilles - 75 Cl","p":12.95,"u":"17,27 €/L","img":"https://fd5-photos.leclercdrive.fr/image.ashx?id=2641479&use=l&cat=p&typeid=i","cat":289557},{"id":16429,"n":"Oeufs frais plein air Bio Bio village - x10","p":3.41,"u":"0,34 €/P","img":"https://fd5-photos.leclercdrive.fr/image.ashx?id=1520954&use=l&cat=p&typeid=i","cat":284378},{"id":16430,"n":"Lait de coco bio Jardin Bio Bio - 400ml","p":2.28,"u":"5,70 €/L","img":"https://fd5-photos.leclercdrive.fr/image.ashx?id=2790132&use=l&cat=p&typeid=i","cat":288992},{"id":16431,"n":"Raviolis bio boeuf Jardin Bio 72cl","p":4.19,"u":"5,82 €/L","img":"https://fd5-photos.leclercdrive.fr/image.ashx?id=2972469&use=l&cat=p&typeid=i","cat":284442},{"id":16432,"n":"Pâte brisée Bio  Bio village - 230g","p":1.99,"u":"8,65 €/KG","img":"https://fd5-photos.leclercdrive.fr/image.ashx?id=2274177&use=l&cat=p&typeid=i","cat":333681},{"id":16433,"n":"Pâte feuilletée Bio Bio village - 230g","p":1.65,"u":"7,17 €/KG","img":"https://fd5-photos.leclercdrive.fr/image.ashx?id=2969006&use=l&cat=p&typeid=i","cat":333681},{"id":16434,"n":"Raviolis aux 3 fromages Bio Bio village - 250g","p":2.9,"u":"11,60 €/KG","img":"https://fd5-photos.leclercdrive.fr/image.ashx?id=2843608&use=l&cat=p&typeid=i","cat":333682},{"id":16435,"n":"Tagliatelles fraîches Bio Bio village - 250g","p":1.39,"u":"5,56 €/KG","img":"https://fd5-photos.leclercdrive.fr/image.ashx?id=2875735&use=l&cat=p&typeid=i","cat":333682},{"id":16436,"n":"Pâtes torsades Bio Village Bio -  500g","p":0.85,"u":"1,70 €/KG","img":"https://fd5-photos.leclercdrive.fr/image.ashx?id=2625367&use=l&cat=p&typeid=i","cat":284427},{"id":16439,"n":"Riz Basmati Bio Village Bio - 500g","p":1.5,"u":"3,00 €/KG","img":"https://fd5-photos.leclercdrive.fr/image.ashx?id=795814&use=l&cat=p&typeid=i","cat":284428},{"id":16443,"n":"Chocolat Alter Eco noir menthe Max Havelaar Bio - 100g","p":2.53,"u":"25,30 €/KG","img":"https://fd5-photos.leclercdrive.fr/image.ashx?id=2906538&use=l&cat=p&typeid=i","cat":284956},{"id":16490,"n":"Yaourt nature 0% MG Bio Bio village - 4x125g","p":1.34,"u":"2,68 €/KG","img":"https://fd5-photos.leclercdrive.fr/image.ashx?id=2077427&use=l&cat=p&typeid=i","cat":315000},{"id":16491,"n":"Yaourts Lait brebis Bio Village Bio Vanille - 2x125g","p":1.89,"u":"7,56 €/KG","img":"https://fd5-photos.leclercdrive.fr/image.ashx?id=2646994&use=l&cat=p&typeid=i","cat":314998},{"id":16492,"n":"Légumes pour couscous bio Jardin Bio - 660g","p":2.84,"u":"3,94 €/L","img":"https://fd5-photos.leclercdrive.fr/image.ashx?id=2534887&use=l&cat=p&typeid=i","cat":312612},{"id":16493,"n":"Pâte à tartiner bio Jardin Bio Cacao noisettes - 350g","p":3.46,"u":"9,89 €/KG","img":"https://fd5-photos.leclercdrive.fr/image.ashx?id=2918844&use=l&cat=p&typeid=i","cat":284481},{"id":16520,"n":"Mayonnaise Eco+ Bocal - 470g","p":1.17,"u":"2,49 €/KG","img":"https://fd5-photos.leclercdrive.fr/image.ashx?id=2954322&use=l&cat=p&typeid=i","cat":298295},{"id":16521,"n":"Lait demi-écrémé Eco+ Brique UHT -  6x1L","p":5.52,"u":"0,92 €/L","img":"https://fd5-photos.leclercdrive.fr/image.ashx?id=2925955&use=l&cat=p&typeid=i","cat":284377},{"id":16524,"n":"Pâtes Eco+ Spaghetti - 1kg","p":1.02,"u":"1,02 €/KG","img":"https://fd5-photos.leclercdrive.fr/image.ashx?id=2757494&use=l&cat=p&typeid=i","cat":284427},{"id":16525,"n":"Purée de pommes de terre Eco+ Déshydratée 4x125g","p":1.39,"u":"2,78 €/KG","img":"https://fd5-photos.leclercdrive.fr/image.ashx?id=2961656&use=l&cat=p&typeid=i","cat":284431},{"id":16526,"n":"Assortiment biscuits salés Eco+ 350g","p":1.06,"u":"3,03 €/KG","img":"https://fd5-photos.leclercdrive.fr/image.ashx?id=2613255&use=l&cat=p&typeid=i","cat":297000},{"id":16527,"n":"Bouillon déshydraté Eco+ Volaille - 12x10g","p":0.67,"u":"5,58 €/KG","img":"https://fd5-photos.leclercdrive.fr/image.ashx?id=1735897&use=l&cat=p&typeid=i","cat":288379},{"id":16528,"n":"Bouillon déshydraté Eco+ Boeuf - 12x10g","p":0.69,"u":"5,75 €/KG","img":"https://fd5-photos.leclercdrive.fr/image.ashx?id=1735894&use=l&cat=p&typeid=i","cat":288379},{"id":16536,"n":"Sucre Eco+ En morceaux - 1kg","p":1.33,"u":"1,33 €/KG","img":"https://fd5-photos.leclercdrive.fr/image.ashx?id=2702274&use=l&cat=p&typeid=i","cat":284502},{"id":16539,"n":"Pain d'épices Eco+ 470g","p":1.23,"u":"2,62 €/KG","img":"https://fd5-photos.leclercdrive.fr/image.ashx?id=2932384&use=l&cat=p&typeid=i","cat":284493},{"id":16547,"n":"Barquette chiens Eco+ A la Volaille - 300g","p":0.52,"u":"1,73 €/KG","img":"https://fd5-photos.leclercdrive.fr/image.ashx?id=2052727&use=l&cat=p&typeid=i","cat":284673},{"id":16548,"n":"Barquette pour chats Eco+ Riche en volaille - 100g","p":0.24,"u":"2,40 €/KG","img":"https://fd5-photos.leclercdrive.fr/image.ashx?id=2992711&use=l&cat=p&typeid=i","cat":285286},{"id":16550,"n":"Limonade Eco+ 1,5L","p":0.38,"u":"0,25 €/L","img":"https://fd5-photos.leclercdrive.fr/image.ashx?id=2634842&use=l&cat=p&typeid=i","cat":284531},{"id":16552,"n":"Jus de pomme abc Eco+ 1L","p":0.85,"u":"0,85 €/L","img":"https://fd5-photos.leclercdrive.fr/image.ashx?id=2802269&use=l&cat=p&typeid=i","cat":284522},{"id":16553,"n":"Soda cola Eco+ 1,5L","p":0.49,"u":"0,33 €/L","img":"https://fd5-photos.leclercdrive.fr/image.ashx?id=2807270&use=l&cat=p&typeid=i","cat":284530},{"id":16554,"n":"Soda cola light 1,5l","p":0.4,"u":"0,27 €/L","img":"https://fd5-photos.leclercdrive.fr/image.ashx?id=2821792&use=l&cat=p&typeid=i","cat":284530},{"id":16555,"n":"Boisson aromatisée Eco+ Exotique 2L","p":1.01,"u":"0,51 €/L","img":"https://fd5-photos.leclercdrive.fr/image.ashx?id=2755049&use=l&cat=p&typeid=i","cat":295018},{"id":16558,"n":"Thé glacé pêche Eco  2L","p":1.3,"u":"0,65 €/L","img":"https://fd5-photos.leclercdrive.fr/image.ashx?id=2764955&use=l&cat=p&typeid=i","cat":295019},{"id":16569,"n":"Mini pâté en croute Eco+ 450g","p":1.97,"u":"4,38 €/KG","img":"https://fd5-photos.leclercdrive.fr/image.ashx?id=2919583&use=l&cat=p&typeid=i","cat":316003},{"id":16570,"n":"Saucisse sèche droite Eco+ 250g","p":1.78,"u":"7,12 €/KG","img":"https://fd5-photos.leclercdrive.fr/image.ashx?id=2114409&use=l&cat=p&typeid=i","cat":316006},{"id":16571,"n":"Tagliatelles fraiches Eco+ 500g","p":1.4,"u":"2,80 €/KG","img":"https://fd5-photos.leclercdrive.fr/image.ashx?id=2751850&use=l&cat=p&typeid=i","cat":333682},{"id":16577,"n":"Crème sous pression Eco+ Crème légère et sucrée - 250g","p":1.69,"u":"6,76 €/KG","img":"https://fd5-photos.leclercdrive.fr/image.ashx?id=2856242&use=l&cat=p&typeid=i","cat":284382},{"id":16582,"n":"Pommes frites Eco+ 2,5kg","p":2.81,"u":"1,12 €/KG","img":"https://fd5-photos.leclercdrive.fr/image.ashx?id=2660523&use=l&cat=p&typeid=i","cat":319791},{"id":16583,"n":"Pommes rissolées surgelées Eco+ 1kg","p":1.11,"u":"1,11 €/KG","img":"https://fd5-photos.leclercdrive.fr/image.ashx?id=2085934&use=l&cat=p&typeid=i","cat":319792},{"id":16701,"n":"Bouchées RAFFAELLO Noix de coco Amandes - 180g","p":4.97,"u":"27,61 €/KG","img":"https://fd5-photos.leclercdrive.fr/image.ashx?id=2937857&use=l&cat=p&typeid=i","cat":327595},{"id":16737,"n":"Viande hachée 15% MG Férial 500g","p":7.29,"u":"14,58 €/KG","img":"https://fd5-photos.leclercdrive.fr/image.ashx?id=2904013&use=l&cat=p&typeid=i","cat":284332},{"id":16741,"n":"Viande hachée 5% MG Férial 350g","p":5.71,"u":"16,31 €/KG","img":"https://fd5-photos.leclercdrive.fr/image.ashx?id=2904010&use=l&cat=p&typeid=i","cat":284332},{"id":16744,"n":"Steak haché Férial  5%mg - 250g","p":5.09,"u":"20,36 €/KG","img":"https://fd5-photos.leclercdrive.fr/image.ashx?id=2598719&use=l&cat=p&typeid=i","cat":284332},{"id":16747,"n":"Viande hachée 15% MG Férial 350g","p":5.59,"u":"15,97 €/KG","img":"https://fd5-photos.leclercdrive.fr/image.ashx?id=2904007&use=l&cat=p&typeid=i","cat":284332},{"id":16755,"n":"Blanquette de veau ** à mijoter 500g","p":12.17,"u":"24,34 €/KG","img":"https://fd5-photos.leclercdrive.fr/image.ashx?id=618998&use=l&cat=p&typeid=i","cat":284329},{"id":16766,"n":"Viande hachée 20% MG Férial 700g","p":9.45,"u":"13,50 €/KG","img":"https://fd5-photos.leclercdrive.fr/image.ashx?id=2904016&use=l&cat=p&typeid=i","cat":284332},{"id":16767,"n":"Steak haché Férial  5%mg - 400g","p":7.59,"u":"18,98 €/KG","img":"https://fd5-photos.leclercdrive.fr/image.ashx?id=2598722&use=l&cat=p&typeid=i","cat":284332},{"id":16782,"n":"Steak haché Férial 15%mg 250g","p":3.99,"u":"15,96 €/KG","img":"https://fd5-photos.leclercdrive.fr/image.ashx?id=2904001&use=l&cat=p&typeid=i","cat":284332},{"id":16783,"n":"AOP Saumur brut Les Caractères - 75cl","p":4.49,"u":"5,99 €/L","img":"https://fd5-photos.leclercdrive.fr/image.ashx?id=2895774&use=l&cat=p&typeid=i","cat":284544},{"id":16800,"n":"Eau minérale naturelle Contrex 6x1L","p":2.49,"u":"0,42 €/L","img":"https://fd5-photos.leclercdrive.fr/image.ashx?id=2731720&use=l&cat=p&typeid=i","cat":284535},{"id":16803,"n":"AOC Champagne Président Germain Brut - 75cl","p":26.64,"u":"35,52 €/L","img":"https://fd5-photos.leclercdrive.fr/image.ashx?id=1567645&use=l&cat=p&typeid=i","cat":284542},{"id":16805,"n":"Viande bovine Férial steak ** à griller - 280g","p":5.79,"u":"20,68 €/KG","img":"https://fd5-photos.leclercdrive.fr/image.ashx?id=2483557&use=l&cat=p&typeid=i","cat":284328},{"id":16823,"n":"Viande bovine Férial 1x  entrecôte*** - 180g","p":5.95,"u":"33,06 €/KG","img":"https://fd5-photos.leclercdrive.fr/image.ashx?id=2494250&use=l&cat=p&typeid=i","cat":284328},{"id":16824,"n":"Bavette Viande bovine Férial  Aloyau ***à griller x2 - 280g","p":8.05,"u":"28,75 €/KG","img":"https://fd5-photos.leclercdrive.fr/image.ashx?id=2483560&use=l&cat=p&typeid=i","cat":284328},{"id":16829,"n":"Fusilli Côté Snack Pâtes 4 fromages - 300g","p":1.89,"u":"6,30 €/KG","img":"https://fd5-photos.leclercdrive.fr/image.ashx?id=2748726&use=l&cat=p&typeid=i","cat":334983},{"id":16841,"n":"Génoises fourrées P'tit Déli Framboise cassis - 150g","p":1.06,"u":"7,07 €/KG","img":"https://fd5-photos.leclercdrive.fr/image.ashx?id=2473981&use=l&cat=p&typeid=i","cat":284489},{"id":16842,"n":"Spéculoos P'tit Déli 2x250g","p":1.47,"u":"2,94 €/KG","img":"https://fd5-photos.leclercdrive.fr/image.ashx?id=2046364&use=l&cat=p&typeid=i","cat":284487},{"id":16847,"n":"Chewing-gum Freedent white Menthe douce 70g","p":2.36,"u":"33,71 €/KG","img":"https://fd5-photos.leclercdrive.fr/image.ashx?id=2237289&use=l&cat=p&typeid=i","cat":304251},{"id":16848,"n":"Chewing gum Freedent white Menthe verte 70g","p":2.36,"u":"33,71 €/KG","img":"https://fd5-photos.leclercdrive.fr/image.ashx?id=2355899&use=l&cat=p&typeid=i","cat":304251},{"id":16849,"n":"Chewing-gum Freedent white Menthe forte 70g","p":2.36,"u":"33,71 €/KG","img":"https://fd5-photos.leclercdrive.fr/image.ashx?id=2237292&use=l&cat=p&typeid=i","cat":304251},{"id":16916,"n":"Croquette Tous Mes Amis Vitalité - viande de boeuf 10kg","p":12.99,"u":"1,30 €/KG","img":"https://fd5-photos.leclercdrive.fr/image.ashx?id=2078635&use=l&cat=p&typeid=i","cat":284672},{"id":16920,"n":"Coeurs d'artichaut Notre Jardin 240g","p":2.49,"u":"10,38 €/KG","img":"https://fd5-photos.leclercdrive.fr/image.ashx?id=2501994&use=l&cat=p&typeid=i","cat":312611},{"id":16928,"n":"Escargots Maitre Coquille Bourgogne très gros - 500g","p":17.99,"u":"35,98 €/KG","img":"https://fd5-photos.leclercdrive.fr/image.ashx?id=2978525&use=l&cat=p&typeid=i","cat":319775},{"id":16934,"n":"Viande bovine  Férial 1x  Faux filet *** à griller - 160g","p":4.51,"u":"28,19 €/KG","img":"https://fd5-photos.leclercdrive.fr/image.ashx?id=2591554&use=l&cat=p&typeid=i","cat":284328},{"id":16954,"n":"Lingots blancs 1kg","p":3.49,"u":"3,49 €/KG","img":"https://fd5-photos.leclercdrive.fr/image.ashx?id=2850506&use=l&cat=p&typeid=i","cat":289013},{"id":16964,"n":"Harissa Phare Cap Bon 410g","p":1.61,"u":"3,93 €/KG","img":"https://fd5-photos.leclercdrive.fr/image.ashx?id=2174516&use=l&cat=p&typeid=i","cat":298298},{"id":16965,"n":"Harissa Phare du Cap Bon Tube - 70g","p":0.49,"u":"7,00 €/KG","img":"https://fd5-photos.leclercdrive.fr/image.ashx?id=2660946&use=l&cat=p&typeid=i","cat":289013},{"id":16996,"n":"Liquide de rinçage Visior Lave-vaisselle - 750ml","p":0.89,"u":"1,19 €/L","img":"https://fd5-photos.leclercdrive.fr/image.ashx?id=2874377&use=l&cat=p&typeid=i","cat":284657},{"id":17004,"n":"Soja cuisine Bio Bjorg Offre spéciale - 2x25cl","p":2.23,"u":"4,46 €/L","img":"https://fd5-photos.leclercdrive.fr/image.ashx?id=2158956&use=l&cat=p&typeid=i","cat":316069},{"id":17014,"n":"Fromage apéritif Apéricube Sélection festive 48 cubes","p":4.17,"u":"16,68 €/KG","img":"https://fd5-photos.leclercdrive.fr/image.ashx?id=2882665&use=l&cat=p&typeid=i","cat":314027},{"id":17036,"n":"Mouchoirs blancs 3 plis Caresse Boîte mouchoirs papier x90","p":1.04,"u":"0,01 €/P","img":"https://fd5-photos.leclercdrive.fr/image.ashx?id=2777915&use=l&cat=p&typeid=i","cat":284638},{"id":17037,"n":"Rasoir Carré Homme 5 lames - x1","p":4.69,"img":"https://fd5-photos.leclercdrive.fr/image.ashx?id=2704657&use=l&cat=p&typeid=i","cat":284616},{"id":17104,"n":"Tuiles Tokapi  Nature - 170g","p":1.35,"u":"7,94 €/KG","img":"https://fd5-photos.leclercdrive.fr/image.ashx?id=2632849&use=l&cat=p&typeid=i","cat":287899},{"id":17105,"n":"Chips Tuiles Tokapi Crème oignon - 170g","p":1.35,"u":"7,94 €/KG","img":"https://fd5-photos.leclercdrive.fr/image.ashx?id=2643375&use=l&cat=p&typeid=i","cat":287899},{"id":17108,"n":"Brume d'eau pure Inell 150ml","p":1.25,"u":"8,33 €/L","img":"https://fd5-photos.leclercdrive.fr/image.ashx?id=2712980&use=l&cat=p&typeid=i","cat":290295},{"id":17112,"n":"Limonade Bio village Bio - 1L","p":0.96,"u":"0,96 €/L","img":"https://fd5-photos.leclercdrive.fr/image.ashx?id=2632900&use=l&cat=p&typeid=i","cat":284531},{"id":17113,"n":"Cidre bouché Bio village Bio 4% vol - 75cl","p":2.29,"u":"3,05 €/L","img":"https://fd5-photos.leclercdrive.fr/image.ashx?id=2907255&use=l&cat=p&typeid=i","cat":334880},{"id":17166,"n":"Poulet jaune Maître Coq Eleveur de nos régions 1,3kg","p":7.99,"u":"6,15 €/KG","img":"https://fd5-photos.leclercdrive.fr/image.ashx?id=2926356&use=l&cat=p&typeid=i","cat":284336},{"id":17189,"n":"Biscuit petit dej P'tit Déli Miel/pépites chocolat - 400g","p":2.15,"u":"5,38 €/KG","img":"https://fd5-photos.leclercdrive.fr/image.ashx?id=2999502&use=l&cat=p&typeid=i","cat":284491},{"id":17218,"n":"Tétines silicone Mots D'enfants + 6 mois bout rond x2","p":1.45,"u":"0,73 €/P","img":"https://fd5-photos.leclercdrive.fr/image.ashx?id=597566&use=l&cat=p&typeid=i","cat":284743},{"id":17220,"n":"Nettoyant spray Clair Anti-calcaire 750ml","p":0.94,"u":"1,25 €/L","img":"https://fd5-photos.leclercdrive.fr/image.ashx?id=2882316&use=l&cat=p&typeid=i","cat":325362},{"id":17223,"n":"Mouchoirs blancs 3 plis Caresse Boîte déco décor aléatoire x70","p":1.52,"u":"0,02 €/P","img":"https://fd5-photos.leclercdrive.fr/image.ashx?id=2812548&use=l&cat=p&typeid=i","cat":284638},{"id":17287,"n":"Pâtes Alpina Savoie Nouilles Savoisiennes - 500g","p":1.3,"u":"2,60 €/KG","img":"https://fd5-photos.leclercdrive.fr/image.ashx?id=2789850&use=l&cat=p&typeid=i","cat":284427},{"id":17290,"n":"Pâtes Alpina Avoine - 500g","p":1.33,"u":"2,66 €/KG","img":"https://fd5-photos.leclercdrive.fr/image.ashx?id=2789856&use=l&cat=p&typeid=i","cat":284427},{"id":17291,"n":"Semoule de maïs Alpina Moyenne - 1kg","p":2.31,"u":"2,31 €/KG","img":"https://fd5-photos.leclercdrive.fr/image.ashx?id=2020218&use=l&cat=p&typeid=i","cat":284431},{"id":17292,"n":"Polenta Alpina Semoule de maïs - 500g","p":1.24,"u":"2,48 €/KG","img":"https://fd5-photos.leclercdrive.fr/image.ashx?id=2834485&use=l&cat=p&typeid=i","cat":284431},{"id":17293,"n":"Génoise mix milk Balconi Pâtissier x10 280g","p":1.7,"u":"9,44 €/KG","img":"https://fd5-photos.leclercdrive.fr/image.ashx?id=2878411&use=l&cat=p&typeid=i","cat":284495},{"id":17294,"n":"Pâtes crozets nature Alpina 400g","p":2.36,"u":"5,90 €/KG","img":"https://fd5-photos.leclercdrive.fr/image.ashx?id=2795072&use=l&cat=p&typeid=i","cat":284427},{"id":17295,"n":"Pâtes crozets Alpina Savoie Au sarrasin - 400g","p":2.46,"u":"6,15 €/KG","img":"https://fd5-photos.leclercdrive.fr/image.ashx?id=2795075&use=l&cat=p&typeid=i","cat":284427},{"id":17297,"n":"Gâteau mix max Balconi Pâtissier 350g","p":2.3,"u":"6,57 €/KG","img":"https://fd5-photos.leclercdrive.fr/image.ashx?id=2878417&use=l&cat=p&typeid=i","cat":284495},{"id":17298,"n":"Mini roulés Rollkao Cacao x6 222g","p":1.56,"u":"7,03 €/KG","img":"https://fd5-photos.leclercdrive.fr/image.ashx?id=2924854&use=l&cat=p&typeid=i","cat":284495},{"id":17303,"n":"Gros sel de mer iodé Baleine 1kg","p":0.59,"u":"0,59 €/KG","img":"https://fd5-photos.leclercdrive.fr/image.ashx?id=2788526&use=l&cat=p&typeid=i","cat":284457},{"id":17306,"n":"Betterave entière Lunor x1 - 225g","p":0.87,"u":"3,87 €/KG","img":"https://fd5-photos.leclercdrive.fr/image.ashx?id=1876781&use=l&cat=p&typeid=i","cat":284352},{"id":17336,"n":"Brosses soie de porc Esquisse x3 -  n°8 n°10 et n°12","p":0.99,"img":"https://fd5-photos.leclercdrive.fr/image.ashx?id=2187260&use=l&cat=p&typeid=i","cat":334133},{"id":17338,"n":"Feutres de coloriage Esquisse Lavable - Pointe moyenne x24","p":2.3,"img":"https://fd5-photos.leclercdrive.fr/image.ashx?id=2727659&use=l&cat=p&typeid=i","cat":284696},{"id":17348,"n":"Lanières poivrons Notre Jardin 600g","p":2.15,"u":"3,58 €/KG","img":"https://fd5-photos.leclercdrive.fr/image.ashx?id=2996018&use=l&cat=p&typeid=i","cat":319805},{"id":17362,"n":"Moules ASC Pêche Océan Décortiquées - 500g","p":3.38,"u":"6,76 €/KG","img":"https://fd5-photos.leclercdrive.fr/image.ashx?id=2860070&use=l&cat=p&typeid=i","cat":319787},{"id":17389,"n":"Biscuits dorés extra P'tit Déli 2x150g","p":1.19,"u":"3,97 €/KG","img":"https://fd5-photos.leclercdrive.fr/image.ashx?id=2488359&use=l&cat=p&typeid=i","cat":284487},{"id":17390,"n":"Tampon à récurer Mamison x3","p":0.68,"u":"0,23 €/P","img":"https://fd5-photos.leclercdrive.fr/image.ashx?id=2216957&use=l&cat=p&typeid=i","cat":284667},{"id":17392,"n":"Mouchoirs blanc 4 plis Univert Etuis x15 - Ecolabel","p":1.95,"u":"0,13 €/P","img":"https://fd5-photos.leclercdrive.fr/image.ashx?id=2549951&use=l&cat=p&typeid=i","cat":284638},{"id":17409,"n":"Lotion capillaire Carré Homme Cheveux blancs et gris 400ml","p":1.99,"u":"4,98 €/L","img":"https://fd5-photos.leclercdrive.fr/image.ashx?id=1961961&use=l&cat=p&typeid=i","cat":284621},{"id":17410,"n":"Gel anticalcaire Texil 750ml","p":2.59,"u":"3,45 €/L","img":"https://fd5-photos.leclercdrive.fr/image.ashx?id=2958711&use=l&cat=p&typeid=i","cat":284653},{"id":17413,"n":"Sacs congélation zip Elembal Petit modèle x25","p":1.45,"u":"0,06 €/P","img":"https://fd5-photos.leclercdrive.fr/image.ashx?id=2751883&use=l&cat=p&typeid=i","cat":334134},{"id":17414,"n":"Activateur de lavage Textil Spécial blanc 10 tablettes","p":2.1,"u":"9,33 €/KG","img":"https://fd5-photos.leclercdrive.fr/image.ashx?id=2964565&use=l&cat=p&typeid=i","cat":284651},{"id":17417,"n":"AOC Rosé d'Anjou vin rosé Les Caractères - BIB 3L","p":12.49,"u":"4,16 €/L","img":"https://fd5-photos.leclercdrive.fr/image.ashx?id=2921405&use=l&cat=p&typeid=i","cat":289560},{"id":17422,"n":"IGP Pays d'Oc Syrah vin rouge Vieux Carion -75 cl","p":2.25,"u":"3,00 €/L","img":"https://fd5-photos.leclercdrive.fr/image.ashx?id=2747749&use=l&cat=p&typeid=i","cat":289556},{"id":17423,"n":"IGP Côtes de Gascogne vin blanc Terrasses d'Autan - 75cl","p":2.99,"u":"3,99 €/L","img":"https://fd5-photos.leclercdrive.fr/image.ashx?id=2886448&use=l&cat=p&typeid=i","cat":289557},{"id":17425,"n":"Fromage blanc Délisse Vanille 2,5%MG - 8x100g","p":2.82,"u":"3,53 €/KG","img":"https://fd5-photos.leclercdrive.fr/image.ashx?id=3012827&use=l&cat=p&typeid=i","cat":284409},{"id":17445,"n":"AOP Saumur demi-sec Les Caractères - 75cl","p":4.49,"u":"5,99 €/L","img":"https://fd5-photos.leclercdrive.fr/image.ashx?id=2677056&use=l&cat=p&typeid=i","cat":284544},{"id":17471,"n":"Olives vertes Barral Dénoyautées Bocal 160g","p":1.73,"u":"10,81 €/KG","img":"https://fd5-photos.leclercdrive.fr/image.ashx?id=2730943&use=l&cat=p&typeid=i","cat":284458},{"id":17472,"n":"Macaroni chiens 4Pat Au lait vitaminé - 5kg","p":8.88,"u":"1,78 €/KG","img":"https://fd5-photos.leclercdrive.fr/image.ashx?id=2877835&use=l&cat=p&typeid=i","cat":284672},{"id":17474,"n":"Confiture Charles Antona Figue clémentine myrte - 3x110g","p":5.29,"u":"16,03 €/KG","img":"https://fd5-photos.leclercdrive.fr/image.ashx?id=2608863&use=l&cat=p&typeid=i","cat":284480},{"id":17476,"n":"Boudins noirs aux oignons Tradilège x3 - 375g","p":2.65,"u":"7,07 €/KG","img":"https://fd5-photos.leclercdrive.fr/image.ashx?id=2930754&use=l&cat=p&typeid=i","cat":316012},{"id":17478,"n":"Boudins noirs Tradilège Aux pommes 3x125g","p":3.55,"u":"9,47 €/KG","img":"https://fd5-photos.leclercdrive.fr/image.ashx?id=2580412&use=l&cat=p&typeid=i","cat":316012},{"id":17479,"n":"Etui 4 terrines Charles Antona 4x50g","p":6.66,"u":"33,30 €/KG","img":"https://fd5-photos.leclercdrive.fr/image.ashx?id=1943022&use=l&cat=p&typeid=i","cat":305149},{"id":17481,"n":"Soupe de poisson Corse  Charles Antona - 850ml","p":8.13,"u":"9,56 €/L","img":"https://fd5-photos.leclercdrive.fr/image.ashx?id=2467351&use=l&cat=p&typeid=i","cat":287366},{"id":17498,"n":"Mini toasts grillés Roger 150g","p":2.22,"u":"14,80 €/KG","img":"https://fd5-photos.leclercdrive.fr/image.ashx?id=1930632&use=l&cat=p&typeid=i","cat":297000},{"id":17514,"n":"Aubergines grillées Rolli 300g","p":2.12,"u":"7,07 €/KG","img":"https://fd5-photos.leclercdrive.fr/image.ashx?id=2126865&use=l&cat=p&typeid=i","cat":319805},{"id":17515,"n":"Poivrons grillés Rolli 300g","p":2.9,"u":"9,67 €/KG","img":"https://fd5-photos.leclercdrive.fr/image.ashx?id=2765375&use=l&cat=p&typeid=i","cat":319805},{"id":17571,"n":"Crème entière fluide UHT Délisse - Brique 30%mg - 1L","p":4.25,"u":"4,25 €/L","img":"https://fd5-photos.leclercdrive.fr/image.ashx?id=2509980&use=l&cat=p&typeid=i","cat":284381},{"id":17584,"n":"Dissolvant Maybelline New York Manucure Express - 125ml","p":3.35,"u":"26,80 €/L","img":"https://fd5-photos.leclercdrive.fr/image.ashx?id=2348367&use=l&cat=p&typeid=i","cat":325347},{"id":17625,"n":"Bûche glacée Eskiss Fruits rouges et biscuit - 564g","p":5.43,"u":"9,63 €/KG","img":"https://fd5-photos.leclercdrive.fr/image.ashx?id=2968976&use=l&cat=p&typeid=i","cat":284266},{"id":17627,"n":"Mini bûches glacées Eskiss Assortiment - 311g","p":2.29,"u":"7,36 €/KG","img":"https://fd5-photos.leclercdrive.fr/image.ashx?id=2791263&use=l&cat=p&typeid=i","cat":284266},{"id":17645,"n":"Whisky Jameson 40%vol - 1L","p":26.77,"u":"26,77 €/L","img":"https://fd5-photos.leclercdrive.fr/image.ashx?id=2880922&use=l&cat=p&typeid=i","cat":284547},{"id":17646,"n":"Whisky Chivas Regal 12ans 40%vol - 1L","p":41.9,"pp":38.4,"u":"38,40 €/L","img":"https://fd5-photos.leclercdrive.fr/image.ashx?id=2998901&use=l&cat=p&typeid=i","cat":284547},{"id":17653,"n":"Fromage apéritif Apéricube Best of des saveurs 48 cubes","p":4.17,"u":"16,68 €/KG","img":"https://fd5-photos.leclercdrive.fr/image.ashx?id=2882662&use=l&cat=p&typeid=i","cat":314027},{"id":17694,"n":"Couches bébé Mots d'Enfants T4+ Ultra confort - 9/20kg - x144","p":20.5,"u":"0,14 €/P","img":"https://fd5-photos.leclercdrive.fr/image.ashx?id=2689426&use=l&cat=p&typeid=i","cat":284737},{"id":17709,"n":"Sauce au poivre Knorr A la crème fraiche - 30cl","p":1.34,"u":"4,47 €/L","img":"https://fd5-photos.leclercdrive.fr/image.ashx?id=2985096&use=l&cat=p&typeid=i","cat":288381},{"id":17710,"n":"Sauce Hollandaise Knorr Au jus de citron - 30cl","p":1.4,"u":"4,67 €/L","img":"https://fd5-photos.leclercdrive.fr/image.ashx?id=2985099&use=l&cat=p&typeid=i","cat":288381},{"id":17717,"n":"Blanc de poulet Tradilège x4 160g","p":1.36,"u":"8,50 €/KG","img":"https://fd5-photos.leclercdrive.fr/image.ashx?id=2925738&use=l&cat=p&typeid=i","cat":316010},{"id":17718,"n":"Blanc de dinde Tradilège 4 tranches 160g","p":1.65,"u":"10,31 €/KG","img":"https://fd5-photos.leclercdrive.fr/image.ashx?id=2989787&use=l&cat=p&typeid=i","cat":316010},{"id":17767,"n":"Gambas entières Pêche Océan ASC - 400g","p":8.99,"u":"22,48 €/KG","img":"https://fd5-photos.leclercdrive.fr/image.ashx?id=1469051&use=l&cat=p&typeid=i","cat":319787},{"id":17768,"n":"Boudins blancs au porto Tradilège x3 - 375g","p":3.89,"u":"10,37 €/KG","img":"https://fd5-photos.leclercdrive.fr/image.ashx?id=2252040&use=l&cat=p&typeid=i","cat":316012},{"id":17783,"n":"Chocolats Ferrero Rocher x24 pralines - 300g","p":9.49,"u":"31,63 €/KG","img":"https://fd5-photos.leclercdrive.fr/image.ashx?id=2944999&use=l&cat=p&typeid=i","cat":327600},{"id":17813,"n":"Détachant Texil avant lavage 500ml","p":1.75,"u":"3,50 €/L","img":"https://fd5-photos.leclercdrive.fr/image.ashx?id=2958708&use=l&cat=p&typeid=i","cat":284651},{"id":17845,"n":"Saumon crème fraîche Marie Fondue poireaux 400g","p":5.17,"u":"12,93 €/KG","img":"https://fd5-photos.leclercdrive.fr/image.ashx?id=2996785&use=l&cat=p&typeid=i","cat":319786},{"id":17899,"n":"Knacks pur porc Tradilège Fumées au bois x10 - 350g","p":1.52,"u":"4,34 €/KG","img":"https://fd5-photos.leclercdrive.fr/image.ashx?id=2448321&use=l&cat=p&typeid=i","cat":316012},{"id":17901,"n":"Macaroni d'Alsace NRT 250g","p":1.39,"u":"5,56 €/KG","img":"https://fd5-photos.leclercdrive.fr/image.ashx?id=2839989&use=l&cat=p&typeid=i","cat":284427},{"id":17917,"n":"Nettoyant canalisations Ouragan Fraîcheur mentholée - 1L","p":3.54,"u":"3,54 €/L","img":"https://fd5-photos.leclercdrive.fr/image.ashx?id=2367544&use=l&cat=p&typeid=i","cat":284662},{"id":17931,"n":"Soupe Crème de potiron Knorr Déshydratée - 1L","p":1.56,"u":"1,56 €/L","img":"https://fd5-photos.leclercdrive.fr/image.ashx?id=2790813&use=l&cat=p&typeid=i","cat":284463},{"id":17932,"n":"Soupe forestière Knorr Déshydratée - 750ml","p":1.13,"u":"1,51 €/L","img":"https://fd5-photos.leclercdrive.fr/image.ashx?id=2790810&use=l&cat=p&typeid=i","cat":284463},{"id":17937,"n":"IGP Pruneaux d'agen Bio Village Bio - 250g","p":2.96,"u":"11,84 €/KG","img":"https://fd5-photos.leclercdrive.fr/image.ashx?id=2049211&use=l&cat=p&typeid=i","cat":284357},{"id":17938,"n":"Flan nappé caramel Bio Bio Village - 4x125g","p":1.99,"u":"3,98 €/KG","img":"https://fd5-photos.leclercdrive.fr/image.ashx?id=2992627&use=l&cat=p&typeid=i","cat":284420},{"id":17969,"n":"Purée de fruit NATURNES Pomme pêche 4M+ - 4x130g","p":1.95,"u":"3,75 €/KG","img":"https://fd5-photos.leclercdrive.fr/image.ashx?id=2629644&use=l&cat=p&typeid=i","cat":312387},{"id":17995,"n":"Acide chlorhydrique Phébus Détartrant puissant 1L","p":2.46,"u":"2,46 €/L","img":"https://fd5-photos.leclercdrive.fr/image.ashx?id=2432088&use=l&cat=p&typeid=i","cat":300576},{"id":18000,"n":"Lait céréales Blédidej 12 mois Chocolat biscuité - 4x250ml","p":3.4,"u":"3,40 €/L","img":"https://fd5-photos.leclercdrive.fr/image.ashx?id=2921028&use=l&cat=p&typeid=i","cat":312226},{"id":18001,"n":"Lait céréales Blédidej 6 mois Briochée - 4x250ml","p":3.53,"u":"3,53 €/L","img":"https://fd5-photos.leclercdrive.fr/image.ashx?id=2921049&use=l&cat=p&typeid=i","cat":312226},{"id":18002,"n":"Lait céréales Blédidej 12 mois Biscuité vanille - 4x250ml","p":3.4,"u":"3,40 €/L","img":"https://fd5-photos.leclercdrive.fr/image.ashx?id=2921034&use=l&cat=p&typeid=i","cat":312226},{"id":18003,"n":"Lait céréales Blédidej 12 mois Vanille chocolat - 4x250ml","p":3.55,"u":"3,55 €/L","img":"https://fd5-photos.leclercdrive.fr/image.ashx?id=2921031&use=l&cat=p&typeid=i","cat":312226},{"id":18066,"n":"Nouilles chinoises Suzi Wan En nid - 250g","p":1.81,"u":"7,24 €/KG","img":"https://fd5-photos.leclercdrive.fr/image.ashx?id=2886253&use=l&cat=p&typeid=i","cat":288992},{"id":18070,"n":"Fromage frais bio Bio Village Fruits panachés - 12x50g","p":2.76,"u":"4,60 €/KG","img":"https://fd5-photos.leclercdrive.fr/image.ashx?id=2992630&use=l&cat=p&typeid=i","cat":284409},{"id":18090,"n":"Alcool ménager Mieuxa Vanille 1L","p":4.45,"u":"4,45 €/L","img":"https://fd5-photos.leclercdrive.fr/image.ashx?id=2446023&use=l&cat=p&typeid=i","cat":300576},{"id":18091,"n":"Alcool ménager Mieuxa Citron 1L","p":4.46,"u":"4,46 €/L","img":"https://fd5-photos.leclercdrive.fr/image.ashx?id=2277038&use=l&cat=p&typeid=i","cat":300576},{"id":18096,"n":"Plat bébé Blédina 8 mois  Légumes saumon - 2x200g","p":2.68,"u":"6,70 €/KG","img":"https://fd5-photos.leclercdrive.fr/image.ashx?id=2975059&use=l&cat=p&typeid=i","cat":312236},{"id":18100,"n":"Lait céréales bébé Blédiner 12m Légumes soir - 2x250ml","p":1.68,"u":"3,36 €/L","img":"https://fd5-photos.leclercdrive.fr/image.ashx?id=2960144&use=l&cat=p&typeid=i","cat":312239},{"id":18102,"n":"Lait céréales bébé Blédiner 6m Légume soir - 4x250ml","p":4.01,"u":"4,01 €/L","img":"https://fd5-photos.leclercdrive.fr/image.ashx?id=2730061&use=l&cat=p&typeid=i","cat":312239},{"id":18123,"n":"Barres Copains Copines x16 - 200g","p":2.25,"u":"11,25 €/KG","img":"https://fd5-photos.leclercdrive.fr/image.ashx?id=2872442&use=l&cat=p&typeid=i","cat":284498},{"id":18124,"n":"Pêche poire cerise  Douceur du Verger - 4x70g","p":2.79,"u":"9,96 €/KG","img":"https://fd5-photos.leclercdrive.fr/image.ashx?id=2149378&use=l&cat=p&typeid=i","cat":284507},{"id":18207,"n":"Lingettes démaquillantes Inell x25","p":1.34,"u":"0,05 €/P","img":"https://fd5-photos.leclercdrive.fr/image.ashx?id=2769579&use=l&cat=p&typeid=i","cat":284603},{"id":18218,"n":"Chipolatas Férial x6 - 330g","p":3.49,"u":"10,58 €/KG","img":"https://fd5-photos.leclercdrive.fr/image.ashx?id=2837096&use=l&cat=p&typeid=i","cat":284334},{"id":18219,"n":"Merguez Férial x6 - 330g","p":4.19,"u":"12,70 €/KG","img":"https://fd5-photos.leclercdrive.fr/image.ashx?id=2840019&use=l&cat=p&typeid=i","cat":284334},{"id":18220,"n":"Chair à saucisses porc Férial 800g","p":7.19,"u":"8,99 €/KG","img":"https://fd5-photos.leclercdrive.fr/image.ashx?id=2831263&use=l&cat=p&typeid=i","cat":284332},{"id":18221,"n":"Lardons supérieurs Tradilège Nature - 2x100g","p":1.85,"u":"9,25 €/KG","img":"https://fd5-photos.leclercdrive.fr/image.ashx?id=2933340&use=l&cat=p&typeid=i","cat":316011},{"id":18222,"n":"Farce à légumes Férial 800g","p":7.19,"u":"8,99 €/KG","img":"https://fd5-photos.leclercdrive.fr/image.ashx?id=2369651&use=l&cat=p&typeid=i","cat":284332},{"id":18223,"n":"Lardons supérieurs Tradilège Fumés - 2x100g","p":1.85,"u":"9,25 €/KG","img":"https://fd5-photos.leclercdrive.fr/image.ashx?id=2933343&use=l&cat=p&typeid=i","cat":316011},{"id":18224,"n":"Allumettes Tradilège Nature - 2x100g","p":1.75,"u":"8,75 €/KG","img":"https://fd5-photos.leclercdrive.fr/image.ashx?id=2933349&use=l&cat=p&typeid=i","cat":316011},{"id":18225,"n":"Allumettes Tradilège Fumées - 2x100g","p":1.75,"u":"8,75 €/KG","img":"https://fd5-photos.leclercdrive.fr/image.ashx?id=2933346&use=l&cat=p&typeid=i","cat":316011},{"id":18227,"n":"Lardons supérieurs Tradilège Nature - 160g","p":1.5,"u":"9,38 €/KG","img":"https://fd5-photos.leclercdrive.fr/image.ashx?id=2751949&use=l&cat=p&typeid=i","cat":316011},{"id":18230,"n":"Lardons supérieurs Tradilège Fumés - 160g","p":1.5,"u":"9,38 €/KG","img":"https://fd5-photos.leclercdrive.fr/image.ashx?id=2816636&use=l&cat=p&typeid=i","cat":316011},{"id":18231,"n":"Poitrine fumée Tradilège 4 tranches 300 gr","p":4.65,"u":"15,50 €/KG","img":"https://fd5-photos.leclercdrive.fr/image.ashx?id=2852273&use=l&cat=p&typeid=i","cat":316011},{"id":18233,"n":"Poitrine Fumée Tradilège Tranches fines - 2x7T - 200g","p":2.48,"u":"12,40 €/KG","img":"https://fd5-photos.leclercdrive.fr/image.ashx?id=2852267&use=l&cat=p&typeid=i","cat":316011},{"id":18234,"n":"Jambon blanc Tradilège A l'italienne 4 tranches 120g","p":2.19,"u":"18,25 €/KG","img":"https://fd5-photos.leclercdrive.fr/image.ashx?id=2984182&use=l&cat=p&typeid=i","cat":316009},{"id":18235,"n":"Mousse de foie Tradilège Supérieure 180g","p":1.24,"u":"6,89 €/KG","img":"https://fd5-photos.leclercdrive.fr/image.ashx?id=2693147&use=l&cat=p&typeid=i","cat":316008},{"id":18236,"n":"Mousse de foie Tradilège 2x50g","p":0.99,"u":"9,90 €/KG","img":"https://fd5-photos.leclercdrive.fr/image.ashx?id=2999625&use=l&cat=p&typeid=i","cat":316008},{"id":18238,"n":"Mousse de canard Tradilège 180g","p":1.16,"u":"6,44 €/KG","img":"https://fd5-photos.leclercdrive.fr/image.ashx?id=2994360&use=l&cat=p&typeid=i","cat":316008},{"id":18240,"n":"Mousse de canard Tradilège 2x50g","p":1.09,"u":"10,90 €/KG","img":"https://fd5-photos.leclercdrive.fr/image.ashx?id=2998886&use=l&cat=p&typeid=i","cat":316008},{"id":18241,"n":"Pâté de campagne Tradilège Supérieur 180g","p":1.25,"u":"6,94 €/KG","img":"https://fd5-photos.leclercdrive.fr/image.ashx?id=2844848&use=l&cat=p&typeid=i","cat":316008},{"id":18245,"n":"Rillettes du Mans Tradilège 220g","p":1.45,"u":"6,59 €/KG","img":"https://fd5-photos.leclercdrive.fr/image.ashx?id=2548124&use=l&cat=p&typeid=i","cat":316008},{"id":18246,"n":"Rillettes du Mans Tradilège 400g","p":2.32,"u":"5,80 €/KG","img":"https://fd5-photos.leclercdrive.fr/image.ashx?id=2580385&use=l&cat=p&typeid=i","cat":316008},{"id":18250,"n":"Saucisses Francfort Tradilège x4 240g","p":2.07,"u":"8,63 €/KG","img":"https://fd5-photos.leclercdrive.fr/image.ashx?id=2905955&use=l&cat=p&typeid=i","cat":316012},{"id":18251,"n":"Knacks Tradilège Fumées au bois - x4 - 140g","p":1.05,"u":"7,50 €/KG","img":"https://fd5-photos.leclercdrive.fr/image.ashx?id=2930739&use=l&cat=p&typeid=i","cat":316012},{"id":18252,"n":"Knacks Tradilège Fumées au bois - x6 - 210g","p":1.38,"u":"6,57 €/KG","img":"https://fd5-photos.leclercdrive.fr/image.ashx?id=2448318&use=l&cat=p&typeid=i","cat":316012},{"id":18257,"n":"Saucisses Cocktail Tradilège 400g","p":2.82,"u":"7,05 €/KG","img":"https://fd5-photos.leclercdrive.fr/image.ashx?id=2659082&use=l&cat=p&typeid=i","cat":316012},{"id":18258,"n":"Saucisse Tradilège Mini Knacks Pot micro ondable 200g","p":2.59,"u":"12,95 €/KG","img":"https://fd5-photos.leclercdrive.fr/image.ashx?id=2930921&use=l&cat=p&typeid=i","cat":316012},{"id":18259,"n":"Saucisson à l'ail Tradilège Fumé - 300g","p":2.08,"u":"6,93 €/KG","img":"https://fd5-photos.leclercdrive.fr/image.ashx?id=2930742&use=l&cat=p&typeid=i","cat":316006},{"id":18262,"n":"Cervelas supérieur Tradilège 300g","p":2.1,"u":"7,00 €/KG","img":"https://fd5-photos.leclercdrive.fr/image.ashx?id=2421636&use=l&cat=p&typeid=i","cat":316012},{"id":18266,"n":"Dés de jambon Tradilège 2x75g","p":1.49,"u":"9,93 €/KG","img":"https://fd5-photos.leclercdrive.fr/image.ashx?id=2925732&use=l&cat=p&typeid=i","cat":316011},{"id":18267,"n":"Allumettes de jambon Tradilège 2x75g","p":1.05,"u":"7,00 €/KG","img":"https://fd5-photos.leclercdrive.fr/image.ashx?id=2925716&use=l&cat=p&typeid=i","cat":316011},{"id":18268,"n":"Rôti de porc Tradilège 4 tranches 160g","p":2.14,"u":"13,38 €/KG","img":"https://fd5-photos.leclercdrive.fr/image.ashx?id=2984173&use=l&cat=p&typeid=i","cat":316009},{"id":18272,"n":"Mini Boudins Noirs Antillais Tradilège x6 - 375g","p":4.0,"u":"10,67 €/KG","img":"https://fd5-photos.leclercdrive.fr/image.ashx?id=2852276&use=l&cat=p&typeid=i","cat":316012},{"id":18279,"n":"Dés de poulet Tradilège 2x75g","p":2.82,"u":"18,80 €/KG","img":"https://fd5-photos.leclercdrive.fr/image.ashx?id=2984185&use=l&cat=p&typeid=i","cat":316011},{"id":18287,"n":"Céréales Extra Kellogg's Chocolat au lait - 500g","p":3.03,"u":"6,06 €/KG","img":"https://fd5-photos.leclercdrive.fr/image.ashx?id=2692707&use=l&cat=p&typeid=i","cat":309512},{"id":18347,"n":"Porc : Paupiette Férial x6 780g","p":7.78,"u":"9,97 €/KG","img":"https://fd5-photos.leclercdrive.fr/image.ashx?id=2852291&use=l&cat=p&typeid=i","cat":284331},{"id":18351,"n":"Fromage à tartiner Les Croisés Nature - 25%mg - 150g","p":1.24,"u":"8,27 €/KG","img":"https://fd5-photos.leclercdrive.fr/image.ashx?id=1671226&use=l&cat=p&typeid=i","cat":314029},{"id":18353,"n":"Mini viennoiseries 12p","p":4.7,"u":"0,39 €/P","img":"https://fd5-photos.leclercdrive.fr/image.ashx?id=599241&use=l&cat=p&typeid=i","cat":284984},{"id":18362,"n":"Biscuit bébé Blédina 10 mois Boudoir - 120g","p":1.67,"u":"13,92 €/KG","img":"https://fd5-photos.leclercdrive.fr/image.ashx?id=2801114&use=l&cat=p&typeid=i","cat":312227},{"id":18363,"n":"Pots bébé bio Babybio Maïs poulet - 8 mois - 2x200g","p":2.6,"u":"6,50 €/KG","img":"https://fd5-photos.leclercdrive.fr/image.ashx?id=2827461&use=l&cat=p&typeid=i","cat":312236},{"id":18364,"n":"Haricots rouges D'aucy  250g","p":1.29,"u":"5,16 €/KG","img":"https://fd5-photos.leclercdrive.fr/image.ashx?id=2538434&use=l&cat=p&typeid=i","cat":312606},{"id":18374,"n":"Petits pois d'aucy  Extra-fins - 280g","p":0.97,"u":"3,46 €/KG","img":"https://fd5-photos.leclercdrive.fr/image.ashx?id=2503434&use=l&cat=p&typeid=i","cat":312607},{"id":18375,"n":"Petits pois carottes d''Aucy Extra fins - 265g","p":1.08,"u":"4,08 €/KG","img":"https://fd5-photos.leclercdrive.fr/image.ashx?id=2475324&use=l&cat=p&typeid=i","cat":312607},{"id":18384,"n":"Fagot bouquet garni Ducros 17g","p":2.18,"u":"128,24 €/KG","img":"https://fd5-photos.leclercdrive.fr/image.ashx?id=2326667&use=l&cat=p&typeid=i","cat":298297},{"id":18387,"n":"Herbes de Provence Ducros Barbecue - 100g","p":1.42,"u":"14,20 €/KG","img":"https://fd5-photos.leclercdrive.fr/image.ashx?id=2414717&use=l&cat=p&typeid=i","cat":298297},{"id":18389,"n":"Poivre Ducros Spécial moulin - 100g","p":4.14,"u":"41,40 €/KG","img":"https://fd5-photos.leclercdrive.fr/image.ashx?id=2559439&use=l&cat=p&typeid=i","cat":284457},{"id":18392,"n":"Paprika doux moulu Ducros 40g","p":1.6,"u":"40,00 €/KG","img":"https://fd5-photos.leclercdrive.fr/image.ashx?id=2854414&use=l&cat=p&typeid=i","cat":298297},{"id":18393,"n":"Persil Ducros 17g","p":1.62,"u":"95,29 €/KG","img":"https://fd5-photos.leclercdrive.fr/image.ashx?id=2559436&use=l&cat=p&typeid=i","cat":298297},{"id":18394,"n":"Persil Ducros 30g","p":3.41,"u":"113,67 €/KG","img":"https://fd5-photos.leclercdrive.fr/image.ashx?id=2486554&use=l&cat=p&typeid=i","cat":298297},{"id":18398,"n":"Piment doux moulu Ducros 40g","p":2.1,"u":"52,50 €/KG","img":"https://fd5-photos.leclercdrive.fr/image.ashx?id=2490494&use=l&cat=p&typeid=i","cat":298297},{"id":18399,"n":"Poivre gris moulu Ducros 2x18g","p":2.17,"u":"60,28 €/KG","img":"https://fd5-photos.leclercdrive.fr/image.ashx?id=2759454&use=l&cat=p&typeid=i","cat":298297},{"id":18403,"n":"Poivre saveur et épices Ducros Moulin - 30g","p":2.94,"u":"98,00 €/KG","img":"https://fd5-photos.leclercdrive.fr/image.ashx?id=2353698&use=l&cat=p&typeid=i","cat":284457},{"id":18404,"n":"Safran moulu Ducros 4 doses - 0.4g","p":3.81,"img":"https://fd5-photos.leclercdrive.fr/image.ashx?id=2580490&use=l&cat=p&typeid=i","cat":298297},{"id":18408,"n":"Thon entier Pêche Océan Naturel - 140g","p":1.9,"u":"13,57 €/KG","img":"https://fd5-photos.leclercdrive.fr/image.ashx?id=2942187&use=l&cat=p&typeid=i","cat":303867},{"id":18409,"n":"Thon entier Pêche Océan Naturel - 93g","p":1.39,"u":"14,95 €/KG","img":"https://fd5-photos.leclercdrive.fr/image.ashx?id=2943635&use=l&cat=p&typeid=i","cat":303867},{"id":18410,"n":"Pâtées chat Gold Gourmet Les noisettes -  12x85g","p":5.31,"u":"5,21 €/KG","img":"https://fd5-photos.leclercdrive.fr/image.ashx?id=2908318&use=l&cat=p&typeid=i","cat":285286},{"id":18425,"n":"Viande bovine : Faux filet*** À griller x6 - 960g","p":25.18,"u":"26,23 €/KG","img":"https://fd5-photos.leclercdrive.fr/image.ashx?id=659554&use=l&cat=p&typeid=i","cat":284328},{"id":18437,"n":"Allumettes Bacon Tradilège Fumées - 2x100g","p":1.74,"u":"8,70 €/KG","img":"https://fd5-photos.leclercdrive.fr/image.ashx?id=2905952&use=l&cat=p&typeid=i","cat":316011},{"id":18441,"n":"Pur jus de fruits Jafaden Mandarine - 1L","p":2.39,"u":"2,39 €/L","img":"https://fd5-photos.leclercdrive.fr/image.ashx?id=2956044&use=l&cat=p&typeid=i","cat":284915},{"id":18501,"n":"Aromat Knorr 70g","p":1.7,"u":"24,29 €/KG","img":"https://fd5-photos.leclercdrive.fr/image.ashx?id=2866750&use=l&cat=p&typeid=i","cat":298297},{"id":18521,"n":"Papier toilette Mimosa Blanc double épaisseur - x12","p":2.85,"u":"0,24 €/P","img":"https://fd5-photos.leclercdrive.fr/image.ashx?id=2783343&use=l&cat=p&typeid=i","cat":284634},{"id":18562,"n":"Feuille papier calque Esquisse x12 21x29,7cm","p":1.19,"img":"https://fd5-photos.leclercdrive.fr/image.ashx?id=2943172&use=l&cat=p&typeid=i","cat":284697},{"id":18564,"n":"Papier millimétré Esquisse 21x29,7cm - x12","p":1.19,"img":"https://fd5-photos.leclercdrive.fr/image.ashx?id=2943175&use=l&cat=p&typeid=i","cat":284697},{"id":18568,"n":"Tubes de peinture Esquisse Gouache - 10x10ml","p":2.59,"u":"25,90 €/L","img":"https://fd5-photos.leclercdrive.fr/image.ashx?id=1700854&use=l&cat=p&typeid=i","cat":334133},{"id":18577,"n":"Papier toilette Mimosa Blanc - Ultra doux - x24","p":4.33,"u":"0,18 €/P","img":"https://fd5-photos.leclercdrive.fr/image.ashx?id=2777851&use=l&cat=p&typeid=i","cat":284634},{"id":18589,"n":"Pastis Berger 45%vol - 1L","p":17.55,"u":"17,55 €/L","img":"https://fd5-photos.leclercdrive.fr/image.ashx?id=1898651&use=l&cat=p&typeid=i","cat":284548},{"id":18595,"n":"Saucisse Strasbourg Bio Village bio x4 - 180g","p":2.98,"u":"16,56 €/KG","img":"https://fd5-photos.leclercdrive.fr/image.ashx?id=2362294&use=l&cat=p&typeid=i","cat":316012},{"id":18598,"n":"Yaourts à la Grecque Délisse Mûre Framboise - 4x150g","p":1.99,"u":"3,32 €/KG","img":"https://fd5-photos.leclercdrive.fr/image.ashx?id=2699441&use=l&cat=p&typeid=i","cat":314999},{"id":18652,"n":"Crépes Nature P'tit Déli x10 300g","p":1.69,"u":"5,63 €/KG","img":"https://fd5-photos.leclercdrive.fr/image.ashx?id=2896021&use=l&cat=p&typeid=i","cat":284494},{"id":18669,"n":"Snacks Tokapi 4 saveurs - 100g","p":0.87,"u":"8,70 €/KG","img":"https://fd5-photos.leclercdrive.fr/image.ashx?id=2884234&use=l&cat=p&typeid=i","cat":284449},{"id":18670,"n":"Tuiles Tokapi Bacon - 170g","p":1.39,"u":"8,18 €/KG","img":"https://fd5-photos.leclercdrive.fr/image.ashx?id=2657205&use=l&cat=p&typeid=i","cat":287899},{"id":18671,"n":"Tuiles Tokapi Paprika - 170g","p":1.35,"u":"7,94 €/KG","img":"https://fd5-photos.leclercdrive.fr/image.ashx?id=2632852&use=l&cat=p&typeid=i","cat":287899},{"id":18676,"n":"Allume-feu Silex cubes 18 sachets individuels","p":3.23,"img":"https://fd5-photos.leclercdrive.fr/image.ashx?id=2643584&use=l&cat=p&typeid=i","cat":300578},{"id":18695,"n":"IGP Ail blanc de Lomagne  Nos Régions ont du Talent 320g","p":3.99,"u":"12,47 €/KG","img":"https://fd5-photos.leclercdrive.fr/image.ashx?id=2039593&use=l&cat=p&typeid=i","cat":284352},{"id":18723,"n":"Boulettes provençale Férial x12 - 300g","p":4.09,"u":"13,63 €/KG","img":"https://fd5-photos.leclercdrive.fr/image.ashx?id=2816627&use=l&cat=p&typeid=i","cat":284332},{"id":18746,"n":"Pavés de boeuf à l'échalote Férial x2 - 240g","p":4.79,"u":"19,96 €/KG","img":"https://fd5-photos.leclercdrive.fr/image.ashx?id=2854273&use=l&cat=p&typeid=i","cat":284328},{"id":18747,"n":"Pavés de boeuf marinés 3 poivre Férial x2 - 240g","p":4.75,"u":"19,79 €/KG","img":"https://fd5-photos.leclercdrive.fr/image.ashx?id=2854276&use=l&cat=p&typeid=i","cat":284328},{"id":18748,"n":"Pavés de boeuf marinés nature F x2 - 240g","p":4.99,"u":"20,79 €/KG","img":"https://fd5-photos.leclercdrive.fr/image.ashx?id=2854270&use=l&cat=p&typeid=i","cat":284328},{"id":18754,"n":"Boulettes nature Férial x12 - 300g","p":4.09,"pp":3.27,"u":"10,90 €/KG","img":"https://fd5-photos.leclercdrive.fr/image.ashx?id=2816624&use=l&cat=p&typeid=i","cat":284332},{"id":18836,"n":"Lingettes lait Demak'up Peaux sensibles - 2x25","p":4.05,"u":"0,08 €/P","img":"https://fd5-photos.leclercdrive.fr/image.ashx?id=2999877&use=l&cat=p&typeid=i","cat":284603},{"id":18853,"n":"Soin de jour Diadermine Lift+ Elastine Anti-rides - 50ml","p":6.84,"u":"136,80 €/L","img":"https://fd5-photos.leclercdrive.fr/image.ashx?id=2464024&use=l&cat=p&typeid=i","cat":325345},{"id":18953,"n":"Thon entier Pêche Océan Naturel - 186g","p":2.5,"u":"13,44 €/KG","img":"https://fd5-photos.leclercdrive.fr/image.ashx?id=2942193&use=l&cat=p&typeid=i","cat":303867},{"id":18968,"n":"Gâteaux mini marbrés P'tit Déli Chocolat x7 - 189g","p":1.59,"u":"8,41 €/KG","img":"https://fd5-photos.leclercdrive.fr/image.ashx?id=1947360&use=l&cat=p&typeid=i","cat":284495},{"id":18974,"n":"Granulés de bois Cogra Pellet - Sac de 15kg","p":4.5,"u":"0,30 €/KG","img":"https://fd5-photos.leclercdrive.fr/image.ashx?id=2341068&use=l&cat=p&typeid=i","cat":300577},{"id":18983,"n":"Crème glacée Eskiss Noix de coco - 494g","p":2.82,"u":"5,71 €/KG","img":"https://fd5-photos.leclercdrive.fr/image.ashx?id=2982607&use=l&cat=p&typeid=i","cat":284263},{"id":18996,"n":"Confiture Bonne Maman 4 fruits rouges - 370g","p":2.17,"u":"5,86 €/KG","img":"https://fd5-photos.leclercdrive.fr/image.ashx?id=2547474&use=l&cat=p&typeid=i","cat":284480},{"id":18997,"n":"Confiture Bonne Maman Châtaigne 370g","p":1.84,"u":"4,97 €/KG","img":"https://fd5-photos.leclercdrive.fr/image.ashx?id=2474987&use=l&cat=p&typeid=i","cat":284480},{"id":19022,"n":"Sirop Frucci Orange - 1L","p":4.26,"u":"4,26 €/L","img":"https://fd5-photos.leclercdrive.fr/image.ashx?id=2954070&use=l&cat=p&typeid=i","cat":295020},{"id":19023,"n":"Sirop Frucci Citron - 1L","p":2.04,"u":"2,04 €/L","img":"https://fd5-photos.leclercdrive.fr/image.ashx?id=2955656&use=l&cat=p&typeid=i","cat":295020},{"id":19066,"n":"Vodka Poliakov 37,5%vol - 1L","p":15.82,"u":"15,82 €/L","img":"https://fd5-photos.leclercdrive.fr/image.ashx?id=2576916&use=l&cat=p&typeid=i","cat":284550},{"id":19098,"n":"Cookies gros éclats Granola Chocolat - 184g","p":2.1,"u":"11,41 €/KG","img":"https://fd5-photos.leclercdrive.fr/image.ashx?id=2996413&use=l&cat=p&typeid=i","cat":325066},{"id":19102,"n":"Croquettes chat Purina One Stérilisé-Saumon/Céréales-1,5kg","p":6.51,"u":"4,34 €/KG","img":"https://fd5-photos.leclercdrive.fr/image.ashx?id=2541268&use=l&cat=p&typeid=i","cat":284680},{"id":19109,"n":"Café moulu Bio Ethiquable  100% Arabica Equateur - 250g","p":4.72,"u":"18,88 €/KG","img":"https://fd5-photos.leclercdrive.fr/image.ashx?id=2875153&use=l&cat=p&typeid=i","cat":284750},{"id":19110,"n":"Boeuf Bourguignon Côté Table 300g","p":2.04,"u":"6,80 €/KG","img":"https://fd5-photos.leclercdrive.fr/image.ashx?id=2517679&use=l&cat=p&typeid=i","cat":284953},{"id":19116,"n":"Céréales croustillants Bio bjorg  chocolat noir - 500g","p":3.35,"u":"6,70 €/KG","img":"https://fd5-photos.leclercdrive.fr/image.ashx?id=2972967&use=l&cat=p&typeid=i","cat":309512},{"id":19117,"n":"Galettes Bjorg Bio Riz complet au sésame 130g","p":1.31,"u":"10,08 €/KG","img":"https://fd5-photos.leclercdrive.fr/image.ashx?id=2991975&use=l&cat=p&typeid=i","cat":318651},{"id":19119,"n":"Pains au lait La Boulangère Bio x8 - 280g","p":1.82,"u":"6,50 €/KG","img":"https://fd5-photos.leclercdrive.fr/image.ashx?id=2972460&use=l&cat=p&typeid=i","cat":293505},{"id":19138,"n":"Semoule Couscous Bio Village Semi complet Bio - 500g","p":1.95,"u":"3,90 €/KG","img":"https://fd5-photos.leclercdrive.fr/image.ashx?id=2814217&use=l&cat=p&typeid=i","cat":284429},{"id":19146,"n":"Cappelletti bio Céréal Bio tofu et Chèvre express-220g","p":1.88,"u":"8,55 €/KG","img":"https://fd5-photos.leclercdrive.fr/image.ashx?id=2642372&use=l&cat=p&typeid=i","cat":287600},{"id":19149,"n":"Huile d'olive Bio Soléou Vierge extra - 1L","p":10.62,"u":"10,62 €/L","img":"https://fd5-photos.leclercdrive.fr/image.ashx?id=2559008&use=l&cat=p&typeid=i","cat":284453},{"id":19150,"n":"Compotes Andros Délice de rhubarbe - 4x100g","p":2.28,"u":"5,70 €/KG","img":"https://fd5-photos.leclercdrive.fr/image.ashx?id=2845461&use=l&cat=p&typeid=i","cat":284416},{"id":19152,"n":"Huile d'olive Bio Soleou Vierge extra fruttato - 75cl","p":10.47,"u":"13,96 €/L","img":"https://fd5-photos.leclercdrive.fr/image.ashx?id=2732614&use=l&cat=p&typeid=i","cat":284453},{"id":19155,"n":"Farine de blé Bio Francine 1kg","p":1.73,"u":"1,73 €/KG","img":"https://fd5-photos.leclercdrive.fr/image.ashx?id=2989117&use=l&cat=p&typeid=i","cat":284503},{"id":19199,"n":"Pain de mie La Boulangère à la  Farine complète Bio - 500g","p":1.89,"u":"3,78 €/KG","img":"https://fd5-photos.leclercdrive.fr/image.ashx?id=2912386&use=l&cat=p&typeid=i","cat":284477},{"id":19202,"n":"Galettes bio Bio Village 4 céréales x17 - 130g","p":0.99,"u":"7,62 €/KG","img":"https://fd5-photos.leclercdrive.fr/image.ashx?id=2816154&use=l&cat=p&typeid=i","cat":318651},{"id":19204,"n":"Son d'avoine Bio Bjorg 500g","p":3.19,"u":"6,38 €/KG","img":"https://fd5-photos.leclercdrive.fr/image.ashx?id=2786045&use=l&cat=p&typeid=i","cat":309512},{"id":19208,"n":"Biscuits nappés Bio Village Chocolat noir Bio 200g","p":2.62,"u":"13,10 €/KG","img":"https://fd5-photos.leclercdrive.fr/image.ashx?id=1937510&use=l&cat=p&typeid=i","cat":284488},{"id":19210,"n":"Flageolets Préparés Cassegrain Extra Fins 265g","p":1.55,"u":"5,85 €/KG","img":"https://fd5-photos.leclercdrive.fr/image.ashx?id=2983084&use=l&cat=p&typeid=i","cat":312606},{"id":19211,"n":"Lentilles Préparées Cassegrain Tendres et Fondants 265g","p":1.67,"u":"6,30 €/KG","img":"https://fd5-photos.leclercdrive.fr/image.ashx?id=2952460&use=l&cat=p&typeid=i","cat":312609},{"id":19231,"n":"Petit Pois Cassegrain Tendres et Fondants 140g","p":1.22,"u":"8,71 €/KG","img":"https://fd5-photos.leclercdrive.fr/image.ashx?id=2912974&use=l&cat=p&typeid=i","cat":312607},{"id":19232,"n":"Printanière Cassegrain Carotte, Petit Pois, Champignon - 265g","p":2.25,"u":"8,49 €/KG","img":"https://fd5-photos.leclercdrive.fr/image.ashx?id=2913001&use=l&cat=p&typeid=i","cat":312612},{"id":19239,"n":"Fruits au sirop St Mamet Pêches - 475g","p":2.72,"u":"5,73 €/KG","img":"https://fd5-photos.leclercdrive.fr/image.ashx?id=2630217&use=l&cat=p&typeid=i","cat":284507},{"id":19240,"n":"Fruits au sirop St Mamet Poires Williams - 465g","p":2.38,"u":"5,12 €/KG","img":"https://fd5-photos.leclercdrive.fr/image.ashx?id=2630223&use=l&cat=p&typeid=i","cat":284507},{"id":19255,"n":"Croquettes chat Purina One Light Adulte -Poulet/Blé -1,5kg","p":6.48,"u":"4,32 €/KG","img":"https://fd5-photos.leclercdrive.fr/image.ashx?id=2432010&use=l&cat=p&typeid=i","cat":284680},{"id":19256,"n":"Croquettes chat Purina One Adulte d'intérieur-Dinde -1,5kg","p":6.54,"u":"4,36 €/KG","img":"https://fd5-photos.leclercdrive.fr/image.ashx?id=2902271&use=l&cat=p&typeid=i","cat":284680},{"id":19257,"n":"Croquettes chat Purina One Sensible Adulte-Dinde/Riz-450g","p":2.42,"u":"5,38 €/KG","img":"https://fd5-photos.leclercdrive.fr/image.ashx?id=2459658&use=l&cat=p&typeid=i","cat":284680},{"id":19258,"n":"Croquettes chat Plénima Premium Stérilisé - 450g","p":1.75,"u":"3,89 €/KG","img":"https://fd5-photos.leclercdrive.fr/image.ashx?id=1943373&use=l&cat=p&typeid=i","cat":284680},{"id":19262,"n":"Thon Saupiquet Mayonnaise - 2x135g","p":1.99,"u":"7,37 €/KG","img":"https://fd5-photos.leclercdrive.fr/image.ashx?id=2681017&use=l&cat=p&typeid=i","cat":303867},{"id":19263,"n":"Filets de maquereaux Saupiquet A la moutarde - 169g","p":2.13,"u":"12,60 €/KG","img":"https://fd5-photos.leclercdrive.fr/image.ashx?id=2829961&use=l&cat=p&typeid=i","cat":303868},{"id":19279,"n":"Sucre de canne Daddy En morceaux - 1kg","p":2.13,"u":"2,13 €/KG","img":"https://fd5-photos.leclercdrive.fr/image.ashx?id=2908576&use=l&cat=p&typeid=i","cat":284502},{"id":19284,"n":"Huile pépins de raisin Cauvin 1l","p":7.21,"u":"7,21 €/L","img":"https://fd5-photos.leclercdrive.fr/image.ashx?id=2479234&use=l&cat=p&typeid=i","cat":284453},{"id":19285,"n":"Sauce crudités Rustica Fines herbes - 50cl","p":0.88,"u":"1,76 €/L","img":"https://fd5-photos.leclercdrive.fr/image.ashx?id=1972916&use=l&cat=p&typeid=i","cat":284456},{"id":19293,"n":"Lait céréales bébé Blédiner 12m Carotte pois soir - 2x250ml","p":1.76,"u":"3,52 €/L","img":"https://fd5-photos.leclercdrive.fr/image.ashx?id=2949856&use=l&cat=p&typeid=i","cat":312239},{"id":19296,"n":"Gressins Tokapi Sésame - 125g","p":1.17,"u":"9,36 €/KG","img":"https://fd5-photos.leclercdrive.fr/image.ashx?id=1993574&use=l&cat=p&typeid=i","cat":297000},{"id":19297,"n":"Lait céréales bébé Blédiner 6m Potiron soir - 2x250ml","p":1.91,"u":"3,82 €/L","img":"https://fd5-photos.leclercdrive.fr/image.ashx?id=2960141&use=l&cat=p&typeid=i","cat":312239},{"id":19298,"n":"Gressins Tokapi  Huile d'olive romarin - 125g","p":1.41,"u":"11,28 €/KG","img":"https://fd5-photos.leclercdrive.fr/image.ashx?id=1993577&use=l&cat=p&typeid=i","cat":297000},{"id":19301,"n":"Céréales Tipiak Méditerranéennes 2x200g","p":1.82,"u":"4,55 €/KG","img":"https://fd5-photos.leclercdrive.fr/image.ashx?id=2766253&use=l&cat=p&typeid=i","cat":284429},{"id":19303,"n":"Mini penne Turini 500g","p":0.98,"u":"1,96 €/KG","img":"https://fd5-photos.leclercdrive.fr/image.ashx?id=3015063&use=l&cat=p&typeid=i","cat":284427},{"id":19304,"n":"Mini farfalle Turini 500g","p":1.26,"u":"2,52 €/KG","img":"https://fd5-photos.leclercdrive.fr/image.ashx?id=2607494&use=l&cat=p&typeid=i","cat":284427},{"id":19305,"n":"Pâtes Spaghetti Panzani 3 Minutes - 500G","p":1.22,"u":"2,44 €/KG","img":"https://fd5-photos.leclercdrive.fr/image.ashx?id=3008035&use=l&cat=p&typeid=i","cat":284427},{"id":19308,"n":"Epices pour guacamole Old el paso - 20g","p":1.04,"u":"52,00 €/KG","img":"https://fd5-photos.leclercdrive.fr/image.ashx?id=2858168&use=l&cat=p&typeid=i","cat":288993},{"id":19313,"n":"Tartelettes Bonne Maman A la framboise étui 135g","p":1.17,"u":"8,67 €/KG","img":"https://fd5-photos.leclercdrive.fr/image.ashx?id=2984383&use=l&cat=p&typeid=i","cat":284489},{"id":19319,"n":"Cookies Eco+ Pépites de chocolat - 200g","p":0.92,"u":"4,60 €/KG","img":"https://fd5-photos.leclercdrive.fr/image.ashx?id=2821875&use=l&cat=p&typeid=i","cat":325066},{"id":19347,"n":"Allume-feu Silex liquide 1L","p":3.99,"u":"3,99 €/L","img":"https://fd5-photos.leclercdrive.fr/image.ashx?id=2779193&use=l&cat=p&typeid=i","cat":300578},{"id":19353,"n":"Mao Croqui Haribo Sachet bonbons - 250g","p":1.33,"u":"5,32 €/KG","img":"https://fd5-photos.leclercdrive.fr/image.ashx?id=2805192&use=l&cat=p&typeid=i","cat":304250},{"id":19356,"n":"Infusion bio Jardin Bio Thym Menthe - x20 sachets - 30g","p":1.82,"u":"60,67 €/KG","img":"https://fd5-photos.leclercdrive.fr/image.ashx?id=2792654&use=l&cat=p&typeid=i","cat":293234},{"id":19364,"n":"Madeleines extra Ker Cadélac Coquilles moelleuses x24 - 600g","p":3.42,"u":"5,70 €/KG","img":"https://fd5-photos.leclercdrive.fr/image.ashx?id=2939511&use=l&cat=p&typeid=i","cat":284492},{"id":19366,"n":"Barres céréales Grany Chocolat - 125g","p":2.04,"u":"16,32 €/KG","img":"https://fd5-photos.leclercdrive.fr/image.ashx?id=2773613&use=l&cat=p&typeid=i","cat":285869},{"id":19367,"n":"Chocolat au lait Alter Eco  fondant Bio - 100g","p":2.76,"u":"27,60 €/KG","img":"https://fd5-photos.leclercdrive.fr/image.ashx?id=2912353&use=l&cat=p&typeid=i","cat":284497},{"id":19386,"n":"Méli mélo céréales lég Tipiak 330g","p":2.12,"u":"6,42 €/KG","img":"https://fd5-photos.leclercdrive.fr/image.ashx?id=2563715&use=l&cat=p&typeid=i","cat":284429},{"id":19392,"n":"Café moulu Eco+ Robusta - 4x250g","p":8.89,"u":"8,89 €/KG","img":"https://fd5-photos.leclercdrive.fr/image.ashx?id=2700954&use=l&cat=p&typeid=i","cat":284750},{"id":19393,"n":"Café moulu Eco+ Décaféiné - 250g","p":2.63,"u":"10,52 €/KG","img":"https://fd5-photos.leclercdrive.fr/image.ashx?id=2784171&use=l&cat=p&typeid=i","cat":284750},{"id":19400,"n":"Chocolat au lait Lindt Création Irish Coffee - 150g","p":2.81,"u":"18,73 €/KG","img":"https://fd5-photos.leclercdrive.fr/image.ashx?id=2462921&use=l&cat=p&typeid=i","cat":284497},{"id":19402,"n":"Chocolat Côte d'Or Noir pâte d'amandes 150g","p":3.09,"u":"20,60 €/KG","img":"https://fd5-photos.leclercdrive.fr/image.ashx?id=2985585&use=l&cat=p&typeid=i","cat":284956},{"id":19408,"n":"Soupe Velouté Bio Village Bio Légumes verts - 1L","p":2.42,"u":"2,42 €/L","img":"https://fd5-photos.leclercdrive.fr/image.ashx?id=2352237&use=l&cat=p&typeid=i","cat":284462},{"id":19411,"n":"Compote Allégée en sucres Eco+ Coupelle pomme - 4x100g","p":0.55,"u":"1,38 €/KG","img":"https://fd5-photos.leclercdrive.fr/image.ashx?id=2953188&use=l&cat=p&typeid=i","cat":284508},{"id":19416,"n":"Dessert fruitier Andros Pomme allégé 730g","p":1.17,"u":"1,60 €/KG","img":"https://fd5-photos.leclercdrive.fr/image.ashx?id=2369930&use=l&cat=p&typeid=i","cat":284508},{"id":19418,"n":"Pâtes serpentini Turini 500g","p":0.84,"u":"1,68 €/KG","img":"https://fd5-photos.leclercdrive.fr/image.ashx?id=2744231&use=l&cat=p&typeid=i","cat":284427},{"id":19420,"n":"Pâtes Torsades Turini Nature tomate épinard - 500g","p":1.1,"u":"2,20 €/KG","img":"https://fd5-photos.leclercdrive.fr/image.ashx?id=2607485&use=l&cat=p&typeid=i","cat":284427},{"id":19424,"n":"Spaghetti Turini Au blé complet - 500g","p":0.95,"u":"1,90 €/KG","img":"https://fd5-photos.leclercdrive.fr/image.ashx?id=2607497&use=l&cat=p&typeid=i","cat":284427},{"id":19426,"n":"Gâteaux L'Ourson Lulu LU Chocolat - 150g","p":1.24,"u":"8,27 €/KG","img":"https://fd5-photos.leclercdrive.fr/image.ashx?id=3014425&use=l&cat=p&typeid=i","cat":284495},{"id":19427,"n":"Pâtes penne Turini Blé complet - 500g","p":1.0,"u":"2,00 €/KG","img":"https://fd5-photos.leclercdrive.fr/image.ashx?id=2607500&use=l&cat=p&typeid=i","cat":284427},{"id":19432,"n":"Pains au chocolat Eco+ x10 - 450g","p":1.55,"u":"3,44 €/KG","img":"https://fd5-photos.leclercdrive.fr/image.ashx?id=2927833&use=l&cat=p&typeid=i","cat":296366},{"id":19433,"n":"Pain au lait Eco+ x10 - 400g","p":0.99,"u":"2,48 €/KG","img":"https://fd5-photos.leclercdrive.fr/image.ashx?id=2643578&use=l&cat=p&typeid=i","cat":293505},{"id":19435,"n":"Barres de céréales Special K Kellogg's Chocolat lait - 6x20g","p":2.01,"u":"16,75 €/KG","img":"https://fd5-photos.leclercdrive.fr/image.ashx?id=2306366&use=l&cat=p&typeid=i","cat":285869},{"id":19440,"n":"Flageolets d'aucy  Extra-fins - 530g","p":1.83,"u":"3,45 €/KG","img":"https://fd5-photos.leclercdrive.fr/image.ashx?id=2486152&use=l&cat=p&typeid=i","cat":312606},{"id":19442,"n":"Flageolets d'aucy  Extra-fins - 265g","p":1.41,"u":"5,32 €/KG","img":"https://fd5-photos.leclercdrive.fr/image.ashx?id=2503437&use=l&cat=p&typeid=i","cat":312606},{"id":19455,"n":"Confiture bio Jardin Bio Allégée framboises - 320g","p":2.49,"u":"7,78 €/KG","img":"https://fd5-photos.leclercdrive.fr/image.ashx?id=2537580&use=l&cat=p&typeid=i","cat":284480},{"id":19459,"n":"Flageolets cuisinés Roquelaure A l'auvergnate - 820g","p":2.42,"u":"2,95 €/KG","img":"https://fd5-photos.leclercdrive.fr/image.ashx?id=2928399&use=l&cat=p&typeid=i","cat":312606},{"id":19463,"n":"Sticks dentaires Lydog Moyen chien - x7 - 180g","p":1.39,"u":"7,72 €/KG","img":"https://fd5-photos.leclercdrive.fr/image.ashx?id=1878598&use=l&cat=p&typeid=i","cat":294527},{"id":19464,"n":"Carottes rondelles D'aucy  240g","p":0.97,"u":"4,04 €/KG","img":"https://fd5-photos.leclercdrive.fr/image.ashx?id=2503431&use=l&cat=p&typeid=i","cat":312607},{"id":19470,"n":"Gourmandise de Pois Cassegrain à la Provençale 375g","p":3.58,"u":"9,55 €/KG","img":"https://fd5-photos.leclercdrive.fr/image.ashx?id=2912998&use=l&cat=p&typeid=i","cat":312607},{"id":19472,"n":"Fruits au sirop Del Monte Ananas en tranches - 350g","p":2.52,"u":"7,20 €/KG","img":"https://fd5-photos.leclercdrive.fr/image.ashx?id=2802326&use=l&cat=p&typeid=i","cat":284507},{"id":19473,"n":"Assiettes rondes Homeside Biodégradables 23cm x25","p":2.99,"img":"https://fd5-photos.leclercdrive.fr/image.ashx?id=1659687&use=l&cat=p&typeid=i","cat":334134},{"id":19487,"n":"Cassoulet Toulousain   Raynal Et Roquelaure - 840g","p":4.4,"u":"5,24 €/KG","img":"https://fd5-photos.leclercdrive.fr/image.ashx?id=2928387&use=l&cat=p&typeid=i","cat":284440},{"id":19491,"n":"Couscous tunisien Côté Table Kefta merguez - 300g","p":2.19,"u":"7,30 €/KG","img":"https://fd5-photos.leclercdrive.fr/image.ashx?id=2900097&use=l&cat=p&typeid=i","cat":284953},{"id":19493,"n":"Colin d'alaska Côté Table Barquette micro-ondable 300g","p":1.99,"u":"6,63 €/KG","img":"https://fd5-photos.leclercdrive.fr/image.ashx?id=2770311&use=l&cat=p&typeid=i","cat":284953},{"id":19505,"n":"Olives vertes Crespo Dénoyautées 160g","p":2.02,"u":"12,63 €/KG","img":"https://fd5-photos.leclercdrive.fr/image.ashx?id=2616895&use=l&cat=p&typeid=i","cat":284458},{"id":19518,"n":"Cahier de Brouillon Eco+ 96 pages","p":0.49,"img":"https://fd5-photos.leclercdrive.fr/image.ashx?id=2943133&use=l&cat=p&typeid=i","cat":284697},{"id":19519,"n":"Enveloppes Eco+ 11,4x16,2cm - x100","p":1.53,"u":"0,02 €/P","img":"https://fd5-photos.leclercdrive.fr/image.ashx?id=1698592&use=l&cat=p&typeid=i","cat":284697},{"id":19535,"n":"Stick lèvres Inell Nourrissant - 2 pièces","p":1.99,"u":"1,00 €/P","img":"https://fd5-photos.leclercdrive.fr/image.ashx?id=2841622&use=l&cat=p&typeid=i","cat":285485},{"id":19542,"n":"Filets de saumon rose Findus Pacifique - MSC - x4 - 400g","p":11.59,"u":"28,98 €/KG","img":"https://fd5-photos.leclercdrive.fr/image.ashx?id=2735326&use=l&cat=p&typeid=i","cat":319786},{"id":19561,"n":"Bananes 1kg","p":3.51,"u":"3,51 €/KG","img":"https://fd5-photos.leclercdrive.fr/image.ashx?id=1628476&use=l&cat=p&typeid=i","cat":284356},{"id":19575,"n":"Lait démaquillant Inell Douceur 250ml","p":1.59,"u":"6,36 €/L","img":"https://fd5-photos.leclercdrive.fr/image.ashx?id=2691622&use=l&cat=p&typeid=i","cat":284603},{"id":19601,"n":"Gâteaux marbrés P'tit Déli x14 378g","p":2.97,"u":"7,86 €/KG","img":"https://fd5-photos.leclercdrive.fr/image.ashx?id=1947363&use=l&cat=p&typeid=i","cat":284495},{"id":19604,"n":"Gâteaux P'tit Déli A base de yaourt x7 - 189g","p":1.88,"u":"9,95 €/KG","img":"https://fd5-photos.leclercdrive.fr/image.ashx?id=2059086&use=l&cat=p&typeid=i","cat":294776},{"id":19609,"n":"Tuiles Tokapi Fromage - 170g","p":1.39,"u":"8,18 €/KG","img":"https://fd5-photos.leclercdrive.fr/image.ashx?id=2647426&use=l&cat=p&typeid=i","cat":287899},{"id":19611,"n":"Soupe Velouté Régal Soupe Tomates - 2x30cl","p":1.49,"u":"2,48 €/L","img":"https://fd5-photos.leclercdrive.fr/image.ashx?id=2819271&use=l&cat=p&typeid=i","cat":284462},{"id":19617,"n":"Soupe Boeuf tomates Régal Soupe Vermicelles - 54g","p":0.99,"u":"18,33 €/KG","img":"https://fd5-photos.leclercdrive.fr/image.ashx?id=2663278&use=l&cat=p&typeid=i","cat":284463},{"id":19622,"n":"Soupe Minestrone Régal Soupe Déshydratée - 104g","p":0.68,"u":"6,54 €/KG","img":"https://fd5-photos.leclercdrive.fr/image.ashx?id=2663275&use=l&cat=p&typeid=i","cat":284463},{"id":19625,"n":"Mini goûters P'tit Déli Fraise 168g","p":1.13,"u":"6,73 €/KG","img":"https://fd5-photos.leclercdrive.fr/image.ashx?id=2310498&use=l&cat=p&typeid=i","cat":284489},{"id":19633,"n":"Soufflés Tornades Tokapi Nature - 85g","p":0.69,"u":"8,12 €/KG","img":"https://fd5-photos.leclercdrive.fr/image.ashx?id=1855969&use=l&cat=p&typeid=i","cat":284449},{"id":19635,"n":"Soufflés Tornades Tokapi Bacon - 85g","p":0.68,"u":"8,00 €/KG","img":"https://fd5-photos.leclercdrive.fr/image.ashx?id=1855966&use=l&cat=p&typeid=i","cat":284449},{"id":19639,"n":"Bougies chauffe plats Eco+ Blanches - x100","p":3.23,"u":"0,03 €/P","img":"https://fd5-photos.leclercdrive.fr/image.ashx?id=2635544&use=l&cat=p&typeid=i","cat":335913},{"id":19643,"n":"Muesli Floconneux Bio Village Fruits secs Bio - 500g","p":2.13,"u":"4,26 €/KG","img":"https://fd5-photos.leclercdrive.fr/image.ashx?id=2869808&use=l&cat=p&typeid=i","cat":309512},{"id":19644,"n":"Assiettes rondes Homeside Dessert Biodégradables 18cm x25","p":2.23,"img":"https://fd5-photos.leclercdrive.fr/image.ashx?id=1659684&use=l&cat=p&typeid=i","cat":334134},{"id":19645,"n":"Mini-crêpes fourrées Tokapi Cheddar - 65g","p":1.99,"u":"30,62 €/KG","img":"https://fd5-photos.leclercdrive.fr/image.ashx?id=2853889&use=l&cat=p&typeid=i","cat":297000},{"id":19660,"n":"Cordons bleus Pic'Express Au poulet 4x100g","p":3.63,"u":"9,08 €/KG","img":"https://fd5-photos.leclercdrive.fr/image.ashx?id=2852949&use=l&cat=p&typeid=i","cat":319780},{"id":19684,"n":"tofu nature bio bjorg  - 2x200g","p":2.6,"u":"6,50 €/KG","img":"https://fd5-photos.leclercdrive.fr/image.ashx?id=2907979&use=l&cat=p&typeid=i","cat":284953},{"id":19699,"n":"Sucre pure canne blond Beghin Say - 1kg","p":2.61,"u":"2,61 €/KG","img":"https://fd5-photos.leclercdrive.fr/image.ashx?id=2977321&use=l&cat=p&typeid=i","cat":284502},{"id":19700,"n":"Sucre spécial confiture Daddy 1kg","p":1.93,"u":"1,93 €/KG","img":"https://fd5-photos.leclercdrive.fr/image.ashx?id=2975858&use=l&cat=p&typeid=i","cat":284502},{"id":19701,"n":"Salade Piémontaise Petit Navire Au thon - 220g","p":1.89,"u":"8,59 €/KG","img":"https://fd5-photos.leclercdrive.fr/image.ashx?id=2829655&use=l&cat=p&typeid=i","cat":284437},{"id":19702,"n":"Sucre en poudre Béghin Say 750g","p":1.45,"u":"1,93 €/KG","img":"https://fd5-photos.leclercdrive.fr/image.ashx?id=2866352&use=l&cat=p&typeid=i","cat":284502},{"id":19704,"n":"Sardines NRT St-Gilles Label Rouge à l'huile - 115g","p":2.25,"u":"19,57 €/KG","img":"https://fd5-photos.leclercdrive.fr/image.ashx?id=2791090&use=l&cat=p&typeid=i","cat":305146},{"id":19709,"n":"Chili con carne Zapetti 800g","p":3.88,"u":"4,85 €/KG","img":"https://fd5-photos.leclercdrive.fr/image.ashx?id=2545717&use=l&cat=p&typeid=i","cat":325094},{"id":19715,"n":"Tarama oeufs de cabillaud Blini 100g","p":1.36,"u":"13,60 €/KG","img":"https://fd5-photos.leclercdrive.fr/image.ashx?id=2640479&use=l&cat=p&typeid=i","cat":316032},{"id":19719,"n":"Yaourts Lait entier Bio Village Bio Vanille - 4x125g","p":1.27,"u":"2,54 €/KG","img":"https://fd5-photos.leclercdrive.fr/image.ashx?id=2702336&use=l&cat=p&typeid=i","cat":286006},{"id":19723,"n":"Sacs congélation zip Elembal Grand x15","p":1.8,"u":"0,12 €/P","img":"https://fd5-photos.leclercdrive.fr/image.ashx?id=2751889&use=l&cat=p&typeid=i","cat":334134},{"id":19729,"n":"Biscuit P'tit Déli Palmiers Chocolat au lait 110g","p":1.25,"u":"11,36 €/KG","img":"https://fd5-photos.leclercdrive.fr/image.ashx?id=2573403&use=l&cat=p&typeid=i","cat":284488},{"id":19732,"n":"Les p'tites spirales P'tit Déli Chocolat  x6 - 150g","p":1.35,"u":"9,00 €/KG","img":"https://fd5-photos.leclercdrive.fr/image.ashx?id=2660422&use=l&cat=p&typeid=i","cat":284495},{"id":19743,"n":"Déodorant atomiseur Carré Homme Musc 200ml","p":1.35,"u":"6,75 €/L","img":"https://fd5-photos.leclercdrive.fr/image.ashx?id=2375998&use=l&cat=p&typeid=i","cat":284618},{"id":19744,"n":"Déodorant atomiseur Carré Homme Marine 200ml","p":1.35,"u":"6,75 €/L","img":"https://fd5-photos.leclercdrive.fr/image.ashx?id=2390707&use=l&cat=p&typeid=i","cat":284618},{"id":19750,"n":"Cotons Duo Démaquillants Inell Duo carré - Disques x50","p":1.24,"u":"0,02 €/P","img":"https://fd5-photos.leclercdrive.fr/image.ashx?id=1709937&use=l&cat=p&typeid=i","cat":285593},{"id":19756,"n":"Gaufres fines du Nord NRT 300g","p":3.5,"u":"11,67 €/KG","img":"https://fd5-photos.leclercdrive.fr/image.ashx?id=2622320&use=l&cat=p&typeid=i","cat":284487},{"id":19758,"n":"Essuie-tout Bobine Uni Vert Compact - 500 feuilles x1","p":4.5,"img":"https://fd5-photos.leclercdrive.fr/image.ashx?id=2684826&use=l&cat=p&typeid=i","cat":284635},{"id":19788,"n":"Stick lèvres Inell Hydratant - 2 pièces","p":1.5,"u":"0,75 €/P","img":"https://fd5-photos.leclercdrive.fr/image.ashx?id=2776042&use=l&cat=p&typeid=i","cat":285485},{"id":19796,"n":"Papier aluminium Elembal 30m","p":2.76,"img":"https://fd5-photos.leclercdrive.fr/image.ashx?id=2854231&use=l&cat=p&typeid=i","cat":334134},{"id":19798,"n":"Dissolvant doux Inell Sans acétone - 150ml","p":1.42,"u":"9,47 €/L","img":"https://fd5-photos.leclercdrive.fr/image.ashx?id=2691640&use=l&cat=p&typeid=i","cat":325347},{"id":19856,"n":"Pâtes Barilla Coquillettes - 1kg","p":1.74,"u":"1,74 €/KG","img":"https://fd5-photos.leclercdrive.fr/image.ashx?id=2392230&use=l&cat=p&typeid=i","cat":284427},{"id":19869,"n":"Sirop d'agave Sunny Via 350g","p":2.5,"u":"7,14 €/KG","img":"https://fd5-photos.leclercdrive.fr/image.ashx?id=3004834&use=l&cat=p&typeid=i","cat":287643},{"id":19874,"n":"Clafoutis La Laitière Aux cerises - 4x85g","p":2.45,"u":"7,21 €/KG","img":"https://fd5-photos.leclercdrive.fr/image.ashx?id=2628230&use=l&cat=p&typeid=i","cat":284419},{"id":19875,"n":"Clafoutis La Laitière Aux abricots - 4x85g","p":2.9,"u":"8,53 €/KG","img":"https://fd5-photos.leclercdrive.fr/image.ashx?id=3007975&use=l&cat=p&typeid=i","cat":284419},{"id":19877,"n":"Mozzarella Spécial Cuisine Les Croisés - 400g","p":2.94,"u":"7,35 €/KG","img":"https://fd5-photos.leclercdrive.fr/image.ashx?id=2992531&use=l&cat=p&typeid=i","cat":314026},{"id":19880,"n":"Gâteau Autour du Dessert Moelleux au Chocolat - 450g","p":5.35,"u":"11,89 €/KG","img":"https://fd5-photos.leclercdrive.fr/image.ashx?id=2856278&use=l&cat=p&typeid=i","cat":284267},{"id":19881,"n":"Dés Salakis herbes de Provence Fromage brebis - 300g","p":3.15,"u":"10,50 €/KG","img":"https://fd5-photos.leclercdrive.fr/image.ashx?id=2729686&use=l&cat=p&typeid=i","cat":314026},{"id":19898,"n":"Oeufs frais Matines x12","p":2.55,"u":"0,21 €/P","img":"https://fd5-photos.leclercdrive.fr/image.ashx?id=2796231&use=l&cat=p&typeid=i","cat":284378},{"id":19901,"n":"Oeufs De Nos Villages Plein air, moyen  - x12","p":3.07,"u":"0,26 €/P","img":"https://fd5-photos.leclercdrive.fr/image.ashx?id=2153942&use=l&cat=p&typeid=i","cat":284378},{"id":19903,"n":"Camembert portion Président 8 pièces - 240g","p":2.82,"u":"11,75 €/KG","img":"https://fd5-photos.leclercdrive.fr/image.ashx?id=2870377&use=l&cat=p&typeid=i","cat":314033},{"id":19906,"n":"Yaourts brassés aux fruits Bio Bio village - 12x125g","p":4.49,"u":"2,99 €/KG","img":"https://fd5-photos.leclercdrive.fr/image.ashx?id=2841971&use=l&cat=p&typeid=i","cat":284410},{"id":19909,"n":"Yaourts Lait entier Bio Village Bio Vanille - 12x125g","p":3.27,"u":"2,18 €/KG","img":"https://fd5-photos.leclercdrive.fr/image.ashx?id=2032376&use=l&cat=p&typeid=i","cat":286006},{"id":19913,"n":"Mousse liégeoise Viennois  Chocolat - 4x90g","p":1.57,"u":"4,36 €/KG","img":"https://fd5-photos.leclercdrive.fr/image.ashx?id=2785172&use=l&cat=p&typeid=i","cat":285042},{"id":19918,"n":"Poêlée sarladaise Paysan Breton 750g","p":3.54,"u":"4,72 €/KG","img":"https://fd5-photos.leclercdrive.fr/image.ashx?id=2882391&use=l&cat=p&typeid=i","cat":319823},{"id":19920,"n":"Dessert aux fruits Sojasun Morceaux de cerises - 4x100g","p":1.57,"u":"3,93 €/P","img":"https://fd5-photos.leclercdrive.fr/image.ashx?id=2355677&use=l&cat=p&typeid=i","cat":316071},{"id":19924,"n":"Dessert fruitier pomme Bio Bio village - 4x100g","p":1.73,"u":"4,33 €/KG","img":"https://fd5-photos.leclercdrive.fr/image.ashx?id=2462427&use=l&cat=p&typeid=i","cat":284416},{"id":19926,"n":"Yaourt à boire Danacol Danone Nature - 4x100g","p":2.77,"u":"6,93 €/KG","img":"https://fd5-photos.leclercdrive.fr/image.ashx?id=2069537&use=l&cat=p&typeid=i","cat":315000},{"id":19933,"n":"Pizza Crousti-moelleuse Marie Royale - 3x400g","p":6.15,"u":"5,13 €/KG","img":"https://fd5-photos.leclercdrive.fr/image.ashx?id=2996800&use=l&cat=p&typeid=i","cat":284256},{"id":19935,"n":"Pizza Crousti-moelleuse Marie 4 fromages - 3x390g","p":5.89,"u":"5,03 €/KG","img":"https://fd5-photos.leclercdrive.fr/image.ashx?id=2996803&use=l&cat=p&typeid=i","cat":284256},{"id":19941,"n":"Pur jus d'orange Jafaden Avec pulpe - 1L","p":2.45,"u":"2,45 €/L","img":"https://fd5-photos.leclercdrive.fr/image.ashx?id=2395258&use=l&cat=p&typeid=i","cat":285435},{"id":19948,"n":"fromage blanc sous mousse gervita fraise melba - 4x100g","p":1.95,"u":"4,88 €/KG","img":"https://fd5-photos.leclercdrive.fr/image.ashx?id=2103400&use=l&cat=p&typeid=i","cat":284409},{"id":19957,"n":"Purée brocolis Notre Jardin Nature 750g","p":1.69,"u":"2,25 €/KG","img":"https://fd5-photos.leclercdrive.fr/image.ashx?id=2856163&use=l&cat=p&typeid=i","cat":319805},{"id":19960,"n":"Purée carottes Notre Jardin Nature 750g","p":2.43,"u":"3,24 €/KG","img":"https://fd5-photos.leclercdrive.fr/image.ashx?id=2856166&use=l&cat=p&typeid=i","cat":319805},{"id":19991,"n":"Fromage frais Délisse Fruits panachés - 6x100g","p":2.56,"u":"4,27 €/KG","img":"https://fd5-photos.leclercdrive.fr/image.ashx?id=2913669&use=l&cat=p&typeid=i","cat":284414},{"id":19993,"n":"Crème dessert Délisse Vanille sur lit chocolat 4x125g","p":1.42,"u":"2,84 €/KG","img":"https://fd5-photos.leclercdrive.fr/image.ashx?id=2841950&use=l&cat=p&typeid=i","cat":285041},{"id":20010,"n":"Yaourts lait entier nature Bio  Bio village - 12x125g","p":2.46,"u":"1,64 €/KG","img":"https://fd5-photos.leclercdrive.fr/image.ashx?id=2102992&use=l&cat=p&typeid=i","cat":284409},{"id":20012,"n":"Pack confiturier Le Parfait 6 x 385ml","p":9.67,"u":"4,19 €/L","img":"https://fd5-photos.leclercdrive.fr/image.ashx?id=2807486&use=l&cat=p&typeid=i","cat":284710},{"id":20030,"n":"Mayonnaise Colona Tube 500ml","p":3.02,"u":"6,04 €/L","img":"https://fd5-photos.leclercdrive.fr/image.ashx?id=2687176&use=l&cat=p&typeid=i","cat":298295},{"id":20031,"n":"Sauce Hannibal Colona 500ml","p":2.71,"u":"5,42 €/L","img":"https://fd5-photos.leclercdrive.fr/image.ashx?id=2687179&use=l&cat=p&typeid=i","cat":318431},{"id":20032,"n":"Whisky Jack Daniel's Old N°7 1L","p":28.5,"pp":25.65,"u":"25,65 €/L","img":"https://fd5-photos.leclercdrive.fr/image.ashx?id=2805189&use=l&cat=p&typeid=i","cat":284547},{"id":20034,"n":"Crème dessert La Laitière Pot crème biscuit - 4x100g","p":2.13,"u":"5,33 €/KG","img":"https://fd5-photos.leclercdrive.fr/image.ashx?id=2692128&use=l&cat=p&typeid=i","cat":285041},{"id":20038,"n":"Crème aux œufs La Laitière lit de caramel - 4x100g","p":1.71,"u":"4,28 €/KG","img":"https://fd5-photos.leclercdrive.fr/image.ashx?id=2744593&use=l&cat=p&typeid=i","cat":284419},{"id":20042,"n":"Bière blonde Leffe Rituel 9% - 75cl","p":3.31,"u":"4,41 €/L","img":"https://fd5-photos.leclercdrive.fr/image.ashx?id=1890052&use=l&cat=p&typeid=i","cat":334852},{"id":20043,"n":"Gâteaux de riz La Laitière   Caramel - 4x100g","p":2.59,"u":"6,48 €/KG","img":"https://fd5-photos.leclercdrive.fr/image.ashx?id=2630202&use=l&cat=p&typeid=i","cat":284418},{"id":20044,"n":"Bière Leffe Ruby 5% - 75cl","p":3.22,"u":"4,29 €/L","img":"https://fd5-photos.leclercdrive.fr/image.ashx?id=1589629&use=l&cat=p&typeid=i","cat":334878},{"id":20050,"n":"Bière belge Duvel 8,5%vol. - 33cl","p":1.73,"u":"5,24 €/L","img":"https://fd5-photos.leclercdrive.fr/image.ashx?id=2389304&use=l&cat=p&typeid=i","cat":334872},{"id":20052,"n":"Spiritueux Kirsch Sylvain 18%vol sous blister 20cl","p":2.39,"u":"11,95 €/L","img":"https://fd5-photos.leclercdrive.fr/image.ashx?id=2962239&use=l&cat=p&typeid=i","cat":286032},{"id":20060,"n":"Biscuits Gouda Delacre Canasta  Fourrés fromage - 75g","p":1.71,"u":"22,80 €/KG","img":"https://fd5-photos.leclercdrive.fr/image.ashx?id=2661841&use=l&cat=p&typeid=i","cat":297000},{"id":20085,"n":"Bière bleue Chimay Brune - 9%vol. - 33cl","p":1.89,"u":"5,73 €/L","img":"https://fd5-photos.leclercdrive.fr/image.ashx?id=1758849&use=l&cat=p&typeid=i","cat":334872},{"id":20086,"n":"Bière brune Chimay Rouge - 7%vol. - 33cl","p":1.47,"u":"4,45 €/L","img":"https://fd5-photos.leclercdrive.fr/image.ashx?id=1758843&use=l&cat=p&typeid=i","cat":334872},{"id":20099,"n":"Boules Démanquillantes Inell x100","p":1.4,"u":"0,01 €/P","img":"https://fd5-photos.leclercdrive.fr/image.ashx?id=2558802&use=l&cat=p&typeid=i","cat":285593},{"id":20109,"n":"Whisky Bourbon John Davon's 40%vol. - 70cl","p":13.15,"u":"18,79 €/L","img":"https://fd5-photos.leclercdrive.fr/image.ashx?id=2907177&use=l&cat=p&typeid=i","cat":284547},{"id":20110,"n":"Jus d'orange Jafaden A base de concentré  - 6x1L","p":10.56,"u":"1,76 €/L","img":"https://fd5-photos.leclercdrive.fr/image.ashx?id=2842486&use=l&cat=p&typeid=i","cat":284521},{"id":20138,"n":"Chips Pom'Lisse Nature - 200g","p":1.19,"u":"5,95 €/KG","img":"https://fd5-photos.leclercdrive.fr/image.ashx?id=2494148&use=l&cat=p&typeid=i","cat":284447},{"id":20146,"n":"Brique de brebis Les Croisés 150g","p":2.45,"u":"16,33 €/KG","img":"https://fd5-photos.leclercdrive.fr/image.ashx?id=2645903&use=l&cat=p&typeid=i","cat":314031},{"id":20154,"n":"Pâtes Barilla Macaroni - 1kg","p":1.79,"u":"1,79 €/KG","img":"https://fd5-photos.leclercdrive.fr/image.ashx?id=2602317&use=l&cat=p&typeid=i","cat":284427},{"id":20172,"n":"Petits pots bébé P'TIT SOUPER Aubergine pâtes 8M+ - 2x200g","p":1.76,"u":"4,40 €/KG","img":"https://fd5-photos.leclercdrive.fr/image.ashx?id=2526511&use=l&cat=p&typeid=i","cat":312239},{"id":20175,"n":"Petits pots bébé P'TIT SOUPER  7 légumes 8M+ - 2x200g","p":1.7,"u":"4,25 €/KG","img":"https://fd5-photos.leclercdrive.fr/image.ashx?id=2526508&use=l&cat=p&typeid=i","cat":312239},{"id":20179,"n":"Crème UHT Elle&Vire Fluide Légère - 12% MG - 3x20cl","p":3.3,"u":"5,50 €/L","img":"https://fd5-photos.leclercdrive.fr/image.ashx?id=2810771&use=l&cat=p&typeid=i","cat":284381},{"id":20180,"n":"Crème Fraîche Elle&Vire Epaisse Légère - 12% MG - 33cl","p":1.62,"u":"4,91 €/L","img":"https://fd5-photos.leclercdrive.fr/image.ashx?id=2871949&use=l&cat=p&typeid=i","cat":284381},{"id":20183,"n":"Emmental français Entremont 45%mg - 250g","p":2.51,"u":"10,04 €/KG","img":"https://fd5-photos.leclercdrive.fr/image.ashx?id=2983138&use=l&cat=p&typeid=i","cat":314034},{"id":20195,"n":"Camembert Isigny Ste Mère Au lait cru - 250g","p":3.28,"u":"13,12 €/KG","img":"https://fd5-photos.leclercdrive.fr/image.ashx?id=2284415&use=l&cat=p&typeid=i","cat":314033},{"id":20213,"n":"Camembert Cœur de Lion  8 portions - 240g","p":2.65,"u":"11,04 €/KG","img":"https://fd5-photos.leclercdrive.fr/image.ashx?id=2767962&use=l&cat=p&typeid=i","cat":314033},{"id":20214,"n":"Mousse Délisse Caramel beurre salé - 4x60g","p":1.44,"u":"6,00 €/KG","img":"https://fd5-photos.leclercdrive.fr/image.ashx?id=3009511&use=l&cat=p&typeid=i","cat":284417},{"id":20218,"n":"Mozzarella vache Casa Azzurra Boule - 125g","p":1.0,"u":"8,00 €/KG","img":"https://fd5-photos.leclercdrive.fr/image.ashx?id=2904302&use=l&cat=p&typeid=i","cat":314026},{"id":20220,"n":"Flan Délisse Chocolat - 12x100g","p":3.45,"u":"2,88 €/KG","img":"https://fd5-photos.leclercdrive.fr/image.ashx?id=2989932&use=l&cat=p&typeid=i","cat":284420},{"id":20222,"n":"Ricotta Casa Azzurra 250g","p":1.51,"u":"6,04 €/KG","img":"https://fd5-photos.leclercdrive.fr/image.ashx?id=1849630&use=l&cat=p&typeid=i","cat":314026},{"id":20228,"n":"Crème aux oeufs Délisse Lit caramel - 4x100g","p":1.59,"u":"3,98 €/KG","img":"https://fd5-photos.leclercdrive.fr/image.ashx?id=2970616&use=l&cat=p&typeid=i","cat":284419},{"id":20239,"n":"Gâteaux fourrés P'tit Déli Chocolat x7 - 189g","p":2.18,"u":"11,53 €/KG","img":"https://fd5-photos.leclercdrive.fr/image.ashx?id=2554517&use=l&cat=p&typeid=i","cat":284495},{"id":20244,"n":"Compotes Pom'Potes Gourdes BIO  Pomme Nature - 12x90g","p":6.1,"u":"5,65 €/KG","img":"https://fd5-photos.leclercdrive.fr/image.ashx?id=2901608&use=l&cat=p&typeid=i","cat":284508},{"id":20247,"n":"Lait écrémé Bio Village Bio - UHT - Bouteille : 1L","p":1.1,"u":"1,10 €/L","img":"https://fd5-photos.leclercdrive.fr/image.ashx?id=1670810&use=l&cat=p&typeid=i","cat":284949},{"id":20258,"n":"Biscuit bio Céréal Bio  Chocolat Noir intense - 132g","p":1.61,"u":"12,20 €/KG","img":"https://fd5-photos.leclercdrive.fr/image.ashx?id=2574278&use=l&cat=p&typeid=i","cat":284487},{"id":20267,"n":"Compote bio Bio Village Coupelle pomme poire - 4x100g","p":2.29,"u":"5,73 €/KG","img":"https://fd5-photos.leclercdrive.fr/image.ashx?id=2442710&use=l&cat=p&typeid=i","cat":284508},{"id":20288,"n":"Soufflés Snack's Tokapi Cacahuète - 55g","p":0.39,"u":"7,09 €/KG","img":"https://fd5-photos.leclercdrive.fr/image.ashx?id=2844517&use=l&cat=p&typeid=i","cat":284449},{"id":20291,"n":"Déodorant bille Manava Vanille 50ml","p":1.29,"u":"25,80 €/L","img":"https://fd5-photos.leclercdrive.fr/image.ashx?id=2481213&use=l&cat=p&typeid=i","cat":284595},{"id":20292,"n":"Déodorant bille Manava Anti traces 50ml","p":0.69,"u":"13,80 €/L","img":"https://fd5-photos.leclercdrive.fr/image.ashx?id=2481216&use=l&cat=p&typeid=i","cat":284595},{"id":20299,"n":"AOC Saint Mont rouge  Marquis de Seillan - 75cl","p":4.99,"pp":3.29,"u":"4,39 €/L","img":"https://fd5-photos.leclercdrive.fr/image.ashx?id=2753982&use=l&cat=p&typeid=i","cat":289556},{"id":20300,"n":"Tarte Tomates Chèvre Courgette Côté Table - 400g","p":2.81,"u":"7,03 €/KG","img":"https://fd5-photos.leclercdrive.fr/image.ashx?id=2791767&use=l&cat=p&typeid=i","cat":284257},{"id":20306,"n":"Rillettes crabe Ronde des Mers 150g","p":1.99,"u":"13,27 €/KG","img":"https://fd5-photos.leclercdrive.fr/image.ashx?id=2981876&use=l&cat=p&typeid=i","cat":285191},{"id":20307,"n":"Crème glacée Bio Bio Village Vanille - Bac 450g","p":2.86,"u":"6,36 €/KG","img":"https://fd5-photos.leclercdrive.fr/image.ashx?id=2902570&use=l&cat=p&typeid=i","cat":284263},{"id":20309,"n":"Jambon supérieur Tradilège -25% de sel - Découenné x4-160g","p":1.95,"u":"12,19 €/KG","img":"https://fd5-photos.leclercdrive.fr/image.ashx?id=2991518&use=l&cat=p&typeid=i","cat":316009},{"id":20353,"n":"chocolat alter eco noir  ecorces d'orange bio - 100g","p":2.63,"u":"26,30 €/KG","img":"https://fd5-photos.leclercdrive.fr/image.ashx?id=2906532&use=l&cat=p&typeid=i","cat":284956},{"id":20362,"n":"Coeurs filets merlu Pêche Océan MSC 4 à 5 pièces 400g","p":5.3,"u":"13,25 €/KG","img":"https://fd5-photos.leclercdrive.fr/image.ashx?id=2953725&use=l&cat=p&typeid=i","cat":319786},{"id":20376,"n":"Colin d'Alaska Marie Beurre citron thym - 400g","p":4.44,"u":"11,10 €/KG","img":"https://fd5-photos.leclercdrive.fr/image.ashx?id=2996809&use=l&cat=p&typeid=i","cat":319786},{"id":20380,"n":"Jambon cru 6 tranches Aoste sans conservateur - 165g","p":4.22,"u":"25,58 €/KG","img":"https://fd5-photos.leclercdrive.fr/image.ashx?id=2950285&use=l&cat=p&typeid=i","cat":316007},{"id":20397,"n":"Tagliatelles Weight Watchers Poulet champignons 300g","p":3.31,"u":"11,03 €/KG","img":"https://fd5-photos.leclercdrive.fr/image.ashx?id=2960759&use=l&cat=p&typeid=i","cat":333665},{"id":20414,"n":"Essuie-tout blanc Mimosa Super absorbant - x2","p":2.75,"u":"1,38 €/P","img":"https://fd5-photos.leclercdrive.fr/image.ashx?id=2727371&use=l&cat=p&typeid=i","cat":284635},{"id":20423,"n":"Emincé poulet farfalles Marie Aux champignons 280g","p":3.86,"u":"13,79 €/KG","img":"https://fd5-photos.leclercdrive.fr/image.ashx?id=2317411&use=l&cat=p&typeid=i","cat":333665},{"id":20429,"n":"Clafoutis aux cerises Délisse 4x85g","p":2.25,"u":"6,62 €/KG","img":"https://fd5-photos.leclercdrive.fr/image.ashx?id=2891776&use=l&cat=p&typeid=i","cat":284419},{"id":20439,"n":"Marmite pêcheur Ttoro 1.5kg","p":6.51,"u":"4,34 €/KG","img":"https://fd5-photos.leclercdrive.fr/image.ashx?id=2786582&use=l&cat=p&typeid=i","cat":284254},{"id":20441,"n":"Sardines Titus Huile d'olive - 3x125g","p":4.74,"u":"12,64 €/KG","img":"https://fd5-photos.leclercdrive.fr/image.ashx?id=2475810&use=l&cat=p&typeid=i","cat":305146},{"id":20447,"n":"Chips Pom'lisse Nature - 350g","p":1.89,"u":"5,40 €/KG","img":"https://fd5-photos.leclercdrive.fr/image.ashx?id=2498596&use=l&cat=p&typeid=i","cat":284447},{"id":20452,"n":"Paëlla Valenciana Fleury Michon 400g","p":3.27,"u":"8,18 €/KG","img":"https://fd5-photos.leclercdrive.fr/image.ashx?id=2656739&use=l&cat=p&typeid=i","cat":333665},{"id":20455,"n":"Taboulé à la menthe Bonduelle 300g","p":1.39,"u":"4,63 €/KG","img":"https://fd5-photos.leclercdrive.fr/image.ashx?id=2907893&use=l&cat=p&typeid=i","cat":333657},{"id":20463,"n":"Sandwich Club Sodebo Simple&Bon  Jambon Beurre - 125g","p":1.77,"u":"14,16 €/KG","img":"https://fd5-photos.leclercdrive.fr/image.ashx?id=2768189&use=l&cat=p&typeid=i","cat":333658},{"id":20468,"n":"Blanc de poulet Fleury Michon -25% de sel - x2 - 80g","p":1.42,"u":"17,75 €/KG","img":"https://fd5-photos.leclercdrive.fr/image.ashx?id=2885971&use=l&cat=p&typeid=i","cat":316010},{"id":20484,"n":"AOP Cabernet d'Anjou rosé Plessis-Duval - 75cl","p":4.81,"u":"6,41 €/L","img":"https://fd5-photos.leclercdrive.fr/image.ashx?id=2941035&use=l&cat=p&typeid=i","cat":289558},{"id":20495,"n":"Boisson Jafaden Cranberry Light - 1L","p":1.59,"u":"1,59 €/L","img":"https://fd5-photos.leclercdrive.fr/image.ashx?id=2584014&use=l&cat=p&typeid=i","cat":284915},{"id":20501,"n":"Yaourts aux fruits Délisse Fruits Jaunes - 8x125g","p":2.29,"u":"2,29 €/KG","img":"https://fd5-photos.leclercdrive.fr/image.ashx?id=2533319&use=l&cat=p&typeid=i","cat":284410},{"id":20545,"n":"Haricots verts Bio Bio Village 600g","p":1.46,"u":"2,43 €/KG","img":"https://fd5-photos.leclercdrive.fr/image.ashx?id=2891812&use=l&cat=p&typeid=i","cat":319805},{"id":20554,"n":"Sardines Pêche Océan Huile de tournesol - 3x135g","p":2.83,"u":"6,99 €/KG","img":"https://fd5-photos.leclercdrive.fr/image.ashx?id=2692955&use=l&cat=p&typeid=i","cat":305146},{"id":20603,"n":"Sauce à l'Echalote Rustica Déshydratée 33g","p":0.68,"u":"20,61 €/KG","img":"https://fd5-photos.leclercdrive.fr/image.ashx?id=2188835&use=l&cat=p&typeid=i","cat":288381},{"id":20605,"n":"Compote bio Bio Village Coupelle pomme - 4x100g","p":1.67,"u":"4,18 €/KG","img":"https://fd5-photos.leclercdrive.fr/image.ashx?id=2085275&use=l&cat=p&typeid=i","cat":284508},{"id":20612,"n":"Thon Pêche Océan A la catalane - 2x135g","p":1.87,"u":"6,93 €/KG","img":"https://fd5-photos.leclercdrive.fr/image.ashx?id=2941432&use=l&cat=p&typeid=i","cat":303867},{"id":20614,"n":"Pâtes Spaghetti court Lustucru 4x250g","p":3.09,"u":"3,09 €/KG","img":"https://fd5-photos.leclercdrive.fr/image.ashx?id=2023170&use=l&cat=p&typeid=i","cat":284427},{"id":20627,"n":"Chipolatas Férial x12 - 660g","p":7.09,"u":"10,74 €/KG","img":"https://fd5-photos.leclercdrive.fr/image.ashx?id=2837099&use=l&cat=p&typeid=i","cat":284334},{"id":20628,"n":"Merguez Férial x12 - 660g","p":8.29,"u":"12,56 €/KG","img":"https://fd5-photos.leclercdrive.fr/image.ashx?id=2852285&use=l&cat=p&typeid=i","cat":284334},{"id":20634,"n":"Lait céréales Blédidej 6 mois Vanille - 4x250ml","p":3.41,"u":"3,41 €/L","img":"https://fd5-photos.leclercdrive.fr/image.ashx?id=2921046&use=l&cat=p&typeid=i","cat":312226},{"id":20635,"n":"Litière agglomérante Catsan  Pour chat - 5L","p":6.83,"u":"1,37 €/L","img":"https://fd5-photos.leclercdrive.fr/image.ashx?id=2681925&use=l&cat=p&typeid=i","cat":284683},{"id":20642,"n":"Gants de ménage Mamison Taille L - x1 paire","p":1.01,"img":"https://fd5-photos.leclercdrive.fr/image.ashx?id=2635682&use=l&cat=p&typeid=i","cat":284668},{"id":20646,"n":"Filtre à thé Britley x30","p":1.64,"u":"0,05 €/P","img":"https://fd5-photos.leclercdrive.fr/image.ashx?id=2755058&use=l&cat=p&typeid=i","cat":293233},{"id":20648,"n":"Maquereaux Pêche Océan Moutarde à l'ancienne - 169g","p":1.66,"u":"9,82 €/KG","img":"https://fd5-photos.leclercdrive.fr/image.ashx?id=2515676&use=l&cat=p&typeid=i","cat":303868},{"id":20653,"n":"Lait démaquillant Inell Peaux normales et mixtes 250ml","p":1.89,"u":"7,56 €/L","img":"https://fd5-photos.leclercdrive.fr/image.ashx?id=2691619&use=l&cat=p&typeid=i","cat":284603},{"id":20665,"n":"Saucisson sec Bio Village bio 200g","p":4.55,"u":"22,75 €/KG","img":"https://fd5-photos.leclercdrive.fr/image.ashx?id=2330511&use=l&cat=p&typeid=i","cat":316006},{"id":20683,"n":"Pommes duchesse Pom'lisse 750g","p":1.29,"u":"1,72 €/KG","img":"https://fd5-photos.leclercdrive.fr/image.ashx?id=2959151&use=l&cat=p&typeid=i","cat":319792},{"id":20684,"n":"Cordon bleu de poulet Eco+ 800g","p":3.9,"u":"4,88 €/KG","img":"https://fd5-photos.leclercdrive.fr/image.ashx?id=2779871&use=l&cat=p&typeid=i","cat":319780},{"id":20685,"n":"Purée 4 légumes Notre Jardin 750g","p":2.24,"u":"2,99 €/KG","img":"https://fd5-photos.leclercdrive.fr/image.ashx?id=2856160&use=l&cat=p&typeid=i","cat":319805},{"id":20686,"n":"Haricots plats Notre Jardin 1kg","p":1.79,"u":"1,79 €/KG","img":"https://fd5-photos.leclercdrive.fr/image.ashx?id=2431122&use=l&cat=p&typeid=i","cat":319805},{"id":20688,"n":"Tagliatelles carbonara Marie 330g","p":3.05,"u":"9,24 €/KG","img":"https://fd5-photos.leclercdrive.fr/image.ashx?id=2980920&use=l&cat=p&typeid=i","cat":333665},{"id":20692,"n":"Filet de saumon Fleury Michon purée de brocolis - 300g","p":3.51,"u":"11,70 €/KG","img":"https://fd5-photos.leclercdrive.fr/image.ashx?id=3003278&use=l&cat=p&typeid=i","cat":333665},{"id":20696,"n":"Sandwich Club Sodebo Simple&Bon  Jambon Emmental - 145g","p":1.76,"u":"12,14 €/KG","img":"https://fd5-photos.leclercdrive.fr/image.ashx?id=2851497&use=l&cat=p&typeid=i","cat":333658},{"id":20699,"n":"Coquillettes jambon Marie Fromage 280g","p":2.13,"u":"7,61 €/KG","img":"https://fd5-photos.leclercdrive.fr/image.ashx?id=2980965&use=l&cat=p&typeid=i","cat":333665},{"id":20700,"n":"Macaroni sauce tomate Marie Boulettes de viande 280g","p":2.59,"u":"9,25 €/KG","img":"https://fd5-photos.leclercdrive.fr/image.ashx?id=2980968&use=l&cat=p&typeid=i","cat":333665},{"id":20706,"n":"Salade Notre jardin Bouquets de Mâche - 45g","p":0.61,"u":"13,56 €/KG","img":"https://fd5-photos.leclercdrive.fr/image.ashx?id=2720169&use=l&cat=p&typeid=i","cat":284353},{"id":20715,"n":"Betterave rouge Bio  Bio Village - 500g","p":1.25,"u":"2,50 €/KG","img":"https://fd5-photos.leclercdrive.fr/image.ashx?id=2888434&use=l&cat=p&typeid=i","cat":284352},{"id":20717,"n":"Sirop Frucci Cassis - 1L","p":3.11,"u":"3,11 €/L","img":"https://fd5-photos.leclercdrive.fr/image.ashx?id=2954079&use=l&cat=p&typeid=i","cat":295020},{"id":20718,"n":"Sirop Frucci Orgeat - 1L","p":4.18,"u":"4,18 €/L","img":"https://fd5-photos.leclercdrive.fr/image.ashx?id=2954085&use=l&cat=p&typeid=i","cat":295020},{"id":20721,"n":"Epinards Bonduelle Feuilles préservées - 750g","p":1.81,"u":"2,41 €/KG","img":"https://fd5-photos.leclercdrive.fr/image.ashx?id=2910028&use=l&cat=p&typeid=i","cat":319805},{"id":20724,"n":"Cheeseburger Charal 6x140g - 840g","p":8.68,"u":"10,33 €/KG","img":"https://fd5-photos.leclercdrive.fr/image.ashx?id=2741952&use=l&cat=p&typeid=i","cat":319822},{"id":20726,"n":"Yaourts Malo Nature Bio - 4x125g","p":1.91,"u":"3,82 €/KG","img":"https://fd5-photos.leclercdrive.fr/image.ashx?id=2908630&use=l&cat=p&typeid=i","cat":284409},{"id":20727,"n":"Yaourts Malo Vanille Bio - 4x125g","p":2.34,"u":"4,68 €/KG","img":"https://fd5-photos.leclercdrive.fr/image.ashx?id=2908633&use=l&cat=p&typeid=i","cat":286006},{"id":20744,"n":"Philadelphia Nature - 150g","p":1.63,"u":"10,87 €/KG","img":"https://fd5-photos.leclercdrive.fr/image.ashx?id=1586142&use=l&cat=p&typeid=i","cat":314029},{"id":20753,"n":"Mouchoirs The Original Kleenex® Etuis mini x24","p":2.73,"u":"0,11 €/P","img":"https://fd5-photos.leclercdrive.fr/image.ashx?id=2840301&use=l&cat=p&typeid=i","cat":284638},{"id":20758,"n":"Riz cantonais Tables du Monde 900g","p":3.99,"u":"4,43 €/KG","img":"https://fd5-photos.leclercdrive.fr/image.ashx?id=2903953&use=l&cat=p&typeid=i","cat":284254},{"id":20759,"n":"Purée de céleris Notre Jardin Nature 750g","p":1.88,"u":"2,51 €/KG","img":"https://fd5-photos.leclercdrive.fr/image.ashx?id=2856169&use=l&cat=p&typeid=i","cat":319805},{"id":20760,"n":"Légumes vapeurs Notre Jardin 2x200g","p":2.47,"u":"6,18 €/KG","img":"https://fd5-photos.leclercdrive.fr/image.ashx?id=2900106&use=l&cat=p&typeid=i","cat":319805},{"id":20762,"n":"Légumes vapeurs Notre Jardin Méditerranéens 2x200g","p":1.8,"u":"4,50 €/KG","img":"https://fd5-photos.leclercdrive.fr/image.ashx?id=2916689&use=l&cat=p&typeid=i","cat":319805},{"id":20773,"n":"Anneaux d'encornets Pêche Océan 500g","p":6.55,"u":"13,10 €/KG","img":"https://fd5-photos.leclercdrive.fr/image.ashx?id=3012391&use=l&cat=p&typeid=i","cat":319787},{"id":20775,"n":"Carottes râpées Menu Fraîcheur  1kg","p":1.98,"u":"1,98 €/KG","img":"https://fd5-photos.leclercdrive.fr/image.ashx?id=2850814&use=l&cat=p&typeid=i","cat":333657},{"id":20776,"n":"Taboulé Menu Fraîcheur A l'orientale - 1kg","p":2.77,"u":"2,77 €/KG","img":"https://fd5-photos.leclercdrive.fr/image.ashx?id=2846559&use=l&cat=p&typeid=i","cat":333657},{"id":20786,"n":"Lait Bio demi-écrémé Grandlait Candia Bouteille - 4x50cl","p":4.09,"u":"2,05 €/L","img":"https://fd5-photos.leclercdrive.fr/image.ashx?id=2947039&use=l&cat=p&typeid=i","cat":284377},{"id":20789,"n":"Déodorant Carré Homme Anti-transpirant 200ml","p":1.35,"u":"6,75 €/L","img":"https://fd5-photos.leclercdrive.fr/image.ashx?id=2610693&use=l&cat=p&typeid=i","cat":284618},{"id":20792,"n":"Cire Institut Siliss Professionnelle - 400g","p":5.6,"u":"14,00 €/KG","img":"https://fd5-photos.leclercdrive.fr/image.ashx?id=2699684&use=l&cat=p&typeid=i","cat":325351},{"id":20811,"n":"Couronne de crevettes Delpierre ASC Sauce cocktail - 130g","p":4.79,"u":"36,85 €/KG","img":"https://fd5-photos.leclercdrive.fr/image.ashx?id=2958851&use=l&cat=p&typeid=i","cat":327284},{"id":20828,"n":"AOP Côtes de Bourg rouge Château du Bousquet - 75cl","p":8.25,"u":"11,00 €/L","img":"https://fd5-photos.leclercdrive.fr/image.ashx?id=2313942&use=l&cat=p&typeid=i","cat":289556},{"id":20834,"n":"AOP Saumur Champigny rouge Charles de Villeneuve - 75cl","p":5.95,"pp":4.46,"u":"5,95 €/L","img":"https://fd5-photos.leclercdrive.fr/image.ashx?id=2859275&use=l&cat=p&typeid=i","cat":289556},{"id":20840,"n":"Yaourts Mamie Nova Panaché de fruits - 6x150g","p":2.86,"u":"3,18 €/KG","img":"https://fd5-photos.leclercdrive.fr/image.ashx?id=2886954&use=l&cat=p&typeid=i","cat":284410},{"id":20858,"n":"Saucisses de Toulouse Férial x4 - 500g","p":4.16,"u":"8,32 €/KG","img":"https://fd5-photos.leclercdrive.fr/image.ashx?id=3004669&use=l&cat=p&typeid=i","cat":284334},{"id":20862,"n":"Sauce Provençale Turini 190g","p":0.59,"u":"3,11 €/KG","img":"https://fd5-photos.leclercdrive.fr/image.ashx?id=2386152&use=l&cat=p&typeid=i","cat":287599},{"id":20863,"n":"Allumettes de bacon Herta Fumées 200g","p":2.35,"u":"11,75 €/KG","img":"https://fd5-photos.leclercdrive.fr/image.ashx?id=2876242&use=l&cat=p&typeid=i","cat":316011},{"id":20874,"n":"Déjeunettes 500g","p":2.05,"u":"4,10 €/KG","img":"https://fd5-photos.leclercdrive.fr/image.ashx?id=2062948&use=l&cat=p&typeid=i","cat":284359},{"id":20882,"n":"Colin pané Alaska Cité Marine MSC - 200g","p":2.36,"u":"11,80 €/KG","img":"https://fd5-photos.leclercdrive.fr/image.ashx?id=2844142&use=l&cat=p&typeid=i","cat":284344},{"id":20986,"n":"Sauce Napolitaine Turini 190g","p":0.85,"u":"4,47 €/KG","img":"https://fd5-photos.leclercdrive.fr/image.ashx?id=2552430&use=l&cat=p&typeid=i","cat":287599},{"id":20987,"n":"Liqueur Litchi Soho 15%vol. - 70cl","p":8.14,"u":"11,63 €/L","img":"https://fd5-photos.leclercdrive.fr/image.ashx?id=2971927&use=l&cat=p&typeid=i","cat":286032},{"id":21017,"n":"Poisson Pané Findus  Colin d'Alaska - x10 - 510g","p":3.69,"u":"7,24 €/KG","img":"https://fd5-photos.leclercdrive.fr/image.ashx?id=2735332&use=l&cat=p&typeid=i","cat":319788},{"id":21027,"n":"Sauce bolognaise Turini 190g","p":0.85,"u":"4,47 €/KG","img":"https://fd5-photos.leclercdrive.fr/image.ashx?id=2634869&use=l&cat=p&typeid=i","cat":287599},{"id":21040,"n":"Whisky Monkey Shoulder 40%vol - 70cl","p":24.57,"u":"35,10 €/L","img":"https://fd5-photos.leclercdrive.fr/image.ashx?id=2917528&use=l&cat=p&typeid=i","cat":284547},{"id":21077,"n":"Bière blonde La Goudale 7.2%vol. - 6x25cl","p":4.11,"u":"2,74 €/L","img":"https://fd5-photos.leclercdrive.fr/image.ashx?id=2789865&use=l&cat=p&typeid=i","cat":334852},{"id":21079,"n":"Bière ambrée corse Pietra 6° - 50cl canette","p":2.15,"u":"4,30 €/L","img":"https://fd5-photos.leclercdrive.fr/image.ashx?id=3011470&use=l&cat=p&typeid=i","cat":334853},{"id":21081,"n":"Bière blonde Rince Cochon 50cl","p":1.73,"u":"3,46 €/L","img":"https://fd5-photos.leclercdrive.fr/image.ashx?id=2021232&use=l&cat=p&typeid=i","cat":334853},{"id":21115,"n":"Lambrusco Rosato Vilaveroni 75cl","p":3.8,"u":"5,07 €/L","img":"https://fd5-photos.leclercdrive.fr/image.ashx?id=2333030&use=l&cat=p&typeid=i","cat":289558},{"id":21221,"n":"Déodorant bille Nivea  Pearl & Beauty - 50ml","p":2.26,"u":"45,20 €/L","img":"https://fd5-photos.leclercdrive.fr/image.ashx?id=2871061&use=l&cat=p&typeid=i","cat":284595},{"id":21222,"n":"Déodorant Bille Homme Nivea Men Dry Impact 72H - 50ml","p":2.24,"u":"44,80 €/L","img":"https://fd5-photos.leclercdrive.fr/image.ashx?id=2865995&use=l&cat=p&typeid=i","cat":284618},{"id":21241,"n":"Spirales Insectivor Anti-moustiques - x10","p":1.73,"u":"0,17 €/P","img":"https://fd5-photos.leclercdrive.fr/image.ashx?id=2675682&use=l&cat=p&typeid=i","cat":298368},{"id":21244,"n":"Pièges anti-fourmis Insectivor x2","p":3.34,"u":"1,67 €/P","img":"https://fd5-photos.leclercdrive.fr/image.ashx?id=2302725&use=l&cat=p&typeid=i","cat":298368},{"id":21246,"n":"Pièges Insectivor Anti-mites alimentaires - x2","p":2.76,"u":"1,38 €/P","img":"https://fd5-photos.leclercdrive.fr/image.ashx?id=2884237&use=l&cat=p&typeid=i","cat":298368},{"id":21262,"n":"Papier toilette Lotus blanc Ultra doux - x6","p":3.39,"u":"0,57 €/P","img":"https://fd5-photos.leclercdrive.fr/image.ashx?id=2576907&use=l&cat=p&typeid=i","cat":284634},{"id":21271,"n":"Crème de jour Diadermine Expert rides 3D - 50ml","p":8.3,"pp":5.48,"u":"109,60 €/L","img":"https://fd5-photos.leclercdrive.fr/image.ashx?id=2500488&use=l&cat=p&typeid=i","cat":325345},{"id":21326,"n":"Tapenade olives noires NRT 90g","p":1.84,"u":"20,44 €/KG","img":"https://fd5-photos.leclercdrive.fr/image.ashx?id=2873204&use=l&cat=p&typeid=i","cat":284451},{"id":21370,"n":"Emincés pour chat Tous mes amis Viande 4x390g","p":4.21,"u":"2,70 €/KG","img":"https://fd5-photos.leclercdrive.fr/image.ashx?id=776789&use=l&cat=p&typeid=i","cat":285601},{"id":21480,"n":"Moules farcies Ronde des Mers MSC - x24 - 250g","p":7.85,"u":"31,40 €/KG","img":"https://fd5-photos.leclercdrive.fr/image.ashx?id=2627637&use=l&cat=p&typeid=i","cat":319787},{"id":21485,"n":"Eau gazeuse La Pétillante Naturelle - 6x1L","p":2.34,"u":"0,39 €/L","img":"https://fd5-photos.leclercdrive.fr/image.ashx?id=2452966&use=l&cat=p&typeid=i","cat":284536},{"id":21494,"n":"AOC Côtes de Provence Valestrel rosé - BIB 3L","p":28.75,"u":"9,58 €/L","img":"https://fd5-photos.leclercdrive.fr/image.ashx?id=2997763&use=l&cat=p&typeid=i","cat":289560},{"id":21502,"n":"Copie double perforée Esquisse 21x29,7cm 5x5 - 200 pages","p":1.79,"img":"https://fd5-photos.leclercdrive.fr/image.ashx?id=1929759&use=l&cat=p&typeid=i","cat":284697},{"id":21572,"n":"Baguette La Boulangère Viennoise fendue 340g","p":1.33,"u":"3,91 €/KG","img":"https://fd5-photos.leclercdrive.fr/image.ashx?id=2912392&use=l&cat=p&typeid=i","cat":284985},{"id":21573,"n":"Bonbons LUTTI Arlequin Original 250g","p":1.56,"u":"6,24 €/KG","img":"https://fd5-photos.leclercdrive.fr/image.ashx?id=2817422&use=l&cat=p&typeid=i","cat":304252},{"id":21574,"n":"Bonbons Lutti Menthise Fondant aux 2 menthes 250g","p":2.56,"u":"10,24 €/KG","img":"https://fd5-photos.leclercdrive.fr/image.ashx?id=2962167&use=l&cat=p&typeid=i","cat":304252},{"id":21580,"n":"Steak haché Isla Délice 100% boeuf Halal x10 800g","p":9.9,"u":"12,38 €/KG","img":"https://fd5-photos.leclercdrive.fr/image.ashx?id=2349233&use=l&cat=p&typeid=i","cat":319778},{"id":21581,"n":"Burger Isla Délice  Halal  - x10 800g","p":8.31,"u":"10,39 €/KG","img":"https://fd5-photos.leclercdrive.fr/image.ashx?id=1587519&use=l&cat=p&typeid=i","cat":319778},{"id":21584,"n":"Olives noires Crespo Dénoyautées - 170g","p":1.34,"u":"7,88 €/KG","img":"https://fd5-photos.leclercdrive.fr/image.ashx?id=2616892&use=l&cat=p&typeid=i","cat":284458},{"id":21588,"n":"Semoule Floraline 500g","p":2.15,"u":"4,30 €/KG","img":"https://fd5-photos.leclercdrive.fr/image.ashx?id=2968187&use=l&cat=p&typeid=i","cat":284429},{"id":21592,"n":"Filets de cabillaud Findus MSC - x10 - 510g","p":7.54,"u":"14,78 €/KG","img":"https://fd5-photos.leclercdrive.fr/image.ashx?id=2735329&use=l&cat=p&typeid=i","cat":319788},{"id":21606,"n":"Cornichons Maille extra fins 380g","p":3.1,"u":"8,16 €/KG","img":"https://fd5-photos.leclercdrive.fr/image.ashx?id=2945826&use=l&cat=p&typeid=i","cat":284458},{"id":21609,"n":"Cornichons Extra-Fins MAILLE 220g","p":2.14,"u":"9,73 €/KG","img":"https://fd5-photos.leclercdrive.fr/image.ashx?id=2945823&use=l&cat=p&typeid=i","cat":284458},{"id":21610,"n":"Lotion fraîcheur Inell Tonique - 250ml","p":1.53,"u":"6,12 €/L","img":"https://fd5-photos.leclercdrive.fr/image.ashx?id=2694172&use=l&cat=p&typeid=i","cat":284603},{"id":21611,"n":"Lotion douceur Inell Tonique - 250ml","p":1.52,"u":"6,08 €/L","img":"https://fd5-photos.leclercdrive.fr/image.ashx?id=2707561&use=l&cat=p&typeid=i","cat":284603},{"id":21612,"n":"Liquide vaisselle Eco+ Citron 1L","p":0.7,"u":"0,70 €/L","img":"https://fd5-photos.leclercdrive.fr/image.ashx?id=2874368&use=l&cat=p&typeid=i","cat":284655},{"id":21642,"n":"Brioche tressée La Boulangère 800g","p":4.91,"u":"6,14 €/KG","img":"https://fd5-photos.leclercdrive.fr/image.ashx?id=2926401&use=l&cat=p&typeid=i","cat":284478},{"id":21652,"n":"Biscuits P'tit Déli Galettes Suédoise chocolat 150g","p":2.38,"u":"15,87 €/KG","img":"https://fd5-photos.leclercdrive.fr/image.ashx?id=2968982&use=l&cat=p&typeid=i","cat":284490},{"id":21655,"n":"Boîtes chiens Lydog Mitonnées Agneau poulet veau - 3x410g","p":3.9,"u":"3,17 €/KG","img":"https://fd5-photos.leclercdrive.fr/image.ashx?id=2710488&use=l&cat=p&typeid=i","cat":288578},{"id":21656,"n":"Boîte chiens Lydog Bouchées Boeuf carottes - 1,25kg","p":2.65,"u":"2,12 €/KG","img":"https://fd5-photos.leclercdrive.fr/image.ashx?id=2710491&use=l&cat=p&typeid=i","cat":288578},{"id":21658,"n":"Boîte chiens Lydog Terrines Cabillaud saumon - 1.2kg","p":2.42,"u":"1,95 €/KG","img":"https://fd5-photos.leclercdrive.fr/image.ashx?id=2493667&use=l&cat=p&typeid=i","cat":288578},{"id":21662,"n":"Boîte chiens Lydog Bouchées Poulet légumes - 1,2kg","p":1.98,"u":"1,65 €/KG","img":"https://fd5-photos.leclercdrive.fr/image.ashx?id=2548100&use=l&cat=p&typeid=i","cat":288578},{"id":21663,"n":"Bouchées au poulet foie et  aux carottes Lydog - 1.23kg","p":2.39,"u":"1,94 €/KG","img":"https://fd5-photos.leclercdrive.fr/image.ashx?id=2691225&use=l&cat=p&typeid=i","cat":288578},{"id":21676,"n":"Bûche de chèvre Ste Maure Sélection Soignon - 200g","p":2.79,"u":"13,95 €/KG","img":"https://fd5-photos.leclercdrive.fr/image.ashx?id=2799925&use=l&cat=p&typeid=i","cat":314031},{"id":21685,"n":"Nuggets de poulet Côté Croc x20 - 400g","p":3.0,"u":"7,50 €/KG","img":"https://fd5-photos.leclercdrive.fr/image.ashx?id=2837045&use=l&cat=p&typeid=i","cat":333684},{"id":21686,"n":"Saucisson sec Saint Azay Spécialité 200g","p":2.99,"u":"14,95 €/KG","img":"https://fd5-photos.leclercdrive.fr/image.ashx?id=2970613&use=l&cat=p&typeid=i","cat":316006},{"id":21687,"n":"Fromage Cheddar Burger Les Croisés 10 Tranches - 200g","p":1.25,"u":"6,25 €/KG","img":"https://fd5-photos.leclercdrive.fr/image.ashx?id=2946835&use=l&cat=p&typeid=i","cat":314028},{"id":21688,"n":"Fromage Emmental Croque Les Croisés 10 Tranches - 200g","p":1.19,"u":"5,95 €/KG","img":"https://fd5-photos.leclercdrive.fr/image.ashx?id=2893313&use=l&cat=p&typeid=i","cat":314028},{"id":21696,"n":"Fromage Gruyère NRT IGP 250g","p":3.99,"u":"15,96 €/KG","img":"https://fd5-photos.leclercdrive.fr/image.ashx?id=2466229&use=l&cat=p&typeid=i","cat":314034},{"id":21697,"n":"Fromage Raclette Savoie NRT  IGP - 400g","p":6.05,"u":"15,13 €/KG","img":"https://fd5-photos.leclercdrive.fr/image.ashx?id=1937939&use=l&cat=p&typeid=i","cat":314037},{"id":21699,"n":"Crème fraîche Eco  Epaisse - 30% MG - 50cl","p":1.89,"u":"3,78 €/L","img":"https://fd5-photos.leclercdrive.fr/image.ashx?id=738045&use=l&cat=p&typeid=i","cat":284381},{"id":21701,"n":"Glace Eco+ Vanille - 500g","p":1.25,"u":"2,50 €/KG","img":"https://fd5-photos.leclercdrive.fr/image.ashx?id=2711580&use=l&cat=p&typeid=i","cat":284263},{"id":21702,"n":"Haricots verts Eco+ Très fins - 1kg","p":1.39,"u":"1,39 €/KG","img":"https://fd5-photos.leclercdrive.fr/image.ashx?id=2728219&use=l&cat=p&typeid=i","cat":319805},{"id":21703,"n":"Fromage frais Eco+ Nature 20%MG - 1kg","p":1.79,"u":"1,79 €/KG","img":"https://fd5-photos.leclercdrive.fr/image.ashx?id=2699919&use=l&cat=p&typeid=i","cat":284409},{"id":21711,"n":"Brandade de morue Pêcheries Basques parmentière - 900g","p":6.33,"u":"7,03 €/KG","img":"https://fd5-photos.leclercdrive.fr/image.ashx?id=2608259&use=l&cat=p&typeid=i","cat":285094},{"id":21731,"n":"Lapin entier Maître Coq Découpe - 1kg","p":18.11,"u":"18,11 €/KG","img":"https://fd5-photos.leclercdrive.fr/image.ashx?id=2197678&use=l&cat=p&typeid=i","cat":284338},{"id":21809,"n":"Boules chocolat Jacquot Praliné noir - 1kg","p":11.51,"u":"11,51 €/KG","img":"https://fd5-photos.leclercdrive.fr/image.ashx?id=2303303&use=l&cat=p&typeid=i","cat":327595},{"id":21876,"n":"Haché moelleux Férial A la bolognaise - 500g","p":6.09,"u":"12,18 €/KG","img":"https://fd5-photos.leclercdrive.fr/image.ashx?id=2904019&use=l&cat=p&typeid=i","cat":284332},{"id":21877,"n":"Purée surgelée Pom'lisse Pommes de terre 750g","p":2.04,"u":"2,72 €/KG","img":"https://fd5-photos.leclercdrive.fr/image.ashx?id=2759777&use=l&cat=p&typeid=i","cat":319793},{"id":21888,"n":"Fromage enfant Ficello Emmental à effilocher x8 - 168g","p":3.71,"u":"22,08 €/KG","img":"https://fd5-photos.leclercdrive.fr/image.ashx?id=2375379&use=l&cat=p&typeid=i","cat":314030},{"id":21911,"n":"Tomato Ketchup Heinz - 342g","p":1.37,"u":"4,01 €/KG","img":"https://fd5-photos.leclercdrive.fr/image.ashx?id=2955288&use=l&cat=p&typeid=i","cat":284455},{"id":22033,"n":"Gin Brighton's London Dry 37.5%vol - 70cl","p":9.99,"u":"14,27 €/L","img":"https://fd5-photos.leclercdrive.fr/image.ashx?id=2907183&use=l&cat=p&typeid=i","cat":284550},{"id":22037,"n":"Bière blonde Abbaye Alveringem 6.2%vol. - 75cl","p":2.49,"u":"3,32 €/L","img":"https://fd5-photos.leclercdrive.fr/image.ashx?id=2637901&use=l&cat=p&typeid=i","cat":334852},{"id":22040,"n":"Mini bûches glacées Eskiss Assortiment chocolat x6 - 310g","p":2.29,"u":"7,39 €/KG","img":"https://fd5-photos.leclercdrive.fr/image.ashx?id=2221944&use=l&cat=p&typeid=i","cat":284266},{"id":22087,"n":"Sucettes Chupa Chups Mini Assortiment x30 180g","p":2.22,"u":"12,33 €/KG","img":"https://fd5-photos.leclercdrive.fr/image.ashx?id=2647606&use=l&cat=p&typeid=i","cat":304250},{"id":22112,"n":"Vodka Sobieski 37.5%vol - 70cl","p":11.78,"u":"16,83 €/L","img":"https://fd5-photos.leclercdrive.fr/image.ashx?id=2948474&use=l&cat=p&typeid=i","cat":284550},{"id":22114,"n":"Thon Pêche Océan Mayonnaise - 2x135g","p":1.78,"u":"6,59 €/KG","img":"https://fd5-photos.leclercdrive.fr/image.ashx?id=2943650&use=l&cat=p&typeid=i","cat":303867},{"id":22115,"n":"Cidre brut Les Goelleries Bretagne 4.5%vol. - 1,5L","p":1.87,"u":"1,25 €/L","img":"https://fd5-photos.leclercdrive.fr/image.ashx?id=2842277&use=l&cat=p&typeid=i","cat":334880},{"id":22116,"n":"Pain de mie complet Epi d'Or Grandes tranches - 550g","p":1.22,"u":"2,22 €/KG","img":"https://fd5-photos.leclercdrive.fr/image.ashx?id=2861292&use=l&cat=p&typeid=i","cat":284477},{"id":22117,"n":"Pain de mie complet Epi d'Or Grandes tranches - 825g","p":1.78,"u":"2,16 €/KG","img":"https://fd5-photos.leclercdrive.fr/image.ashx?id=2860736&use=l&cat=p&typeid=i","cat":284477},{"id":22140,"n":"Crème anglaise Délisse 3x20cl","p":2.65,"u":"4,42 €/L","img":"https://fd5-photos.leclercdrive.fr/image.ashx?id=3002590&use=l&cat=p&typeid=i","cat":284382},{"id":22141,"n":"Riz Basmati Comptoir du grain Sélection Riz long - 5x90g","p":1.81,"u":"4,02 €/KG","img":"https://fd5-photos.leclercdrive.fr/image.ashx?id=2076685&use=l&cat=p&typeid=i","cat":284428},{"id":22142,"n":"Terrines chats Tous mes amis Spécial chaton - 4x400g","p":4.86,"u":"3,04 €/KG","img":"https://fd5-photos.leclercdrive.fr/image.ashx?id=647133&use=l&cat=p&typeid=i","cat":285601},{"id":22143,"n":"Emincés Tous Mes Amis En sauce - 4x400g","p":4.39,"u":"2,74 €/KG","img":"https://fd5-photos.leclercdrive.fr/image.ashx?id=776773&use=l&cat=p&typeid=i","cat":285601},{"id":22189,"n":"Lingettes Démak'up px sensibles Démaquillantes 3x25","p":5.71,"u":"0,08 €/P","img":"https://fd5-photos.leclercdrive.fr/image.ashx?id=2744683&use=l&cat=p&typeid=i","cat":284603},{"id":22190,"n":"Lingettes Demak'up px mixtes Normales démaquillantes 3x25","p":6.91,"u":"0,09 €/P","img":"https://fd5-photos.leclercdrive.fr/image.ashx?id=2744686&use=l&cat=p&typeid=i","cat":284603},{"id":22207,"n":"Blanc de Poulet Tradilège -25% de sel - 4 Tranches - 160g","p":1.92,"u":"12,00 €/KG","img":"https://fd5-photos.leclercdrive.fr/image.ashx?id=2974969&use=l&cat=p&typeid=i","cat":316010},{"id":22208,"n":"Lait écrémé Bio Bio Village UHT - Bouteille : 6x1L","p":6.6,"u":"1,10 €/L","img":"https://fd5-photos.leclercdrive.fr/image.ashx?id=2970012&use=l&cat=p&typeid=i","cat":284949},{"id":22209,"n":"Lait entier UHT Bio Bio village Bouteille - 6x1L","p":8.94,"u":"1,49 €/L","img":"https://fd5-photos.leclercdrive.fr/image.ashx?id=2970021&use=l&cat=p&typeid=i","cat":285610},{"id":22212,"n":"Vin de l'Union Européenne rouge Vieux Papes - BIB 5L","p":10.78,"u":"2,16 €/L","img":"https://fd5-photos.leclercdrive.fr/image.ashx?id=2136139&use=l&cat=p&typeid=i","cat":289556},{"id":22229,"n":"Terrines chats Tous mes ami Foie volaille - 800g","p":2.01,"u":"2,51 €/KG","img":"https://fd5-photos.leclercdrive.fr/image.ashx?id=2869793&use=l&cat=p&typeid=i","cat":285601},{"id":22249,"n":"Sandwich Baguette Mega Viennois  Sodebo Thon Oeuf - 270g","p":1.97,"u":"7,30 €/KG","img":"https://fd5-photos.leclercdrive.fr/image.ashx?id=2694596&use=l&cat=p&typeid=i","cat":333658},{"id":22253,"n":"Le Cheesecake Gü  Citron - 2x90g","p":3.31,"u":"36,78 €/KG","img":"https://fd5-photos.leclercdrive.fr/image.ashx?id=2516905&use=l&cat=p&typeid=i","cat":284419},{"id":22348,"n":"Moule à cake Homeside Revêtement antiadhésif - 27cm","p":5.93,"img":"https://fd5-photos.leclercdrive.fr/image.ashx?id=2832634&use=l&cat=p&typeid=i","cat":298490},{"id":22349,"n":"Moule à manqué Homeside Revêtement antiadhésif - 26cm","p":5.99,"img":"https://fd5-photos.leclercdrive.fr/image.ashx?id=2856724&use=l&cat=p&typeid=i","cat":298490},{"id":22373,"n":"Carré pour la vaisselle Mamison x5","p":1.35,"img":"https://fd5-photos.leclercdrive.fr/image.ashx?id=2622010&use=l&cat=p&typeid=i","cat":284667},{"id":22374,"n":"Chiffons secs Clair Dépouissiérants x20","p":1.97,"img":"https://fd5-photos.leclercdrive.fr/image.ashx?id=2819926&use=l&cat=p&typeid=i","cat":325364},{"id":22377,"n":"AOC Rosé de Loire vin rosé Les Caractères - BIB 3L","p":11.89,"u":"3,96 €/L","img":"https://fd5-photos.leclercdrive.fr/image.ashx?id=2708459&use=l&cat=p&typeid=i","cat":289560},{"id":22388,"n":"IGP Ile de Beauté vin rosé Terres Ocrées 11.5%vol - BIB 3L","p":12.99,"u":"4,33 €/L","img":"https://fd5-photos.leclercdrive.fr/image.ashx?id=2863036&use=l&cat=p&typeid=i","cat":289560},{"id":22389,"n":"AOC Touraine Sauvignon vin  blanc Les Caractères - BIB 3L","p":14.99,"u":"5,00 €/L","img":"https://fd5-photos.leclercdrive.fr/image.ashx?id=2779883&use=l&cat=p&typeid=i","cat":289560},{"id":22391,"n":"AOP Côtes du Rhône rouge Cellier des Dauphins - 75cl","p":5.29,"u":"7,05 €/L","img":"https://fd5-photos.leclercdrive.fr/image.ashx?id=2252190&use=l&cat=p&typeid=i","cat":289556},{"id":22477,"n":"Pignons de pin Couleurs Vives 125g","p":5.99,"u":"47,92 €/KG","img":"https://fd5-photos.leclercdrive.fr/image.ashx?id=2617201&use=l&cat=p&typeid=i","cat":284357},{"id":22487,"n":"IGP Pays d'Oc rosé Roche Mazet Grenache Cinsault - BIB 3L","p":11.05,"u":"3,68 €/L","img":"https://fd5-photos.leclercdrive.fr/image.ashx?id=2597118&use=l&cat=p&typeid=i","cat":289560},{"id":22488,"n":"IGP Pays d'Oc rouge Roche Mazet Cabernet Sauvignon 12.5% BIB 3L","p":9.68,"u":"3,23 €/L","img":"https://fd5-photos.leclercdrive.fr/image.ashx?id=2597121&use=l&cat=p&typeid=i","cat":289560},{"id":22489,"n":"IGP Pays d'oc blancRoche Mazet Sauvignon - BIB 3L","p":11.34,"u":"3,78 €/L","img":"https://fd5-photos.leclercdrive.fr/image.ashx?id=2597124&use=l&cat=p&typeid=i","cat":289557},{"id":22506,"n":"Yaourts aromatisés Délisse 4 saveurs - 8x125g","p":2.79,"u":"2,79 €/KG","img":"https://fd5-photos.leclercdrive.fr/image.ashx?id=2134527&use=l&cat=p&typeid=i","cat":286006},{"id":22512,"n":"Compote Douceur du Verger  Pomme Abricot - 4x100g","p":1.09,"u":"2,73 €/KG","img":"https://fd5-photos.leclercdrive.fr/image.ashx?id=762706&use=l&cat=p&typeid=i","cat":284416},{"id":22515,"n":"Boisson énergisante X-tense Canette - 6x25cl","p":2.34,"u":"1,56 €/L","img":"https://fd5-photos.leclercdrive.fr/image.ashx?id=2956062&use=l&cat=p&typeid=i","cat":284533},{"id":22517,"n":"Vodka Poliakov Flask 37.5%vol - 20cl","p":3.59,"u":"17,95 €/L","img":"https://fd5-photos.leclercdrive.fr/image.ashx?id=2484029&use=l&cat=p&typeid=i","cat":284550},{"id":22530,"n":"AOC Médoc vin rouge Chantet Blanet - BIB 3L","p":14.99,"u":"5,00 €/L","img":"https://fd5-photos.leclercdrive.fr/image.ashx?id=2717352&use=l&cat=p&typeid=i","cat":289560},{"id":22565,"n":"Yaourt Malo Vanille lait entier 4x125g","p":2.12,"u":"4,24 €/KG","img":"https://fd5-photos.leclercdrive.fr/image.ashx?id=2908021&use=l&cat=p&typeid=i","cat":286006},{"id":22566,"n":"Yaourts Malo Nature - 4x125g","p":1.52,"u":"3,04 €/KG","img":"https://fd5-photos.leclercdrive.fr/image.ashx?id=2908018&use=l&cat=p&typeid=i","cat":284409},{"id":22587,"n":"IGP Côtés de Gascogne vin blanc Terrasses d'Autan 11.5% BIB 3L","p":8.49,"u":"2,83 €/L","img":"https://fd5-photos.leclercdrive.fr/image.ashx?id=2872700&use=l&cat=p&typeid=i","cat":289560},{"id":22588,"n":"IGP Pays d'Oc Chardonnay Blanc Vieux Carion 12% vol BIB 3L","p":8.99,"u":"3,00 €/L","img":"https://fd5-photos.leclercdrive.fr/image.ashx?id=2591397&use=l&cat=p&typeid=i","cat":289560},{"id":22613,"n":"Compote bio Hipp Bio - 4/6 mois Pomme banane - 4x100g","p":1.8,"u":"3,60 €/KG","img":"https://fd5-photos.leclercdrive.fr/image.ashx?id=2924653&use=l&cat=p&typeid=i","cat":312387},{"id":22621,"n":"AOC Côtes du Rhône vin rosé Grégoire XI - 75 cl","p":2.99,"u":"3,99 €/L","img":"https://fd5-photos.leclercdrive.fr/image.ashx?id=2677059&use=l&cat=p&typeid=i","cat":289558},{"id":22625,"n":"IGP Pays d'Oc Sauvignon Blanc Vieux Carion 12% vol - 4x25 cl","p":5.0,"u":"5,00 €/L","img":"https://fd5-photos.leclercdrive.fr/image.ashx?id=2896892&use=l&cat=p&typeid=i","cat":289557},{"id":22653,"n":"Crème entière fluide UHT Bio Bio Village 30% MG - 25cl","p":1.85,"u":"7,40 €/L","img":"https://fd5-photos.leclercdrive.fr/image.ashx?id=2801795&use=l&cat=p&typeid=i","cat":284381},{"id":22654,"n":"Fromage St Nectaire NRT AOP  600g","p":8.67,"u":"14,45 €/KG","img":"https://fd5-photos.leclercdrive.fr/image.ashx?id=2550854&use=l&cat=p&typeid=i","cat":329184},{"id":22658,"n":"Fromage râpé fondue NRT Savoyarde - 400g","p":6.94,"u":"17,35 €/KG","img":"https://fd5-photos.leclercdrive.fr/image.ashx?id=1079652&use=l&cat=p&typeid=i","cat":314037},{"id":22659,"n":"Cancoillotte nature NRT IGP 250g","p":1.97,"u":"7,88 €/KG","img":"https://fd5-photos.leclercdrive.fr/image.ashx?id=2663845&use=l&cat=p&typeid=i","cat":314037},{"id":22660,"n":"Cancoillotte à l'ail NRT IGP 250g","p":1.97,"u":"7,88 €/KG","img":"https://fd5-photos.leclercdrive.fr/image.ashx?id=2663848&use=l&cat=p&typeid=i","cat":314037},{"id":22663,"n":"Taboulé Bonduelle A la menthe - 500g","p":2.24,"u":"4,48 €/KG","img":"https://fd5-photos.leclercdrive.fr/image.ashx?id=2902657&use=l&cat=p&typeid=i","cat":333657},{"id":22689,"n":"Confiture extra bio Bio Village Fraises - 370g","p":1.79,"u":"4,84 €/KG","img":"https://fd5-photos.leclercdrive.fr/image.ashx?id=2965626&use=l&cat=p&typeid=i","cat":284480},{"id":22690,"n":"Confiture extra bio Bio Village Abricots - 370g","p":1.79,"u":"4,84 €/KG","img":"https://fd5-photos.leclercdrive.fr/image.ashx?id=2965629&use=l&cat=p&typeid=i","cat":284480},{"id":22703,"n":"Chocolat au lait Bio Ethiquable  Riz soufflé - 100g","p":2.58,"u":"25,80 €/KG","img":"https://fd5-photos.leclercdrive.fr/image.ashx?id=2870869&use=l&cat=p&typeid=i","cat":284497},{"id":22704,"n":"Chocolat au lait Bio Ethiquable  Nature tendre fondant - 100g","p":2.2,"u":"22,00 €/KG","img":"https://fd5-photos.leclercdrive.fr/image.ashx?id=2870920&use=l&cat=p&typeid=i","cat":284497},{"id":22787,"n":"Saumon Ronde des Mers Petites tranches - 100g","p":3.69,"u":"36,90 €/KG","img":"https://fd5-photos.leclercdrive.fr/image.ashx?id=2966243&use=l&cat=p&typeid=i","cat":285188},{"id":22794,"n":"Chocolat Daim Milka Chocolat au lait daim - 145g","p":2.34,"u":"16,14 €/KG","img":"https://fd5-photos.leclercdrive.fr/image.ashx?id=3002288&use=l&cat=p&typeid=i","cat":304238},{"id":22799,"n":"Mayonnaise Lesieur 710g","p":3.38,"u":"4,76 €/KG","img":"https://fd5-photos.leclercdrive.fr/image.ashx?id=2917693&use=l&cat=p&typeid=i","cat":298295},{"id":22803,"n":"Brioche tranchée Epi d'Or Nature - 700g","p":2.22,"u":"3,17 €/KG","img":"https://fd5-photos.leclercdrive.fr/image.ashx?id=2860733&use=l&cat=p&typeid=i","cat":284478},{"id":22804,"n":"Boisson végétale Bio Village Soja nature bio - 1l","p":0.88,"u":"0,88 €/L","img":"https://fd5-photos.leclercdrive.fr/image.ashx?id=2372350&use=l&cat=p&typeid=i","cat":316067},{"id":22805,"n":"Boisson végétale Bio Village Soja vanille bio - 1l","p":1.42,"u":"1,42 €/L","img":"https://fd5-photos.leclercdrive.fr/image.ashx?id=2357707&use=l&cat=p&typeid=i","cat":316067},{"id":22835,"n":"Whisky single malt The Deveron 10 ans d'âge 40° - 70cl","p":24.15,"u":"34,50 €/L","img":"https://fd5-photos.leclercdrive.fr/image.ashx?id=2793710&use=l&cat=p&typeid=i","cat":284547},{"id":22838,"n":"Laitue Iceberg 1p","p":0.95,"img":"https://fd5-photos.leclercdrive.fr/image.ashx?id=1633649&use=l&cat=p&typeid=i","cat":284352},{"id":22845,"n":"Nems Marie Tradition d'Asie Porc sauce nuoc x4 - 280g","p":2.84,"u":"10,14 €/KG","img":"https://fd5-photos.leclercdrive.fr/image.ashx?id=2985216&use=l&cat=p&typeid=i","cat":333673},{"id":22887,"n":"Beurre Bio Grand Fermage Doux - 82% MG - 250g","p":3.03,"u":"12,12 €/KG","img":"https://fd5-photos.leclercdrive.fr/image.ashx?id=2951842&use=l&cat=p&typeid=i","cat":284379},{"id":22891,"n":"Eponges magiques Mamison x3","p":1.35,"u":"0,45 €/P","img":"https://fd5-photos.leclercdrive.fr/image.ashx?id=2978522&use=l&cat=p&typeid=i","cat":284667},{"id":22893,"n":"Cidre doux Les Goelleries 2%vol. - 1,5L","p":2.09,"u":"1,39 €/L","img":"https://fd5-photos.leclercdrive.fr/image.ashx?id=2843791&use=l&cat=p&typeid=i","cat":334880},{"id":22894,"n":"Nettoyant spray Clair Ultra dégraissant - 750ml","p":1.18,"u":"1,57 €/L","img":"https://fd5-photos.leclercdrive.fr/image.ashx?id=2840386&use=l&cat=p&typeid=i","cat":325357},{"id":22895,"n":"Nettoyant spray Clair javel Salle de bains 750ml","p":1.46,"u":"1,95 €/L","img":"https://fd5-photos.leclercdrive.fr/image.ashx?id=2840473&use=l&cat=p&typeid=i","cat":325357},{"id":22898,"n":"Nettoyant Silex vitres d'insert Barbecue ultra décapante 750ml","p":3.99,"u":"5,32 €/L","img":"https://fd5-photos.leclercdrive.fr/image.ashx?id=2657087&use=l&cat=p&typeid=i","cat":325363},{"id":22900,"n":"Eau de Cologne Belles Saisons Lavande 250ml","p":1.69,"u":"6,76 €/L","img":"https://fd5-photos.leclercdrive.fr/image.ashx?id=2851655&use=l&cat=p&typeid=i","cat":291525},{"id":22902,"n":"Savon de Marseille Epsil Textiles délicats 400g","p":1.72,"u":"4,30 €/KG","img":"https://fd5-photos.leclercdrive.fr/image.ashx?id=2034938&use=l&cat=p&typeid=i","cat":284651},{"id":22906,"n":"Gel à raser Carré Homme Sensitive - 75ml","p":1.16,"u":"15,47 €/L","img":"https://fd5-photos.leclercdrive.fr/image.ashx?id=2762952&use=l&cat=p&typeid=i","cat":284617},{"id":22907,"n":"Bière blonde Abbaye Alveringem Canette - 6.2%vol. - 50cl","p":1.39,"u":"2,78 €/L","img":"https://fd5-photos.leclercdrive.fr/image.ashx?id=2637898&use=l&cat=p&typeid=i","cat":334852},{"id":22911,"n":"Gants de ménage Mamison Taille S 1 paire","p":1.01,"img":"https://fd5-photos.leclercdrive.fr/image.ashx?id=2635676&use=l&cat=p&typeid=i","cat":284668},{"id":22912,"n":"Gants Mamison spécial vaisselle Taille S 1 paire","p":1.01,"u":"0,51 €/P","img":"https://fd5-photos.leclercdrive.fr/image.ashx?id=2946169&use=l&cat=p&typeid=i","cat":284668},{"id":22960,"n":"Gants de ménage Mamison Taille M 1 paire","p":1.01,"img":"https://fd5-photos.leclercdrive.fr/image.ashx?id=2635679&use=l&cat=p&typeid=i","cat":284668},{"id":22961,"n":"Gants Mamison spécial vaisselle Taille M 1 paire","p":1.01,"u":"0,51 €/P","img":"https://fd5-photos.leclercdrive.fr/image.ashx?id=2595098&use=l&cat=p&typeid=i","cat":284668},{"id":22962,"n":"Gants Mamison spécial vaisselle Taille L 1 paire","p":1.01,"u":"50,50 €/L","img":"https://fd5-photos.leclercdrive.fr/image.ashx?id=2946172&use=l&cat=p&typeid=i","cat":284668},{"id":22963,"n":"Gants Mamison ultra résistant Taille M 1 paire","p":1.64,"img":"https://fd5-photos.leclercdrive.fr/image.ashx?id=676218&use=l&cat=p&typeid=i","cat":284668},{"id":22964,"n":"Gants Mamison ultra résistant Taille L 1 paire","p":1.64,"img":"https://fd5-photos.leclercdrive.fr/image.ashx?id=606116&use=l&cat=p&typeid=i","cat":284668},{"id":22965,"n":"Gants Mamison ultra résistant Taille S 1 paire","p":1.64,"img":"https://fd5-photos.leclercdrive.fr/image.ashx?id=676222&use=l&cat=p&typeid=i","cat":284668},{"id":22967,"n":"Tampon à récurer Mamison Surfaces fragiles xs","p":1.32,"u":"0,66 €/P","img":"https://fd5-photos.leclercdrive.fr/image.ashx?id=2669699&use=l&cat=p&typeid=i","cat":284667},{"id":22968,"n":"Eponges grattantes Mamison Surfaces délicates x2","p":1.49,"u":"0,75 €/P","img":"https://fd5-photos.leclercdrive.fr/image.ashx?id=2202392&use=l&cat=p&typeid=i","cat":284667},{"id":22969,"n":"Lavette Mamison multi-usages Microfibre plusieurs coloris x2","p":0.84,"u":"0,42 €/P","img":"https://fd5-photos.leclercdrive.fr/image.ashx?id=2595095&use=l&cat=p&typeid=i","cat":284667},{"id":22975,"n":"Crème visage hydrante  Inell Peau normale - 50ml","p":1.96,"u":"39,20 €/L","img":"https://fd5-photos.leclercdrive.fr/image.ashx?id=2691634&use=l&cat=p&typeid=i","cat":325345},{"id":22976,"n":"Crème visage nourrissante Inell Peau sèche - 50ml","p":1.96,"u":"39,20 €/L","img":"https://fd5-photos.leclercdrive.fr/image.ashx?id=2771124&use=l&cat=p&typeid=i","cat":325345},{"id":22979,"n":"Gel nettoyant Inell visage Purifiant px norm. mixtes 150ml","p":2.58,"u":"17,20 €/L","img":"https://fd5-photos.leclercdrive.fr/image.ashx?id=1961443&use=l&cat=p&typeid=i","cat":284603},{"id":22980,"n":"Eau de Cologne Belles Saisons Ambrée 250ml","p":1.69,"u":"6,76 €/L","img":"https://fd5-photos.leclercdrive.fr/image.ashx?id=2875693&use=l&cat=p&typeid=i","cat":291525},{"id":22981,"n":"Eau de Cologne Belles Saisons Fraîcheur 250ml","p":1.69,"u":"6,76 €/L","img":"https://fd5-photos.leclercdrive.fr/image.ashx?id=1099557&use=l&cat=p&typeid=i","cat":291525},{"id":22996,"n":"Nettoyant détachant Clair Tapis moquettes 600ml","p":2.16,"u":"3,60 €/L","img":"https://fd5-photos.leclercdrive.fr/image.ashx?id=2242721&use=l&cat=p&typeid=i","cat":284907},{"id":23000,"n":"Smoothie innocent fraise banane 750ml","p":2.87,"u":"3,83 €/L","img":"https://fd5-photos.leclercdrive.fr/image.ashx?id=2891241&use=l&cat=p&typeid=i","cat":285435},{"id":23001,"n":"Smoothie innocent mangue passion 750ml","p":2.91,"u":"3,88 €/L","img":"https://fd5-photos.leclercdrive.fr/image.ashx?id=2872123&use=l&cat=p&typeid=i","cat":285435},{"id":23012,"n":"Huile d'Argan Floressance Pure Argan Bio - 50ml","p":7.42,"u":"148,40 €/L","img":"https://fd5-photos.leclercdrive.fr/image.ashx?id=2990688&use=l&cat=p&typeid=i","cat":325349},{"id":23024,"n":"Miel de fleurs Lune de Miel Liquide squeezer Bio -  500g","p":6.37,"u":"12,74 €/KG","img":"https://fd5-photos.leclercdrive.fr/image.ashx?id=3004825&use=l&cat=p&typeid=i","cat":287643},{"id":23040,"n":"Café moulu Méo L'original Bio - 500g","p":8.0,"u":"16,00 €/KG","img":"https://fd5-photos.leclercdrive.fr/image.ashx?id=2571287&use=l&cat=p&typeid=i","cat":284750},{"id":23046,"n":"infusion bio alter eco  rooibos - 40g","p":2.4,"u":"60,00 €/KG","img":"https://fd5-photos.leclercdrive.fr/image.ashx?id=2968361&use=l&cat=p&typeid=i","cat":293233},{"id":23122,"n":"Fromage enfant Ficello Emmental à effilocher x4 - 84g","p":2.37,"u":"28,21 €/KG","img":"https://fd5-photos.leclercdrive.fr/image.ashx?id=2409553&use=l&cat=p&typeid=i","cat":314030},{"id":23123,"n":"Fromage enfant Ficello Nature à effilocher x4 -84g","p":2.19,"u":"26,07 €/KG","img":"https://fd5-photos.leclercdrive.fr/image.ashx?id=2375373&use=l&cat=p&typeid=i","cat":314030},{"id":23131,"n":"Jambon sec Saint Azay 4 grandes tranches - 110g","p":3.25,"u":"29,55 €/KG","img":"https://fd5-photos.leclercdrive.fr/image.ashx?id=2921372&use=l&cat=p&typeid=i","cat":316007},{"id":23132,"n":"Pâte feuilletée Tablier Blanc Epaisse - 280g","p":1.55,"u":"5,54 €/KG","img":"https://fd5-photos.leclercdrive.fr/image.ashx?id=2635910&use=l&cat=p&typeid=i","cat":333681},{"id":23133,"n":"Pâte brisée Tablier Blanc Epaisse - 280g","p":1.65,"u":"5,89 €/KG","img":"https://fd5-photos.leclercdrive.fr/image.ashx?id=2635913&use=l&cat=p&typeid=i","cat":333681},{"id":23147,"n":"AOP Crémant de Loire  Ackerman Vin blanc brut - 75cl","p":4.99,"u":"6,65 €/L","img":"https://fd5-photos.leclercdrive.fr/image.ashx?id=2928426&use=l&cat=p&typeid=i","cat":284545},{"id":23157,"n":"AOP Champagne Brut Nicolas Feuillatte - 75cl","p":27.69,"u":"36,92 €/L","img":"https://fd5-photos.leclercdrive.fr/image.ashx?id=2962791&use=l&cat=p&typeid=i","cat":284542},{"id":23158,"n":"AOC Crémant de Bourgogne  Veuve Ambal Brut - 75cl","p":7.99,"pp":5.99,"u":"7,99 €/L","img":"https://fd5-photos.leclercdrive.fr/image.ashx?id=1737205&use=l&cat=p&typeid=i","cat":284545},{"id":23168,"n":"Beurre léger Les Croisés Doux - 40% MG - 250g","p":1.75,"u":"7,00 €/KG","img":"https://fd5-photos.leclercdrive.fr/image.ashx?id=2839909&use=l&cat=p&typeid=i","cat":284379},{"id":23169,"n":"Papier toilette Mimosa Blanc - Ultra Moelleux - x6","p":3.29,"u":"0,55 €/P","img":"https://fd5-photos.leclercdrive.fr/image.ashx?id=2777857&use=l&cat=p&typeid=i","cat":284634},{"id":23176,"n":"Pur jus de tomate Bio Village Bio - 1L","p":2.77,"u":"2,77 €/L","img":"https://fd5-photos.leclercdrive.fr/image.ashx?id=2954115&use=l&cat=p&typeid=i","cat":284523},{"id":23177,"n":"Pur jus Bio Village Bio Carotte - 1L","p":2.87,"u":"2,87 €/L","img":"https://fd5-photos.leclercdrive.fr/image.ashx?id=2901533&use=l&cat=p&typeid=i","cat":284523},{"id":23180,"n":"Rasoirs jetables Carré Homme 3 lames - x4","p":2.65,"img":"https://fd5-photos.leclercdrive.fr/image.ashx?id=2953236&use=l&cat=p&typeid=i","cat":284616},{"id":23181,"n":"Lames de rasoir Carré Homme 5 lames - x4","p":4.94,"img":"https://fd5-photos.leclercdrive.fr/image.ashx?id=2704663&use=l&cat=p&typeid=i","cat":284616},{"id":23182,"n":"Rasoirs jetables Siliss 3 lames - x4","p":1.99,"u":"0,50 €/P","img":"https://fd5-photos.leclercdrive.fr/image.ashx?id=2699438&use=l&cat=p&typeid=i","cat":325352},{"id":23188,"n":"Tomato Ketchup Heinz - 250g","p":1.04,"u":"4,16 €/KG","img":"https://fd5-photos.leclercdrive.fr/image.ashx?id=2943801&use=l&cat=p&typeid=i","cat":284455},{"id":23201,"n":"Vin de l'Union Européenne rouge Vieux Papes 4x75cl","p":7.3,"u":"2,43 €/L","img":"https://fd5-photos.leclercdrive.fr/image.ashx?id=2093391&use=l&cat=p&typeid=i","cat":289556},{"id":23212,"n":"Compote Douceur du Verger Coupelle pomme framboise-4x100g","p":1.63,"u":"4,08 €/KG","img":"https://fd5-photos.leclercdrive.fr/image.ashx?id=2663494&use=l&cat=p&typeid=i","cat":284508},{"id":23215,"n":"Biscuits Cookies P'tit Déli Chocolat raisin cranberrie 200g","p":1.44,"u":"7,20 €/KG","img":"https://fd5-photos.leclercdrive.fr/image.ashx?id=2529593&use=l&cat=p&typeid=i","cat":325066},{"id":23216,"n":"Sauce Hollandaise Rustica 32g","p":0.64,"u":"20,00 €/KG","img":"https://fd5-photos.leclercdrive.fr/image.ashx?id=2188832&use=l&cat=p&typeid=i","cat":288381},{"id":23219,"n":"Sauce Pesto Turini Basilic - 185g","p":1.3,"u":"7,03 €/KG","img":"https://fd5-photos.leclercdrive.fr/image.ashx?id=2546248&use=l&cat=p&typeid=i","cat":287599},{"id":23220,"n":"Chips Pom'Lisse Légumes - 100g","p":1.99,"u":"19,90 €/KG","img":"https://fd5-photos.leclercdrive.fr/image.ashx?id=2919610&use=l&cat=p&typeid=i","cat":284447},{"id":23221,"n":"Sauce Tomates Turini Basilic - 420g","p":1.15,"u":"2,74 €/KG","img":"https://fd5-photos.leclercdrive.fr/image.ashx?id=2487458&use=l&cat=p&typeid=i","cat":287599},{"id":23225,"n":"Compote bio Bio Village Coupelle pomme fraise - 4x100g","p":2.22,"u":"5,55 €/KG","img":"https://fd5-photos.leclercdrive.fr/image.ashx?id=2475179&use=l&cat=p&typeid=i","cat":284508},{"id":23226,"n":"Madeleines bio Bio Village Coquilles - 250g","p":1.88,"u":"7,52 €/KG","img":"https://fd5-photos.leclercdrive.fr/image.ashx?id=2711619&use=l&cat=p&typeid=i","cat":284492},{"id":23227,"n":"Chips Bio Village Bio - Nature - 125g","p":1.99,"u":"15,92 €/KG","img":"https://fd5-photos.leclercdrive.fr/image.ashx?id=2743834&use=l&cat=p&typeid=i","cat":284447},{"id":23228,"n":"Chips paysannes Bio Village Nature bio - 125g","p":1.99,"u":"15,92 €/KG","img":"https://fd5-photos.leclercdrive.fr/image.ashx?id=2770301&use=l&cat=p&typeid=i","cat":284447},{"id":23235,"n":"Papillotes Préparation Maggi Côtes de porc au barbecue - 18g","p":0.74,"u":"41,11 €/KG","img":"https://fd5-photos.leclercdrive.fr/image.ashx?id=2953971&use=l&cat=p&typeid=i","cat":288380},{"id":23244,"n":"Désodorisant frigo Bien Air Sans parfum 40g","p":1.83,"u":"45,75 €/KG","img":"https://fd5-photos.leclercdrive.fr/image.ashx?id=2287737&use=l&cat=p&typeid=i","cat":311628},{"id":23248,"n":"Tampons Doulys Compact Mini - x20","p":2.86,"u":"0,14 €/P","img":"https://fd5-photos.leclercdrive.fr/image.ashx?id=2965497&use=l&cat=p&typeid=i","cat":284626},{"id":23249,"n":"Savon de Marseille Epsil Textiles délicats 4x200g","p":1.86,"u":"2,33 €/KG","img":"https://fd5-photos.leclercdrive.fr/image.ashx?id=2379591&use=l&cat=p&typeid=i","cat":284651},{"id":23251,"n":"Bâtonnets allume-feu Silex Sans odeur x24","p":2.05,"u":"0,09 €/P","img":"https://fd5-photos.leclercdrive.fr/image.ashx?id=606577&use=l&cat=p&typeid=i","cat":300578},{"id":23252,"n":"Cubes allume-feu Silex Sans odeur 100% naturel x40","p":1.57,"u":"0,04 €/P","img":"https://fd5-photos.leclercdrive.fr/image.ashx?id=2931772&use=l&cat=p&typeid=i","cat":300578},{"id":23253,"n":"Nettoyant spray Clair Surpuissant - 750ml","p":1.86,"u":"2,48 €/L","img":"https://fd5-photos.leclercdrive.fr/image.ashx?id=2520831&use=l&cat=p&typeid=i","cat":325357},{"id":23254,"n":"Baume après-rasage Carré Homme Apaisant px sensibles 100ml","p":2.69,"u":"26,90 €/L","img":"https://fd5-photos.leclercdrive.fr/image.ashx?id=2854234&use=l&cat=p&typeid=i","cat":288147},{"id":23255,"n":"Déodorant Carré Homme Vétiver longue durée 200ml","p":1.35,"u":"6,75 €/L","img":"https://fd5-photos.leclercdrive.fr/image.ashx?id=2375992&use=l&cat=p&typeid=i","cat":284618},{"id":23256,"n":"Ramequins aluminium Elembal x12","p":2.05,"u":"0,17 €/P","img":"https://fd5-photos.leclercdrive.fr/image.ashx?id=2582522&use=l&cat=p&typeid=i","cat":334134},{"id":23271,"n":"Vin mousseux de France blanc Muscador doux 11.5% Vol 75cl","p":2.41,"u":"3,21 €/L","img":"https://fd5-photos.leclercdrive.fr/image.ashx?id=2157052&use=l&cat=p&typeid=i","cat":284544},{"id":23304,"n":"Feuilletés paniers Côté Table Saumon - 4x100g","p":4.45,"u":"11,13 €/KG","img":"https://fd5-photos.leclercdrive.fr/image.ashx?id=2549400&use=l&cat=p&typeid=i","cat":319776},{"id":23327,"n":"IGP vin blanc Côtes de Gascogne Bio Terrasses d'Autan 12% 75cl","p":3.99,"u":"5,32 €/L","img":"https://fd5-photos.leclercdrive.fr/image.ashx?id=2872736&use=l&cat=p&typeid=i","cat":289557},{"id":23363,"n":"Lait bébé poudre Nidal Nestlé 1er âge - 0-6 mois - 800g","p":11.86,"u":"14,83 €/KG","img":"https://fd5-photos.leclercdrive.fr/image.ashx?id=2811638&use=l&cat=p&typeid=i","cat":284726},{"id":23365,"n":"Lait bébé 2A NIDAL GEST  6-12 mois - 800g","p":11.86,"u":"14,83 €/KG","img":"https://fd5-photos.leclercdrive.fr/image.ashx?id=2890799&use=l&cat=p&typeid=i","cat":284727},{"id":23371,"n":"Mozzarella Maxi Les Croisés - 250g","p":1.86,"u":"7,44 €/KG","img":"https://fd5-photos.leclercdrive.fr/image.ashx?id=2133617&use=l&cat=p&typeid=i","cat":314026},{"id":23372,"n":"Ricotta Les Croisés - 250g","p":1.29,"u":"5,16 €/KG","img":"https://fd5-photos.leclercdrive.fr/image.ashx?id=2133294&use=l&cat=p&typeid=i","cat":314026},{"id":23380,"n":"Feuilles simples Esquisse 200 pages 21x29,7cm 5x5","p":1.79,"img":"https://fd5-photos.leclercdrive.fr/image.ashx?id=2131197&use=l&cat=p&typeid=i","cat":284697},{"id":23387,"n":"Gâteaux St Michel Savaroises Chocolat 8 sachets 220g","p":1.84,"u":"8,36 €/KG","img":"https://fd5-photos.leclercdrive.fr/image.ashx?id=2935693&use=l&cat=p&typeid=i","cat":284495},{"id":23405,"n":"Pains au chocolat tournesol  10x1 p","p":5.1,"u":"0,51 €/P","img":"https://fd5-photos.leclercdrive.fr/image.ashx?id=2071010&use=l&cat=p&typeid=i","cat":284984},{"id":23411,"n":"Petits pains grillés Epi d'Or Froment - 400g","p":1.39,"u":"3,48 €/KG","img":"https://fd5-photos.leclercdrive.fr/image.ashx?id=2496413&use=l&cat=p&typeid=i","cat":284479},{"id":23412,"n":"Vermicelles Tables du Monde Haricot mungo - 100g","p":1.23,"u":"12,30 €/KG","img":"https://fd5-photos.leclercdrive.fr/image.ashx?id=2679723&use=l&cat=p&typeid=i","cat":288992},{"id":23416,"n":"Barquettes chats Tous mes amis Terrines 4 variétés - 4x85g","p":1.74,"u":"6,82 €/KG","img":"https://fd5-photos.leclercdrive.fr/image.ashx?id=2520026&use=l&cat=p&typeid=i","cat":285286},{"id":23419,"n":"Chocolat noir Equador Fourré mousse 160g","p":2.49,"u":"15,56 €/KG","img":"https://fd5-photos.leclercdrive.fr/image.ashx?id=2834299&use=l&cat=p&typeid=i","cat":284956},{"id":23429,"n":"Croquettes chat Tous mes amis Chatons - 2kg","p":4.07,"u":"2,04 €/KG","img":"https://fd5-photos.leclercdrive.fr/image.ashx?id=2710485&use=l&cat=p&typeid=i","cat":284680},{"id":23430,"n":"Croquettes chat Tous mes amis Lapin/volailles - 2kg","p":3.99,"u":"2,00 €/KG","img":"https://fd5-photos.leclercdrive.fr/image.ashx?id=2301605&use=l&cat=p&typeid=i","cat":284680},{"id":23432,"n":"Croquettes Lydog Petits chiens - Vollaile - 2kg","p":4.12,"u":"2,06 €/KG","img":"https://fd5-photos.leclercdrive.fr/image.ashx?id=2191126&use=l&cat=p&typeid=i","cat":294526},{"id":23433,"n":"Croquettes chiens Lydog Allégées - Volaille - 4kg","p":6.99,"u":"1,75 €/KG","img":"https://fd5-photos.leclercdrive.fr/image.ashx?id=1923562&use=l&cat=p&typeid=i","cat":284672},{"id":23434,"n":"Cacahuètes Tokapi Sans sel ajouté - 200g","p":0.76,"u":"3,80 €/KG","img":"https://fd5-photos.leclercdrive.fr/image.ashx?id=2858833&use=l&cat=p&typeid=i","cat":284448},{"id":23437,"n":"Maïs Notre Jardin Croquant - 285g","p":0.85,"u":"2,98 €/KG","img":"https://fd5-photos.leclercdrive.fr/image.ashx?id=1993188&use=l&cat=p&typeid=i","cat":312611},{"id":23439,"n":"Crème dessert Délisse Choco Billes bicompartiment 4x117g","p":1.99,"u":"4,25 €/KG","img":"https://fd5-photos.leclercdrive.fr/image.ashx?id=2965482&use=l&cat=p&typeid=i","cat":285041},{"id":23444,"n":"Quenelles Côté Table volaille Au naturel 255g","p":1.37,"u":"5,37 €/KG","img":"https://fd5-photos.leclercdrive.fr/image.ashx?id=2977870&use=l&cat=p&typeid=i","cat":284441},{"id":23449,"n":"Dessert fruitier pomme mangue Douceur du Verger s/sucre4x100g","p":1.23,"u":"3,08 €/KG","img":"https://fd5-photos.leclercdrive.fr/image.ashx?id=1957081&use=l&cat=p&typeid=i","cat":284416},{"id":23450,"n":"Yaourts aux fruits Délisse Fruits rouges - 8x125g","p":2.29,"u":"2,29 €/KG","img":"https://fd5-photos.leclercdrive.fr/image.ashx?id=2616736&use=l&cat=p&typeid=i","cat":284410},{"id":23452,"n":"Terrines chats Tous mes amis Viandes variées - 4x400g","p":3.74,"u":"2,34 €/KG","img":"https://fd5-photos.leclercdrive.fr/image.ashx?id=2865191&use=l&cat=p&typeid=i","cat":285601},{"id":23459,"n":"Sauce Béchamel Rustica Déshydratée - 60g","p":0.49,"u":"8,17 €/KG","img":"https://fd5-photos.leclercdrive.fr/image.ashx?id=2188838&use=l&cat=p&typeid=i","cat":288381},{"id":23492,"n":"Bonbons sans sucres Confiséo Goût caramel - 120g","p":2.61,"u":"21,75 €/KG","img":"https://fd5-photos.leclercdrive.fr/image.ashx?id=2934670&use=l&cat=p&typeid=i","cat":304252},{"id":23493,"n":"Bonbons sans sucres Confiséo Goût café - 120g","p":2.6,"u":"21,67 €/KG","img":"https://fd5-photos.leclercdrive.fr/image.ashx?id=2934673&use=l&cat=p&typeid=i","cat":304252},{"id":23497,"n":"Bonbons Confiséo Acacia menthe eucalyptus 300g","p":2.06,"u":"6,87 €/KG","img":"https://fd5-photos.leclercdrive.fr/image.ashx?id=2934676&use=l&cat=p&typeid=i","cat":304252},{"id":23499,"n":"Huile Bio Village mélange 4 huiles biologiques - 75 cl","p":3.99,"u":"5,32 €/L","img":"https://fd5-photos.leclercdrive.fr/image.ashx?id=2882349&use=l&cat=p&typeid=i","cat":284453},{"id":23500,"n":"Bouillon de légumes Bio Village Bio - 8x10g","p":1.69,"u":"21,13 €/KG","img":"https://fd5-photos.leclercdrive.fr/image.ashx?id=1943409&use=l&cat=p&typeid=i","cat":288379},{"id":23502,"n":"Pâtés de campagne Tradilège Supérieur VPF 2x50g","p":1.04,"u":"10,40 €/KG","img":"https://fd5-photos.leclercdrive.fr/image.ashx?id=2771612&use=l&cat=p&typeid=i","cat":316008},{"id":23503,"n":"Blanc de poulet Tradilège A la provençale x4","p":1.49,"u":"12,42 €/KG","img":"https://fd5-photos.leclercdrive.fr/image.ashx?id=2840398&use=l&cat=p&typeid=i","cat":316010},{"id":23505,"n":"Tripes à la mode de Caen Férial 500g","p":3.89,"u":"7,78 €/KG","img":"https://fd5-photos.leclercdrive.fr/image.ashx?id=2451937&use=l&cat=p&typeid=i","cat":333666},{"id":23506,"n":"Tripes à la provençale Férial 500g","p":3.89,"u":"7,78 €/KG","img":"https://fd5-photos.leclercdrive.fr/image.ashx?id=2451940&use=l&cat=p&typeid=i","cat":333666},{"id":23510,"n":"Carpaccio au Parmesan Férial - 200g","p":4.35,"u":"21,75 €/KG","img":"https://fd5-photos.leclercdrive.fr/image.ashx?id=2881259&use=l&cat=p&typeid=i","cat":284328},{"id":23520,"n":"Bloc de fromage Leerdammer L'Original - 500g","p":5.65,"u":"11,30 €/KG","img":"https://fd5-photos.leclercdrive.fr/image.ashx?id=2699035&use=l&cat=p&typeid=i","cat":314034},{"id":23522,"n":"Bûche de chèvre Les Croisés Format famililal 25%mg 300g","p":2.95,"u":"9,83 €/KG","img":"https://fd5-photos.leclercdrive.fr/image.ashx?id=2949415&use=l&cat=p&typeid=i","cat":314031},{"id":23543,"n":"Bière blonde Leffe 6,6% - 12x33cl","p":11.93,"u":"3,01 €/L","img":"https://fd5-photos.leclercdrive.fr/image.ashx?id=2811578&use=l&cat=p&typeid=i","cat":334852},{"id":23545,"n":"Rösti McCain 800g","p":2.11,"u":"2,64 €/KG","img":"https://fd5-photos.leclercdrive.fr/image.ashx?id=2988728&use=l&cat=p&typeid=i","cat":319792},{"id":23546,"n":"Poêlée savoyarde Marie Aux lardons fumés - 900g","p":4.91,"u":"5,46 €/KG","img":"https://fd5-photos.leclercdrive.fr/image.ashx?id=2996782&use=l&cat=p&typeid=i","cat":319823},{"id":23552,"n":"Lait bébé poudre Nidal Nestlé 2e âge -6-12 mois - 800g","p":9.95,"u":"12,44 €/KG","img":"https://fd5-photos.leclercdrive.fr/image.ashx?id=2805597&use=l&cat=p&typeid=i","cat":284727},{"id":23553,"n":"Lait bébé 1A NIDAL GEST  0-6 mois - 800g","p":15.69,"u":"19,61 €/KG","img":"https://fd5-photos.leclercdrive.fr/image.ashx?id=2890796&use=l&cat=p&typeid=i","cat":284726},{"id":23554,"n":"Vin de l'Union Européenne rosé La Villageoise 12%vol. 1,5L","p":2.86,"u":"1,91 €/L","img":"https://fd5-photos.leclercdrive.fr/image.ashx?id=2104768&use=l&cat=p&typeid=i","cat":289558},{"id":23583,"n":"Crème Fraîche Elle&Vire Epaisse Entière - 30% MG - 33cl","p":1.79,"u":"5,42 €/L","img":"https://fd5-photos.leclercdrive.fr/image.ashx?id=3003333&use=l&cat=p&typeid=i","cat":284381},{"id":23594,"n":"Fromage raclette Les Croisés Saveur vin blanc - 26%mg - 250g","p":2.99,"u":"11,96 €/KG","img":"https://fd5-photos.leclercdrive.fr/image.ashx?id=1990087&use=l&cat=p&typeid=i","cat":314037},{"id":23597,"n":"Fromage raclette Les Croisés Entier 29%mg 350g","p":3.97,"u":"11,34 €/KG","img":"https://fd5-photos.leclercdrive.fr/image.ashx?id=2791785&use=l&cat=p&typeid=i","cat":314037},{"id":23598,"n":"Fromage raclette Les Croisés Sans croûte - 28%mg - 400g","p":3.95,"u":"9,88 €/KG","img":"https://fd5-photos.leclercdrive.fr/image.ashx?id=2969752&use=l&cat=p&typeid=i","cat":314037},{"id":23618,"n":"Couscous Weight Watchers Oriental 300g","p":3.09,"u":"10,30 €/KG","img":"https://fd5-photos.leclercdrive.fr/image.ashx?id=2610915&use=l&cat=p&typeid=i","cat":333665},{"id":23628,"n":"Fond de volaille Rustica 110g","p":2.21,"u":"20,09 €/KG","img":"https://fd5-photos.leclercdrive.fr/image.ashx?id=2900103&use=l&cat=p&typeid=i","cat":288379},{"id":23630,"n":"Mouliné de carottes Régal Soupe Poireaux pommes de terre 1L","p":2.16,"u":"2,16 €/L","img":"https://fd5-photos.leclercdrive.fr/image.ashx?id=2607506&use=l&cat=p&typeid=i","cat":284462},{"id":23631,"n":"Chocolat noir Equador Mini carrés 72% cacao 200g","p":4.35,"u":"21,75 €/KG","img":"https://fd5-photos.leclercdrive.fr/image.ashx?id=2856483&use=l&cat=p&typeid=i","cat":284956},{"id":23633,"n":"Crème dessert Délisse Vanille sur lit caramel 4x125g","p":1.47,"u":"2,94 €/KG","img":"https://fd5-photos.leclercdrive.fr/image.ashx?id=2441276&use=l&cat=p&typeid=i","cat":285041},{"id":23636,"n":"Bouillon de volaille Rustica Dégraissé - Tablettes 12x10g","p":0.79,"u":"6,58 €/KG","img":"https://fd5-photos.leclercdrive.fr/image.ashx?id=1880033&use=l&cat=p&typeid=i","cat":288379},{"id":23642,"n":"Huile spéciale fondue Rustica Aux aromates - 1L","p":3.45,"u":"3,45 €/L","img":"https://fd5-photos.leclercdrive.fr/image.ashx?id=2546245&use=l&cat=p&typeid=i","cat":284453},{"id":23709,"n":"Riz à la Cantonaise Marie 900g","p":3.99,"u":"4,43 €/KG","img":"https://fd5-photos.leclercdrive.fr/image.ashx?id=2996791&use=l&cat=p&typeid=i","cat":284254},{"id":23712,"n":"Saumon fumé Eco+ Atlantique - 200g","p":4.67,"u":"23,35 €/KG","img":"https://fd5-photos.leclercdrive.fr/image.ashx?id=2981798&use=l&cat=p&typeid=i","cat":285188},{"id":23715,"n":"Samoussa Tables du Monde Au boeuf - x4 - 220g","p":3.29,"u":"14,95 €/KG","img":"https://fd5-photos.leclercdrive.fr/image.ashx?id=2807190&use=l&cat=p&typeid=i","cat":333673},{"id":23716,"n":"Nems Marie Tradition d'Asie Crevette crabe sce nuoc x4 280g","p":3.04,"u":"10,86 €/KG","img":"https://fd5-photos.leclercdrive.fr/image.ashx?id=2985219&use=l&cat=p&typeid=i","cat":333673},{"id":23717,"n":"Nem au poulet Traditions d'Asie Sauce nuoc mam - x4 - 280g","p":3.28,"u":"11,71 €/KG","img":"https://fd5-photos.leclercdrive.fr/image.ashx?id=2985222&use=l&cat=p&typeid=i","cat":333673},{"id":23725,"n":"Liquide vaisselle Eco+ Pomme - 1L","p":0.74,"u":"0,74 €/L","img":"https://fd5-photos.leclercdrive.fr/image.ashx?id=2949161&use=l&cat=p&typeid=i","cat":284655},{"id":23726,"n":"Aluminium Eco+ 30m","p":1.89,"u":"0,06 €/MT","img":"https://fd5-photos.leclercdrive.fr/image.ashx?id=2880216&use=l&cat=p&typeid=i","cat":334134},{"id":23727,"n":"Sacs poubelle 100L Eco+ x10","p":0.76,"u":"0,08 €/P","img":"https://fd5-photos.leclercdrive.fr/image.ashx?id=2793137&use=l&cat=p&typeid=i","cat":285168},{"id":23728,"n":"Huile de tournesol Eco+ 1L","p":1.63,"u":"1,63 €/L","img":"https://fd5-photos.leclercdrive.fr/image.ashx?id=2913636&use=l&cat=p&typeid=i","cat":284453},{"id":23729,"n":"Tomato Ketchup Eco+ 560g","p":0.88,"u":"1,57 €/KG","img":"https://fd5-photos.leclercdrive.fr/image.ashx?id=2954328&use=l&cat=p&typeid=i","cat":284455},{"id":23753,"n":"Alcool modifié Primoplast 70° 250ml","p":2.2,"u":"8,80 €/L","img":"https://fd5-photos.leclercdrive.fr/image.ashx?id=2856498&use=l&cat=p&typeid=i","cat":284630},{"id":23754,"n":"Eau oxygénée Primoplast 250ml","p":1.86,"u":"7,44 €/L","img":"https://fd5-photos.leclercdrive.fr/image.ashx?id=2832936&use=l&cat=p&typeid=i","cat":284630},{"id":23759,"n":"Vin de l'Union Européenne La Villageoise  11% Vol. - 1.5L","p":3.08,"u":"2,05 €/L","img":"https://fd5-photos.leclercdrive.fr/image.ashx?id=2153492&use=l&cat=p&typeid=i","cat":289556},{"id":23779,"n":"Camembert 21% MG Bio Bio Village - 250g","p":2.57,"u":"10,28 €/KG","img":"https://fd5-photos.leclercdrive.fr/image.ashx?id=2201492&use=l&cat=p&typeid=i","cat":314033},{"id":23781,"n":"Beurre Bio Grand Fermage Demi-sel - 80% MG - 250g","p":3.22,"u":"12,88 €/KG","img":"https://fd5-photos.leclercdrive.fr/image.ashx?id=2951845&use=l&cat=p&typeid=i","cat":284379},{"id":23788,"n":"Pizza Bio Bio Village 3 fromages - 380g","p":3.24,"u":"8,53 €/KG","img":"https://fd5-photos.leclercdrive.fr/image.ashx?id=2946202&use=l&cat=p&typeid=i","cat":284256},{"id":23794,"n":"Pain grillé Epi d'Or Blé complet x24 - 500g","p":1.72,"u":"3,44 €/KG","img":"https://fd5-photos.leclercdrive.fr/image.ashx?id=2680545&use=l&cat=p&typeid=i","cat":284479},{"id":23797,"n":"Lentilles vertes Bio Village Bio 500g","p":2.15,"u":"4,30 €/KG","img":"https://fd5-photos.leclercdrive.fr/image.ashx?id=2120317&use=l&cat=p&typeid=i","cat":284430},{"id":23798,"n":"Riz Risotto Comptoir du Grain 500g","p":1.42,"u":"2,84 €/KG","img":"https://fd5-photos.leclercdrive.fr/image.ashx?id=2363283&use=l&cat=p&typeid=i","cat":284428},{"id":23799,"n":"Riz rond Comptoir du Grain Dessert - 1kg","p":1.94,"u":"1,94 €/KG","img":"https://fd5-photos.leclercdrive.fr/image.ashx?id=776471&use=l&cat=p&typeid=i","cat":284428},{"id":23827,"n":"Cordon Bleu poulet Père Dodu  Les Bons plans x10 - 1kg","p":8.3,"u":"8,30 €/KG","img":"https://fd5-photos.leclercdrive.fr/image.ashx?id=2971095&use=l&cat=p&typeid=i","cat":333683},{"id":23881,"n":"Coulommiers Les Croisés  10 portions - 24%mg - 350g","p":3.19,"u":"9,11 €/KG","img":"https://fd5-photos.leclercdrive.fr/image.ashx?id=2339948&use=l&cat=p&typeid=i","cat":314033},{"id":23936,"n":"Fromage blanc jockey Stracciatella - 4x120g","p":1.92,"u":"4,00 €/KG","img":"https://fd5-photos.leclercdrive.fr/image.ashx?id=2280011&use=l&cat=p&typeid=i","cat":314999},{"id":23958,"n":"Dentifrice Sanogyl Blancheur et soin 3x75ml","p":6.42,"u":"28,53 €/L","img":"https://fd5-photos.leclercdrive.fr/image.ashx?id=2177995&use=l&cat=p&typeid=i","cat":284612},{"id":23963,"n":"Beurre Tendre Les Croisés Demi-sel Allegé - 40% MG - 250g","p":2.25,"u":"9,00 €/KG","img":"https://fd5-photos.leclercdrive.fr/image.ashx?id=2839912&use=l&cat=p&typeid=i","cat":284379},{"id":23967,"n":"Lait demi-écrémé Grandlait Candia Bouteille - 6x50cl","p":5.97,"u":"1,99 €/L","img":"https://fd5-photos.leclercdrive.fr/image.ashx?id=2916195&use=l&cat=p&typeid=i","cat":284377},{"id":23968,"n":"Roquefort AOP Les Croisés Tranché 150g","p":2.29,"u":"15,27 €/KG","img":"https://fd5-photos.leclercdrive.fr/image.ashx?id=2676537&use=l&cat=p&typeid=i","cat":314032},{"id":23972,"n":"Fusili Côté Snack Pâtes Bolognaise - 300g","p":1.89,"u":"6,30 €/KG","img":"https://fd5-photos.leclercdrive.fr/image.ashx?id=2650898&use=l&cat=p&typeid=i","cat":334983},{"id":23973,"n":"Fusili Côté Snack Pâtes Carbonara - 300g","p":1.89,"u":"6,30 €/KG","img":"https://fd5-photos.leclercdrive.fr/image.ashx?id=2517682&use=l&cat=p&typeid=i","cat":334983},{"id":24009,"n":"Crackers Tuc Fromage - 100g","p":0.89,"u":"8,90 €/KG","img":"https://fd5-photos.leclercdrive.fr/image.ashx?id=3002291&use=l&cat=p&typeid=i","cat":297000},{"id":24035,"n":"Echalotes semoule Rustica 36g","p":1.29,"u":"35,83 €/KG","img":"https://fd5-photos.leclercdrive.fr/image.ashx?id=2772951&use=l&cat=p&typeid=i","cat":298297},{"id":24043,"n":"Thé vert Britley Menthe x25 sachets - 40g","p":0.79,"u":"19,75 €/KG","img":"https://fd5-photos.leclercdrive.fr/image.ashx?id=2672930&use=l&cat=p&typeid=i","cat":293233},{"id":24047,"n":"Yaourts aromatisés Délisse Vanille - 4x125g","p":1.29,"u":"2,58 €/KG","img":"https://fd5-photos.leclercdrive.fr/image.ashx?id=2134524&use=l&cat=p&typeid=i","cat":286006},{"id":24049,"n":"Pâtée chats Tous mes amis Thon en sauce - 80g","p":0.99,"u":"12,38 €/KG","img":"https://fd5-photos.leclercdrive.fr/image.ashx?id=2450306&use=l&cat=p&typeid=i","cat":285601},{"id":24050,"n":"Pâtée chats Tous mes amis Poulet en sauce - 80g","p":0.99,"u":"12,38 €/KG","img":"https://fd5-photos.leclercdrive.fr/image.ashx?id=2450309&use=l&cat=p&typeid=i","cat":285601},{"id":24051,"n":"Pâtée pour chats Tous mes amis Thon aux crevettes - 80g","p":0.99,"u":"12,38 €/KG","img":"https://fd5-photos.leclercdrive.fr/image.ashx?id=1971897&use=l&cat=p&typeid=i","cat":285601},{"id":24081,"n":"Mayonnaise Fins Gourmets MAILLE Bocal - 320g","p":2.38,"u":"7,44 €/KG","img":"https://fd5-photos.leclercdrive.fr/image.ashx?id=2812750&use=l&cat=p&typeid=i","cat":298295},{"id":24082,"n":"Mayonnaise Fine MAILLE Qualité Traiteur Bocal - 320g","p":2.35,"u":"7,34 €/KG","img":"https://fd5-photos.leclercdrive.fr/image.ashx?id=2908369&use=l&cat=p&typeid=i","cat":298295},{"id":24083,"n":"Nuggets de Poulet  Père Dodu  x50 - 1kg - Les Bons plans","p":8.02,"u":"8,02 €/KG","img":"https://fd5-photos.leclercdrive.fr/image.ashx?id=2957086&use=l&cat=p&typeid=i","cat":333684},{"id":24085,"n":"Pizza la Moelleuse Turini Royale - 600g","p":3.36,"u":"5,60 €/KG","img":"https://fd5-photos.leclercdrive.fr/image.ashx?id=2815641&use=l&cat=p&typeid=i","cat":284256},{"id":24088,"n":"Pizza la Moelleuse Turini 6 Fromages - 600g","p":3.63,"u":"6,05 €/KG","img":"https://fd5-photos.leclercdrive.fr/image.ashx?id=2815638&use=l&cat=p&typeid=i","cat":284256},{"id":24094,"n":"Jus de pommes pressées Andros 1,5L","p":3.5,"u":"2,33 €/L","img":"https://fd5-photos.leclercdrive.fr/image.ashx?id=2902981&use=l&cat=p&typeid=i","cat":285435},{"id":24095,"n":"Jus de clémentines préssées Andros - 1,5L","p":3.82,"u":"2,55 €/L","img":"https://fd5-photos.leclercdrive.fr/image.ashx?id=2902984&use=l&cat=p&typeid=i","cat":285435},{"id":24162,"n":"Vinaigre balsamique Bio Village Bio 50cl","p":3.49,"u":"6,98 €/L","img":"https://fd5-photos.leclercdrive.fr/image.ashx?id=2865206&use=l&cat=p&typeid=i","cat":298543},{"id":24163,"n":"Infusion Tiséa Tilleul Citron 25 sachets 34g","p":1.69,"u":"48,29 €/KG","img":"https://fd5-photos.leclercdrive.fr/image.ashx?id=2854240&use=l&cat=p&typeid=i","cat":293234},{"id":24164,"n":"Thé vert Briley 32.5g","p":0.79,"u":"24,69 €/KG","img":"https://fd5-photos.leclercdrive.fr/image.ashx?id=2645939&use=l&cat=p&typeid=i","cat":293233},{"id":24186,"n":"Bandes à découper Mercurochrome 5 bandes - 10x6cm","p":3.23,"img":"https://fd5-photos.leclercdrive.fr/image.ashx?id=2862152&use=l&cat=p&typeid=i","cat":284630},{"id":24258,"n":"Philadelphia Nature - 300g","p":2.64,"u":"8,80 €/KG","img":"https://fd5-photos.leclercdrive.fr/image.ashx?id=2787863&use=l&cat=p&typeid=i","cat":314029},{"id":24293,"n":"Céréales Extra Kellogg's Chocolat Noir Noisettes - 500g","p":3.03,"u":"6,06 €/KG","img":"https://fd5-photos.leclercdrive.fr/image.ashx?id=2692284&use=l&cat=p&typeid=i","cat":309512},{"id":24294,"n":"Filets de maquereaux Saupiquet Escabèche - 3x169g","p":5.99,"u":"11,81 €/KG","img":"https://fd5-photos.leclercdrive.fr/image.ashx?id=2826978&use=l&cat=p&typeid=i","cat":303868},{"id":24296,"n":"Sauce apéritif Old El Paso Salsa doux - 312g","p":2.27,"u":"7,28 €/KG","img":"https://fd5-photos.leclercdrive.fr/image.ashx?id=2859944&use=l&cat=p&typeid=i","cat":288993},{"id":24350,"n":"Lingettes rince doigt Clair x24","p":1.96,"u":"0,08 €/P","img":"https://fd5-photos.leclercdrive.fr/image.ashx?id=2949418&use=l&cat=p&typeid=i","cat":325358},{"id":24363,"n":"Boisson lactée Délisse Chocolat - 6x20cl","p":2.17,"u":"1,81 €/L","img":"https://fd5-photos.leclercdrive.fr/image.ashx?id=3015245&use=l&cat=p&typeid=i","cat":295246},{"id":24390,"n":"Pétales de blé Eco+ Chocolat - 750g","p":2.03,"u":"2,71 €/KG","img":"https://fd5-photos.leclercdrive.fr/image.ashx?id=2927836&use=l&cat=p&typeid=i","cat":309513},{"id":24403,"n":"Vodka Novotna Pure grain 37.5%vol - 1L","p":14.99,"u":"14,99 €/L","img":"https://fd5-photos.leclercdrive.fr/image.ashx?id=784848&use=l&cat=p&typeid=i","cat":284550},{"id":24410,"n":"Bonbons Copains Copines Tendres fruits - 360 g","p":2.05,"u":"5,69 €/KG","img":"https://fd5-photos.leclercdrive.fr/image.ashx?id=2934694&use=l&cat=p&typeid=i","cat":304250},{"id":24418,"n":"Sauces gourmandes Rustica Pour viande 4 saveurs - 4x90g","p":2.41,"u":"6,69 €/KG","img":"https://fd5-photos.leclercdrive.fr/image.ashx?id=2275513&use=l&cat=p&typeid=i","cat":318430},{"id":24419,"n":"Caramels durs Confiséo A la crème fraîche - 175g","p":1.62,"u":"9,26 €/KG","img":"https://fd5-photos.leclercdrive.fr/image.ashx?id=2934691&use=l&cat=p&typeid=i","cat":304252},{"id":24420,"n":"Galettes Bretonnes NRT 100g","p":1.68,"u":"16,80 €/KG","img":"https://fd5-photos.leclercdrive.fr/image.ashx?id=2909419&use=l&cat=p&typeid=i","cat":284487},{"id":24474,"n":"Petites crevettes roses Pêche Océan - 125g","p":2.49,"u":"19,92 €/KG","img":"https://fd5-photos.leclercdrive.fr/image.ashx?id=2953635&use=l&cat=p&typeid=i","cat":284343},{"id":24492,"n":"Blanc de poulet Tradilège Doré à la broche - 120g","p":1.39,"u":"11,58 €/KG","img":"https://fd5-photos.leclercdrive.fr/image.ashx?id=2974864&use=l&cat=p&typeid=i","cat":316010},{"id":24495,"n":"Capsules Nescafé Dolce Gusto  Nesquik - x16","p":4.3,"u":"16,80 €/KG","img":"https://fd5-photos.leclercdrive.fr/image.ashx?id=2946634&use=l&cat=p&typeid=i","cat":293239},{"id":24500,"n":"Pain de mie nature Epi d'Or Sans croute - 500g","p":1.39,"u":"2,78 €/KG","img":"https://fd5-photos.leclercdrive.fr/image.ashx?id=2984658&use=l&cat=p&typeid=i","cat":284477},{"id":24574,"n":"Bandes de cire froide L.Dumont Visage x20 bandes","p":3.56,"u":"0,18 €/P","img":"https://fd5-photos.leclercdrive.fr/image.ashx?id=2606355&use=l&cat=p&typeid=i","cat":325351},{"id":24621,"n":"Gel toilette intime Cadum Surgras - 200ml","p":3.38,"u":"16,90 €/L","img":"https://fd5-photos.leclercdrive.fr/image.ashx?id=1963200&use=l&cat=p&typeid=i","cat":284627},{"id":24642,"n":"Déodorant Rexona Confidence Stick anti-transpirant - 45ml","p":4.19,"u":"93,11 €/L","img":"https://fd5-photos.leclercdrive.fr/image.ashx?id=2738194&use=l&cat=p&typeid=i","cat":284595},{"id":24652,"n":"Déodorant Stick Rexona Anti- Transpirant CleanScent 96H 45ml","p":3.52,"u":"78,22 €/L","img":"https://fd5-photos.leclercdrive.fr/image.ashx?id=2895101&use=l&cat=p&typeid=i","cat":284595},{"id":24659,"n":"Secret de mousse la Laitière Chocolat au lait - 8x59g","p":2.46,"u":"5,21 €/KG","img":"https://fd5-photos.leclercdrive.fr/image.ashx?id=3007984&use=l&cat=p&typeid=i","cat":284417},{"id":24662,"n":"Mozzarella maxi Galbani 250g","p":2.54,"u":"10,16 €/KG","img":"https://fd5-photos.leclercdrive.fr/image.ashx?id=2953392&use=l&cat=p&typeid=i","cat":314026},{"id":24665,"n":"Petit Brie Président 500g","p":5.38,"u":"10,76 €/KG","img":"https://fd5-photos.leclercdrive.fr/image.ashx?id=2504359&use=l&cat=p&typeid=i","cat":314033},{"id":24666,"n":"Roquefort AOP Société Fromage de brebis - 100g","p":2.51,"u":"25,10 €/KG","img":"https://fd5-photos.leclercdrive.fr/image.ashx?id=2729683&use=l&cat=p&typeid=i","cat":314032},{"id":24671,"n":"Crème Chantilly Bridelice Légère fouettée 20%mg - 250g","p":2.38,"u":"9,52 €/KG","img":"https://fd5-photos.leclercdrive.fr/image.ashx?id=2939313&use=l&cat=p&typeid=i","cat":284382},{"id":24672,"n":"Lait Matin Léger Lactel Sans lactose écrémé - 6x1l","p":10.38,"u":"1,73 €/L","img":"https://fd5-photos.leclercdrive.fr/image.ashx?id=2883546&use=l&cat=p&typeid=i","cat":317169},{"id":24674,"n":"Dentifrice Dentamyl 2en1 blancheur 75ml","p":1.3,"u":"17,33 €/L","img":"https://fd5-photos.leclercdrive.fr/image.ashx?id=2613834&use=l&cat=p&typeid=i","cat":284612},{"id":24694,"n":"Brosses à dent souple Dentamyl x4","p":0.99,"u":"0,25 €/P","img":"https://fd5-photos.leclercdrive.fr/image.ashx?id=2790946&use=l&cat=p&typeid=i","cat":284614},{"id":24738,"n":"Sacs poubelle Alfapac 10L Salle de bain végétal x25","p":1.57,"u":"0,06 €/P","img":"https://fd5-photos.leclercdrive.fr/image.ashx?id=2526860&use=l&cat=p&typeid=i","cat":284707},{"id":24755,"n":"Préservatifs  Plug'In Fins et Lubrifiés - x12","p":2.25,"u":"0,19 €/P","img":"https://fd5-photos.leclercdrive.fr/image.ashx?id=2856187&use=l&cat=p&typeid=i","cat":284631},{"id":24756,"n":"Préservatifs Plug'In Classiques - x24","p":4.4,"u":"0,18 €/P","img":"https://fd5-photos.leclercdrive.fr/image.ashx?id=2856181&use=l&cat=p&typeid=i","cat":284631},{"id":24757,"n":"Préservatifs Plug'in Classiques - x12","p":2.4,"u":"0,20 €/P","img":"https://fd5-photos.leclercdrive.fr/image.ashx?id=2856175&use=l&cat=p&typeid=i","cat":284631},{"id":24759,"n":"Mini nems Tables du Monde porc x5/poulet x5 +sauce - 220g","p":2.99,"u":"13,59 €/KG","img":"https://fd5-photos.leclercdrive.fr/image.ashx?id=2613276&use=l&cat=p&typeid=i","cat":333673},{"id":24789,"n":"Oeufs De Nos Villages Moyen - Plein Air - x12","p":4.59,"u":"0,38 €/P","img":"https://fd5-photos.leclercdrive.fr/image.ashx?id=2228933&use=l&cat=p&typeid=i","cat":284378},{"id":24790,"n":"Oeufs De Nos Villages Plein air - Gros - x6","p":1.47,"u":"0,25 €/P","img":"https://fd5-photos.leclercdrive.fr/image.ashx?id=2228927&use=l&cat=p&typeid=i","cat":284378},{"id":24847,"n":"Gâche tranchée ovale NRT Beurre - 450g","p":2.48,"u":"5,51 €/KG","img":"https://fd5-photos.leclercdrive.fr/image.ashx?id=2670443&use=l&cat=p&typeid=i","cat":284478},{"id":24879,"n":"Boisson apéritif Voltano Base de vin Rosato 14.4%vol 1L","p":4.99,"u":"4,99 €/L","img":"https://fd5-photos.leclercdrive.fr/image.ashx?id=2473960&use=l&cat=p&typeid=i","cat":284913},{"id":24886,"n":"Bâtonnets Trium Vanille Spéculoos x4 - 280g","p":3.19,"u":"11,39 €/KG","img":"https://fd5-photos.leclercdrive.fr/image.ashx?id=2920770&use=l&cat=p&typeid=i","cat":284265},{"id":24906,"n":"Mozzarella mini billes  Les Croisés - 150g","p":1.7,"u":"11,33 €/KG","img":"https://fd5-photos.leclercdrive.fr/image.ashx?id=2463468&use=l&cat=p&typeid=i","cat":314026},{"id":24929,"n":"Masque expert Franck Provost Nutrition - 400ml","p":5.6,"u":"14,00 €/L","img":"https://fd5-photos.leclercdrive.fr/image.ashx?id=2522872&use=l&cat=p&typeid=i","cat":284608},{"id":24952,"n":"Savon Le Petit Olivier Huile d'olive 250g","p":2.42,"u":"9,68 €/KG","img":"https://fd5-photos.leclercdrive.fr/image.ashx?id=2144845&use=l&cat=p&typeid=i","cat":284597},{"id":24953,"n":"Savon Le Petit Olivier Lavande de provence 250g","p":2.42,"u":"9,68 €/KG","img":"https://fd5-photos.leclercdrive.fr/image.ashx?id=2144842&use=l&cat=p&typeid=i","cat":284597},{"id":24961,"n":"Soin de jour L'Oréal Paris Age Perfect anti-âge - 50ml","p":11.97,"pp":7.9,"u":"158,00 €/L","img":"https://fd5-photos.leclercdrive.fr/image.ashx?id=2868047&use=l&cat=p&typeid=i","cat":325345},{"id":24967,"n":"Fondue Savoyarde RichesMonts  3 fromages - 450g","p":4.72,"u":"10,49 €/KG","img":"https://fd5-photos.leclercdrive.fr/image.ashx?id=2986239&use=l&cat=p&typeid=i","cat":314037},{"id":24968,"n":"Fromage de chèvre Petit Billy 45%mg - 200g","p":2.49,"u":"12,45 €/KG","img":"https://fd5-photos.leclercdrive.fr/image.ashx?id=2543136&use=l&cat=p&typeid=i","cat":314031},{"id":24969,"n":"Bûche chèvre Soignon -25%sel - 180g","p":2.69,"u":"14,94 €/KG","img":"https://fd5-photos.leclercdrive.fr/image.ashx?id=2836484&use=l&cat=p&typeid=i","cat":314031},{"id":24970,"n":"Crottin de chèvre Rians 23%mg - 2x60g","p":2.53,"u":"21,08 €/KG","img":"https://fd5-photos.leclercdrive.fr/image.ashx?id=2762094&use=l&cat=p&typeid=i","cat":314031},{"id":24971,"n":"Fromage Le Chèvre Soignon Boîte - 180g","p":2.75,"u":"15,28 €/KG","img":"https://fd5-photos.leclercdrive.fr/image.ashx?id=2676723&use=l&cat=p&typeid=i","cat":314031},{"id":24972,"n":"Chèvre à dorer Les Croisés x4 - 100g","p":1.77,"u":"17,70 €/KG","img":"https://fd5-photos.leclercdrive.fr/image.ashx?id=2978528&use=l&cat=p&typeid=i","cat":314027},{"id":24977,"n":"Pain hot dog Jacquet x4 -  240g","p":1.84,"u":"7,67 €/KG","img":"https://fd5-photos.leclercdrive.fr/image.ashx?id=2799293&use=l&cat=p&typeid=i","cat":284985},{"id":24982,"n":"Fromage à tartiner Philadelphia Light nature - 150g","p":1.98,"u":"13,20 €/KG","img":"https://fd5-photos.leclercdrive.fr/image.ashx?id=1626572&use=l&cat=p&typeid=i","cat":314029},{"id":25005,"n":"Préparation Papillotes Maggi Rôti thym et fines herbes - 30g","p":0.68,"u":"22,67 €/KG","img":"https://fd5-photos.leclercdrive.fr/image.ashx?id=2963964&use=l&cat=p&typeid=i","cat":288380},{"id":25006,"n":"Sauce béchamel Maggi Saveur à l'ancienne sachet -60g","p":0.62,"u":"10,33 €/KG","img":"https://fd5-photos.leclercdrive.fr/image.ashx?id=2697297&use=l&cat=p&typeid=i","cat":288381},{"id":25010,"n":"Barres Chocolatées KINDER Maxi Chocolat au Lait x10 - 210g","p":3.39,"u":"16,14 €/KG","img":"https://fd5-photos.leclercdrive.fr/image.ashx?id=2679609&use=l&cat=p&typeid=i","cat":284498},{"id":25027,"n":"Pots soir bébé bio Babybio Légumes riz - 6 mois - 2x200g","p":2.43,"u":"6,08 €/KG","img":"https://fd5-photos.leclercdrive.fr/image.ashx?id=2833474&use=l&cat=p&typeid=i","cat":312239},{"id":25028,"n":"Assiette Babybio Bio 12 mois Panais carotte polenta - 230g","p":1.95,"u":"8,48 €/KG","img":"https://fd5-photos.leclercdrive.fr/image.ashx?id=2875390&use=l&cat=p&typeid=i","cat":312239},{"id":25029,"n":"Assiette bébé bio Babybio Légumes agneau - 12 mois - 230g","p":1.94,"u":"8,43 €/KG","img":"https://fd5-photos.leclercdrive.fr/image.ashx?id=2855909&use=l&cat=p&typeid=i","cat":312237},{"id":25030,"n":"Petits pots Babynat Petits pois Cabillaud - 8mois 2x200g","p":2.61,"u":"6,53 €/KG","img":"https://fd5-photos.leclercdrive.fr/image.ashx?id=2825742&use=l&cat=p&typeid=i","cat":312236},{"id":25034,"n":"Mousse Coiffante Franck Provost A l'Huile d'Argan - 300ml","p":5.61,"u":"18,70 €/L","img":"https://fd5-photos.leclercdrive.fr/image.ashx?id=2575615&use=l&cat=p&typeid=i","cat":284609},{"id":25035,"n":"Salade Menu Fraîcheur Concombre au fromage blanc 300g","p":1.64,"u":"5,47 €/KG","img":"https://fd5-photos.leclercdrive.fr/image.ashx?id=3005679&use=l&cat=p&typeid=i","cat":333657},{"id":25037,"n":"Lait démaquillant Diadermine Hydratant - 200ml","p":2.33,"u":"11,65 €/L","img":"https://fd5-photos.leclercdrive.fr/image.ashx?id=2551108&use=l&cat=p&typeid=i","cat":284603},{"id":25044,"n":"Nettoyant spray Clair Salle de bain - Mousse - 600ml","p":1.99,"u":"3,32 €/L","img":"https://fd5-photos.leclercdrive.fr/image.ashx?id=2856678&use=l&cat=p&typeid=i","cat":325357},{"id":25049,"n":"Lames de rasoir Carré Homme 3 lames - x4","p":3.45,"u":"0,86 €/P","img":"https://fd5-photos.leclercdrive.fr/image.ashx?id=2704624&use=l&cat=p&typeid=i","cat":284616},{"id":25051,"n":"Boulettes de boeuf Férial x30 - 900g","p":7.39,"u":"8,21 €/KG","img":"https://fd5-photos.leclercdrive.fr/image.ashx?id=2966520&use=l&cat=p&typeid=i","cat":319779},{"id":25061,"n":"Cornichons Rustica Vinaigre - 360g","p":1.65,"u":"4,58 €/KG","img":"https://fd5-photos.leclercdrive.fr/image.ashx?id=2799763&use=l&cat=p&typeid=i","cat":284458},{"id":25064,"n":"Film étirable Alfapac Extensible auto-adhérent 50m","p":2.22,"img":"https://fd5-photos.leclercdrive.fr/image.ashx?id=2918271&use=l&cat=p&typeid=i","cat":334134},{"id":25067,"n":"Oeufs frais De Nos Régions Plein Air - Label Rouge - x12","p":3.58,"u":"0,30 €/P","img":"https://fd5-photos.leclercdrive.fr/image.ashx?id=2969740&use=l&cat=p&typeid=i","cat":284378},{"id":25068,"n":"Oeufs frais De Nos Régions Plein Air - Label rouge - x6","p":1.79,"u":"0,30 €/P","img":"https://fd5-photos.leclercdrive.fr/image.ashx?id=2969725&use=l&cat=p&typeid=i","cat":284378},{"id":25069,"n":"Fromage à Tartiner St Môret  Nature Léger - 9 portions 180g","p":2.33,"u":"12,94 €/KG","img":"https://fd5-photos.leclercdrive.fr/image.ashx?id=2755453&use=l&cat=p&typeid=i","cat":314029},{"id":25072,"n":"Mascarpone Casa Azzurra 500g","p":4.94,"u":"9,88 €/KG","img":"https://fd5-photos.leclercdrive.fr/image.ashx?id=2290269&use=l&cat=p&typeid=i","cat":314026},{"id":25080,"n":"Parmigiano Reggiano AOP Les Croisés - 200G","p":4.99,"u":"24,95 €/KG","img":"https://fd5-photos.leclercdrive.fr/image.ashx?id=2909389&use=l&cat=p&typeid=i","cat":314034},{"id":25085,"n":"Lait bio Bio Village Bouteille  Demi-écrémé UHT -  6x50cl","p":5.22,"u":"1,74 €/L","img":"https://fd5-photos.leclercdrive.fr/image.ashx?id=2970003&use=l&cat=p&typeid=i","cat":284377},{"id":25093,"n":"Yaourts brassés Délisse Fruits jaunes - 8x125 g","p":2.28,"u":"2,28 €/KG","img":"https://fd5-photos.leclercdrive.fr/image.ashx?id=2495536&use=l&cat=p&typeid=i","cat":284410},{"id":25095,"n":"Yaourts brassés Délisse Fruits rouges - 8X125g","p":2.27,"u":"2,27 €/KG","img":"https://fd5-photos.leclercdrive.fr/image.ashx?id=2494217&use=l&cat=p&typeid=i","cat":284410},{"id":25124,"n":"Pur jus Multifruits Bio Village Bio - 6x20cl","p":3.11,"u":"2,59 €/L","img":"https://fd5-photos.leclercdrive.fr/image.ashx?id=2843626&use=l&cat=p&typeid=i","cat":284524},{"id":25125,"n":"Pur jus d'orange Bio Village Bio - 6x20cl","p":2.99,"u":"2,49 €/L","img":"https://fd5-photos.leclercdrive.fr/image.ashx?id=2671016&use=l&cat=p&typeid=i","cat":284521},{"id":25164,"n":"Crème dessert Délisse Chocolat noir 4x125g","p":1.05,"u":"2,10 €/KG","img":"https://fd5-photos.leclercdrive.fr/image.ashx?id=2694283&use=l&cat=p&typeid=i","cat":285041},{"id":25171,"n":"Lardons fumés Tradilège Moins 25% de sel 2x75g","p":1.65,"u":"11,00 €/KG","img":"https://fd5-photos.leclercdrive.fr/image.ashx?id=2955267&use=l&cat=p&typeid=i","cat":316011},{"id":25172,"n":"Sacs poubelle 30L Alfapac Ultra résistant Coulissac - x20","p":3.46,"u":"0,17 €/P","img":"https://fd5-photos.leclercdrive.fr/image.ashx?id=2732359&use=l&cat=p&typeid=i","cat":285168},{"id":25181,"n":"Confiture Bonne Maman Fruits des bois 370g","p":2.29,"u":"6,19 €/KG","img":"https://fd5-photos.leclercdrive.fr/image.ashx?id=2476308&use=l&cat=p&typeid=i","cat":284480},{"id":25193,"n":"Dessert Déli'light Délisse Vanille - 8x125g","p":2.33,"u":"2,33 €/KG","img":"https://fd5-photos.leclercdrive.fr/image.ashx?id=2882319&use=l&cat=p&typeid=i","cat":315000},{"id":25205,"n":"Pois carottes D'aucy  Tendres et fondants -530g","p":1.94,"u":"3,66 €/KG","img":"https://fd5-photos.leclercdrive.fr/image.ashx?id=2426367&use=l&cat=p&typeid=i","cat":312607},{"id":25207,"n":"Cornichons Rustica Extra fins - 185g","p":1.28,"u":"6,92 €/KG","img":"https://fd5-photos.leclercdrive.fr/image.ashx?id=2799760&use=l&cat=p&typeid=i","cat":284458},{"id":25210,"n":"Viande bovine 4x faux filet *** à griller - 640g","p":18.09,"u":"28,27 €/KG","img":"https://fd5-photos.leclercdrive.fr/image.ashx?id=1495731&use=l&cat=p&typeid=i","cat":284328},{"id":25211,"n":"Bavette d'aloyau *** à griller x2 - 320g","p":10.01,"u":"31,28 €/KG","img":"https://fd5-photos.leclercdrive.fr/image.ashx?id=1495734&use=l&cat=p&typeid=i","cat":284328},{"id":25214,"n":"Veau 4x escalope de noix *** à griller - 600g","p":19.9,"u":"33,17 €/KG","img":"https://fd5-photos.leclercdrive.fr/image.ashx?id=621166&use=l&cat=p&typeid=i","cat":284329},{"id":25220,"n":"Cotons Démaquillants Demak'Up Sensitive - Disques x64","p":1.42,"u":"0,02 €/P","img":"https://fd5-photos.leclercdrive.fr/image.ashx?id=2966983&use=l&cat=p&typeid=i","cat":285593},{"id":25236,"n":"Croque Jambon Père Dodu  Dinde x2 - 200g","p":2.53,"u":"12,65 €/KG","img":"https://fd5-photos.leclercdrive.fr/image.ashx?id=2956984&use=l&cat=p&typeid=i","cat":333683},{"id":25283,"n":"Barres céréales Grany Pommes - 125g","p":1.66,"u":"13,28 €/KG","img":"https://fd5-photos.leclercdrive.fr/image.ashx?id=3002093&use=l&cat=p&typeid=i","cat":285869},{"id":25321,"n":"Protège pieds Tissaia T35/37 noir - x2","p":3.5,"u":"1,75 €/P","img":"https://fd5-photos.leclercdrive.fr/image.ashx?id=2193371&use=l&cat=p&typeid=i","cat":334130},{"id":25322,"n":"Protège pied Tissaia Taille 38/41 noir x2","p":3.5,"u":"1,75 €/P","img":"https://fd5-photos.leclercdrive.fr/image.ashx?id=2193377&use=l&cat=p&typeid=i","cat":334130},{"id":25323,"n":"Protège pieds opaque Tissaia  T35/37 beige - x2","p":3.5,"u":"1,75 €/P","img":"https://fd5-photos.leclercdrive.fr/image.ashx?id=2193374&use=l&cat=p&typeid=i","cat":334130},{"id":25324,"n":"Protège pieds opaque Tissaia Taille 38/41 beige - x2","p":3.5,"u":"1,75 €/P","img":"https://fd5-photos.leclercdrive.fr/image.ashx?id=2193380&use=l&cat=p&typeid=i","cat":334130},{"id":25337,"n":"Café moulu L'Or Absolu 100% Arabica - 2x250g","p":10.53,"u":"21,06 €/KG","img":"https://fd5-photos.leclercdrive.fr/image.ashx?id=2294935&use=l&cat=p&typeid=i","cat":284750},{"id":25342,"n":"Céréales Trésor Kellogg's Chocolat au lait - 1kg","p":6.12,"u":"6,12 €/KG","img":"https://fd5-photos.leclercdrive.fr/image.ashx?id=2598319&use=l&cat=p&typeid=i","cat":309513},{"id":25343,"n":"Céréales Trésor de Kellogg's Chocolat Noisettes - 1kg","p":7.16,"u":"7,16 €/KG","img":"https://fd5-photos.leclercdrive.fr/image.ashx?id=2598316&use=l&cat=p&typeid=i","cat":309513},{"id":25359,"n":"Tablette chocolat blanc Lindt Vanille - 100g","p":2.42,"u":"24,20 €/KG","img":"https://fd5-photos.leclercdrive.fr/image.ashx?id=2755318&use=l&cat=p&typeid=i","cat":284957},{"id":25361,"n":"Chocolat Pâtissier Nestlé Dessert : Caramel - 170g","p":2.85,"u":"16,76 €/KG","img":"https://fd5-photos.leclercdrive.fr/image.ashx?id=2902346&use=l&cat=p&typeid=i","cat":285562},{"id":25366,"n":"Tablette de chocolat noir Lindt 90% cacao - 100g","p":2.18,"u":"21,80 €/KG","img":"https://fd5-photos.leclercdrive.fr/image.ashx?id=2689502&use=l&cat=p&typeid=i","cat":284956},{"id":25370,"n":"Tablette chocolat Côte d'Or Chocolat lait/Noisettes - 200g","p":4.06,"u":"20,30 €/KG","img":"https://fd5-photos.leclercdrive.fr/image.ashx?id=2961218&use=l&cat=p&typeid=i","cat":284497},{"id":25393,"n":"Pâte à pizza Bio Bio village - 260g","p":1.82,"u":"7,00 €/KG","img":"https://fd5-photos.leclercdrive.fr/image.ashx?id=2879955&use=l&cat=p&typeid=i","cat":333681},{"id":25407,"n":"Bonbons LUTTI Luttimint Menthe - 250g","p":1.9,"u":"7,60 €/KG","img":"https://fd5-photos.leclercdrive.fr/image.ashx?id=2815019&use=l&cat=p&typeid=i","cat":304252},{"id":25408,"n":"Dragolo Haribo Sachet bonbons - 300g","p":1.43,"u":"4,77 €/KG","img":"https://fd5-photos.leclercdrive.fr/image.ashx?id=2803574&use=l&cat=p&typeid=i","cat":304250},{"id":25421,"n":"Huile d'olive Cauvin Vierge extra 50cl","p":5.48,"u":"10,96 €/L","img":"https://fd5-photos.leclercdrive.fr/image.ashx?id=2676708&use=l&cat=p&typeid=i","cat":284453},{"id":25424,"n":"Pâtes Farfalle Panzani 1kg","p":1.85,"u":"1,85 €/KG","img":"https://fd5-photos.leclercdrive.fr/image.ashx?id=2876047&use=l&cat=p&typeid=i","cat":284427},{"id":25425,"n":"Biscuits apéritif Lay's 3D's Goût Cacahuetes - 85g","p":0.76,"u":"8,94 €/KG","img":"https://fd5-photos.leclercdrive.fr/image.ashx?id=2916824&use=l&cat=p&typeid=i","cat":284449},{"id":25426,"n":"Infusion détente Bio Village Bio - x20 - 30g","p":1.79,"u":"59,67 €/KG","img":"https://fd5-photos.leclercdrive.fr/image.ashx?id=2897895&use=l&cat=p&typeid=i","cat":293234},{"id":25432,"n":"Herbes de provence Ducros Boîte ménagère 40g","p":1.51,"u":"37,75 €/KG","img":"https://fd5-photos.leclercdrive.fr/image.ashx?id=2486548&use=l&cat=p&typeid=i","cat":298297},{"id":25446,"n":"Lait croissance Nidal Nestlé Dès 12 mois - 800g","p":8.67,"u":"10,84 €/KG","img":"https://fd5-photos.leclercdrive.fr/image.ashx?id=2806405&use=l&cat=p&typeid=i","cat":290219},{"id":25452,"n":"Sucettes au lait Chupa Chups Sachet - 192g","p":2.44,"u":"12,71 €/KG","img":"https://fd5-photos.leclercdrive.fr/image.ashx?id=2647648&use=l&cat=p&typeid=i","cat":304252},{"id":25465,"n":"Recharge distributeur Canderel Comprimés x600 - 51g","p":5.35,"u":"104,90 €/KG","img":"https://fd5-photos.leclercdrive.fr/image.ashx?id=2811008&use=l&cat=p&typeid=i","cat":324846},{"id":25482,"n":"Soupe liquide Liebig  Cèpes et Bolets - 1L","p":2.63,"u":"2,63 €/L","img":"https://fd5-photos.leclercdrive.fr/image.ashx?id=2766728&use=l&cat=p&typeid=i","cat":284462},{"id":25485,"n":"Miel de fleurs Lune de Miel Spécialités 500g","p":3.63,"u":"7,26 €/KG","img":"https://fd5-photos.leclercdrive.fr/image.ashx?id=2972409&use=l&cat=p&typeid=i","cat":287643},{"id":25492,"n":"Confiture Bonne Maman Fraise & fraises des bois 370g","p":2.35,"u":"6,35 €/KG","img":"https://fd5-photos.leclercdrive.fr/image.ashx?id=2999841&use=l&cat=p&typeid=i","cat":284480},{"id":25493,"n":"Bouillon Cube Maggi Pot au feu - 180g","p":1.73,"u":"9,61 €/KG","img":"https://fd5-photos.leclercdrive.fr/image.ashx?id=2212315&use=l&cat=p&typeid=i","cat":288379},{"id":25515,"n":"Eau minérale naturelle Vittel 6x1L","p":2.52,"u":"0,42 €/L","img":"https://fd5-photos.leclercdrive.fr/image.ashx?id=2276654&use=l&cat=p&typeid=i","cat":284535},{"id":25525,"n":"Boisson aux fruits Oasis Tropical - 4x50cl","p":4.72,"u":"2,36 €/L","img":"https://fd5-photos.leclercdrive.fr/image.ashx?id=3014446&use=l&cat=p&typeid=i","cat":295018},{"id":25540,"n":"Soda à l'orange Orangina 4x50cl","p":4.29,"u":"2,15 €/L","img":"https://fd5-photos.leclercdrive.fr/image.ashx?id=2574952&use=l&cat=p&typeid=i","cat":284532},{"id":25541,"n":"Soda à l'orange Orangina 6x25cl","p":4.63,"u":"3,09 €/L","img":"https://fd5-photos.leclercdrive.fr/image.ashx?id=2495653&use=l&cat=p&typeid=i","cat":284532},{"id":25550,"n":"Soda Schweppes Indian Tonic Zero - 1,5L","p":1.56,"u":"1,04 €/L","img":"https://fd5-photos.leclercdrive.fr/image.ashx?id=2852393&use=l&cat=p&typeid=i","cat":284531},{"id":25552,"n":"Soda Schweppes Indian Tonic - 4x50cl","p":3.88,"u":"1,94 €/L","img":"https://fd5-photos.leclercdrive.fr/image.ashx?id=2852405&use=l&cat=p&typeid=i","cat":284531},{"id":25553,"n":"Soda Schweppes Saveur Agrumes - 4x50cl","p":3.44,"u":"1,72 €/L","img":"https://fd5-photos.leclercdrive.fr/image.ashx?id=2852402&use=l&cat=p&typeid=i","cat":284532},{"id":25554,"n":"Soda Schweppes Saveur Citron Zero - 1,5L","p":1.52,"u":"1,01 €/L","img":"https://fd5-photos.leclercdrive.fr/image.ashx?id=2852396&use=l&cat=p&typeid=i","cat":284532},{"id":25557,"n":"Soda Schweppes Saveur Pomme - 1,5L","p":1.79,"u":"1,19 €/L","img":"https://fd5-photos.leclercdrive.fr/image.ashx?id=2852411&use=l&cat=p&typeid=i","cat":284532},{"id":25561,"n":"Jus de fruits Tropicana Multivitaminés Essentiels - 1L","p":2.71,"u":"2,71 €/L","img":"https://fd5-photos.leclercdrive.fr/image.ashx?id=2605641&use=l&cat=p&typeid=i","cat":284917},{"id":25567,"n":"Jus d'orange Jafaden A base de concentré  - 2L","p":3.51,"u":"1,76 €/L","img":"https://fd5-photos.leclercdrive.fr/image.ashx?id=2751892&use=l&cat=p&typeid=i","cat":284521},{"id":25575,"n":"Limonade artisanale Lorina Bouteille - 1L","p":2.78,"u":"2,78 €/L","img":"https://fd5-photos.leclercdrive.fr/image.ashx?id=2735137&use=l&cat=p&typeid=i","cat":284531},{"id":25576,"n":"Limonade Cristal Lorina 1,25L","p":2.55,"u":"2,04 €/L","img":"https://fd5-photos.leclercdrive.fr/image.ashx?id=2575555&use=l&cat=p&typeid=i","cat":284531},{"id":25587,"n":"Vin mousseux de France Kriter Blanc Brut - 75cl","p":4.5,"u":"6,00 €/L","img":"https://fd5-photos.leclercdrive.fr/image.ashx?id=2840868&use=l&cat=p&typeid=i","cat":284544},{"id":25589,"n":"Nectar Bio Pressade Orange pêche abricot - 1,5L","p":2.7,"u":"1,80 €/L","img":"https://fd5-photos.leclercdrive.fr/image.ashx?id=2732503&use=l&cat=p&typeid=i","cat":284521},{"id":25593,"n":"Boisson aux fruits Capri Sun Multivitaminé - 10x20cl","p":3.16,"u":"1,58 €/L","img":"https://fd5-photos.leclercdrive.fr/image.ashx?id=2447067&use=l&cat=p&typeid=i","cat":295018},{"id":25596,"n":"Nectar Bio Pressade Multifruits - 6x20cl","p":2.47,"u":"2,06 €/L","img":"https://fd5-photos.leclercdrive.fr/image.ashx?id=2732518&use=l&cat=p&typeid=i","cat":284524},{"id":25607,"n":"Eau minérale gazeuse Perrier  Naturelle  - 6x50cl","p":3.31,"u":"1,10 €/L","img":"https://fd5-photos.leclercdrive.fr/image.ashx?id=2493916&use=l&cat=p&typeid=i","cat":284536},{"id":25609,"n":"Saucisses aux lentilles  William Saurin- 840g","p":2.9,"u":"3,45 €/KG","img":"https://fd5-photos.leclercdrive.fr/image.ashx?id=2890070&use=l&cat=p&typeid=i","cat":284441},{"id":25613,"n":"Boisson énergétique Powerade Cerise - 50cl","p":1.03,"u":"2,06 €/L","img":"https://fd5-photos.leclercdrive.fr/image.ashx?id=2774220&use=l&cat=p&typeid=i","cat":284533},{"id":25614,"n":"Boisson Citronnade Pulco Citron - 1,5L","p":1.9,"u":"1,27 €/L","img":"https://fd5-photos.leclercdrive.fr/image.ashx?id=2941526&use=l&cat=p&typeid=i","cat":295018},{"id":25615,"n":"Concentré à diluer Pulco Agrumes - 70cl","p":2.73,"u":"3,90 €/L","img":"https://fd5-photos.leclercdrive.fr/image.ashx?id=2687851&use=l&cat=p&typeid=i","cat":295020},{"id":25618,"n":"Pastis Ricard Anisé 45% vol - 50cl","p":11.35,"u":"22,70 €/L","img":"https://fd5-photos.leclercdrive.fr/image.ashx?id=2340858&use=l&cat=p&typeid=i","cat":284548},{"id":25619,"n":"Pastis Ricard Anisé 45% vol - 1,5L","p":29.5,"u":"19,67 €/L","img":"https://fd5-photos.leclercdrive.fr/image.ashx?id=2839115&use=l&cat=p&typeid=i","cat":284548},{"id":25627,"n":"Sirop Moulin de Valdonne Violette - 70cl","p":3.32,"u":"4,74 €/L","img":"https://fd5-photos.leclercdrive.fr/image.ashx?id=2756918&use=l&cat=p&typeid=i","cat":295020},{"id":25629,"n":"Taboulé Pierre Martinet Oriental à l'huile d'olive 1kg","p":5.12,"u":"5,12 €/KG","img":"https://fd5-photos.leclercdrive.fr/image.ashx?id=2662027&use=l&cat=p&typeid=i","cat":333657},{"id":25630,"n":"Taboulé Menu Fraîcheur Poulet - 500g","p":2.11,"u":"4,22 €/KG","img":"https://fd5-photos.leclercdrive.fr/image.ashx?id=2901449&use=l&cat=p&typeid=i","cat":333657},{"id":25632,"n":"Vodka Absolut 40% vol - 70cl","p":16.61,"u":"23,73 €/L","img":"https://fd5-photos.leclercdrive.fr/image.ashx?id=2887239&use=l&cat=p&typeid=i","cat":284550},{"id":25656,"n":"Crème Pieds Anti-Callosités Et Cornes - 75ml","p":4.84,"u":"64,53 €/L","img":"https://fd5-photos.leclercdrive.fr/image.ashx?id=2981310&use=l&cat=p&typeid=i","cat":325354},{"id":25659,"n":"Déodorant Fresh Step Spray Anti-transpirant - 150 ml","p":5.01,"u":"33,40 €/L","img":"https://fd5-photos.leclercdrive.fr/image.ashx?id=2981103&use=l&cat=p&typeid=i","cat":325354},{"id":25661,"n":"Rasoir Siliss 3 lames - +1 recharge","p":4.25,"img":"https://fd5-photos.leclercdrive.fr/image.ashx?id=2699411&use=l&cat=p&typeid=i","cat":325352},{"id":25663,"n":"Chips à l'ancienne Pom'Lisse Nature - 270g","p":1.85,"u":"6,85 €/KG","img":"https://fd5-photos.leclercdrive.fr/image.ashx?id=2724835&use=l&cat=p&typeid=i","cat":284447},{"id":25669,"n":"Pâtes de fruits rouges NRT   De Provence - 180g","p":3.55,"u":"19,72 €/KG","img":"https://fd5-photos.leclercdrive.fr/image.ashx?id=2771049&use=l&cat=p&typeid=i","cat":284499},{"id":25670,"n":"Pâtes de fruits jaunes NRT De Provence - 180g","p":3.55,"u":"19,72 €/KG","img":"https://fd5-photos.leclercdrive.fr/image.ashx?id=2771052&use=l&cat=p&typeid=i","cat":284499},{"id":25685,"n":"Bouillon Cube Maggi Boeuf - 180g","p":1.41,"u":"7,83 €/KG","img":"https://fd5-photos.leclercdrive.fr/image.ashx?id=2882896&use=l&cat=p&typeid=i","cat":288379},{"id":25689,"n":"AOC Coteaux Varois rosé Terres de Saint-Louis - 75cl","p":4.64,"u":"6,19 €/L","img":"https://fd5-photos.leclercdrive.fr/image.ashx?id=2105905&use=l&cat=p&typeid=i","cat":289558},{"id":25703,"n":"Rousquilles fondantes NRT 200g","p":2.15,"u":"10,75 €/KG","img":"https://fd5-photos.leclercdrive.fr/image.ashx?id=2663812&use=l&cat=p&typeid=i","cat":284487},{"id":25729,"n":"Vinaigrette balsamique Puget Tomate séchée - 33cl","p":2.24,"u":"6,79 €/L","img":"https://fd5-photos.leclercdrive.fr/image.ashx?id=2912143&use=l&cat=p&typeid=i","cat":284456},{"id":25738,"n":"Blanc de poulet Fleury Michon -25% de sel x4 - 160g","p":2.01,"u":"12,56 €/KG","img":"https://fd5-photos.leclercdrive.fr/image.ashx?id=2885974&use=l&cat=p&typeid=i","cat":316010},{"id":25739,"n":"Bûche de chèvre Les Croisés Fondante 22%mg - 180g","p":1.84,"u":"10,22 €/KG","img":"https://fd5-photos.leclercdrive.fr/image.ashx?id=2894725&use=l&cat=p&typeid=i","cat":314031},{"id":25741,"n":"Grana Padano AOP Les Croisés - 200g","p":3.35,"u":"16,75 €/KG","img":"https://fd5-photos.leclercdrive.fr/image.ashx?id=2954091&use=l&cat=p&typeid=i","cat":314034},{"id":25742,"n":"Macédoine Menu Fraîcheur  Légumes - 300g","p":1.59,"u":"5,30 €/KG","img":"https://fd5-photos.leclercdrive.fr/image.ashx?id=2901446&use=l&cat=p&typeid=i","cat":333657},{"id":25743,"n":"Mascarpone Les Croisés - 500g","p":3.08,"u":"6,16 €/KG","img":"https://fd5-photos.leclercdrive.fr/image.ashx?id=2992537&use=l&cat=p&typeid=i","cat":314026},{"id":25744,"n":"Nems au Poulet Tables du Monde  x4  - 280g","p":1.79,"u":"6,39 €/KG","img":"https://fd5-photos.leclercdrive.fr/image.ashx?id=2953338&use=l&cat=p&typeid=i","cat":333673},{"id":25746,"n":"Saucisse de volaille Tradilège  x10 350g","p":1.47,"u":"4,20 €/KG","img":"https://fd5-photos.leclercdrive.fr/image.ashx?id=2625110&use=l&cat=p&typeid=i","cat":316012},{"id":25748,"n":"Hachés au colin d'Alaska Pêche Océan - 200g","p":2.24,"u":"11,20 €/KG","img":"https://fd5-photos.leclercdrive.fr/image.ashx?id=2953623&use=l&cat=p&typeid=i","cat":284344},{"id":25749,"n":"Hachés au saumon Pêche Océan à la ciboulette - 200g","p":2.25,"u":"11,25 €/KG","img":"https://fd5-photos.leclercdrive.fr/image.ashx?id=2953632&use=l&cat=p&typeid=i","cat":284344},{"id":25750,"n":"Trio crudités Menu Fraîcheur  Carotte céleri maïs - 300g","p":1.46,"u":"4,87 €/KG","img":"https://fd5-photos.leclercdrive.fr/image.ashx?id=2645936&use=l&cat=p&typeid=i","cat":333657},{"id":25751,"n":"Barres céréales moelleux Grany Fruits des bois - 192g","p":1.86,"u":"9,69 €/KG","img":"https://fd5-photos.leclercdrive.fr/image.ashx?id=2963916&use=l&cat=p&typeid=i","cat":285869},{"id":25756,"n":"Poulet forestier individuel William Saurin - 400g","p":3.49,"u":"8,73 €/KG","img":"https://fd5-photos.leclercdrive.fr/image.ashx?id=2758045&use=l&cat=p&typeid=i","cat":284953},{"id":25759,"n":"Barquettes chats Gourmet Gold Double délice luxe mix - 12x85g","p":5.44,"u":"5,33 €/KG","img":"https://fd5-photos.leclercdrive.fr/image.ashx?id=2857096&use=l&cat=p&typeid=i","cat":285286},{"id":25762,"n":"Bâtonnets Dentastix Pedigree Grand chien x28 - 1080g","p":7.92,"u":"7,33 €/KG","img":"https://fd5-photos.leclercdrive.fr/image.ashx?id=2924776&use=l&cat=p&typeid=i","cat":294527},{"id":25764,"n":"Olives noires Tramier Dénoyautées - 150g","p":1.44,"u":"9,60 €/KG","img":"https://fd5-photos.leclercdrive.fr/image.ashx?id=2840814&use=l&cat=p&typeid=i","cat":284458},{"id":25768,"n":"Pâté de campagne William Saurin 1/10 x3 234g","p":2.39,"u":"10,21 €/KG","img":"https://fd5-photos.leclercdrive.fr/image.ashx?id=2110044&use=l&cat=p&typeid=i","cat":305149},{"id":25779,"n":"Yaourts Lait de chèvre Soignon Nature - 4x125g","p":2.15,"u":"4,30 €/KG","img":"https://fd5-photos.leclercdrive.fr/image.ashx?id=2518250&use=l&cat=p&typeid=i","cat":314998},{"id":25790,"n":"Sucre pure canne Bio Village En morceaux bio - 500g","p":2.09,"u":"4,18 €/KG","img":"https://fd5-photos.leclercdrive.fr/image.ashx?id=3010440&use=l&cat=p&typeid=i","cat":284502},{"id":25793,"n":"AOP Côtes du Rhône rouge Cellier des Dauphins - BIB 3L","p":11.7,"u":"3,90 €/L","img":"https://fd5-photos.leclercdrive.fr/image.ashx?id=2830006&use=l&cat=p&typeid=i","cat":289560},{"id":25801,"n":"Lingettes Wc Syphon Désinfectantes x40","p":2.2,"img":"https://fd5-photos.leclercdrive.fr/image.ashx?id=2768092&use=l&cat=p&typeid=i","cat":325358},{"id":25806,"n":"Lingettes bébé H2O Biolane Epaisses - x72","p":1.98,"u":"0,03 €/P","img":"https://fd5-photos.leclercdrive.fr/image.ashx?id=2877910&use=l&cat=p&typeid=i","cat":284738},{"id":25808,"n":"Protection incontinence Chorys Homme - Important - x20","p":5.38,"u":"0,27 €/P","img":"https://fd5-photos.leclercdrive.fr/image.ashx?id=2672933&use=l&cat=p&typeid=i","cat":291514},{"id":25811,"n":"Salade Coleslaw Menu Fraîcheur  500g","p":1.83,"u":"3,66 €/KG","img":"https://fd5-photos.leclercdrive.fr/image.ashx?id=2645930&use=l&cat=p&typeid=i","cat":333657},{"id":25812,"n":"Coquillettes Coté Table Jambon fromage - 280g","p":1.89,"u":"6,75 €/KG","img":"https://fd5-photos.leclercdrive.fr/image.ashx?id=2727380&use=l&cat=p&typeid=i","cat":284953},{"id":25817,"n":"Emincés de saumon fumé ASC Ronde des mers - 100g","p":4.49,"u":"44,90 €/KG","img":"https://fd5-photos.leclercdrive.fr/image.ashx?id=2953620&use=l&cat=p&typeid=i","cat":285188},{"id":25818,"n":"Émincés de saumon fumé ASC Ronde de mers - 100g","p":4.49,"u":"44,90 €/KG","img":"https://fd5-photos.leclercdrive.fr/image.ashx?id=2953617&use=l&cat=p&typeid=i","cat":285188},{"id":25819,"n":"Feuilletés Jambon Emmental Coté Table - 2x140g","p":2.99,"u":"10,68 €/KG","img":"https://fd5-photos.leclercdrive.fr/image.ashx?id=2846517&use=l&cat=p&typeid=i","cat":333671},{"id":25820,"n":"Flammekueche Coté Table 350g","p":1.88,"u":"5,37 €/KG","img":"https://fd5-photos.leclercdrive.fr/image.ashx?id=2064819&use=l&cat=p&typeid=i","cat":333680},{"id":25825,"n":"Fromage de brebis Les Croisés 210g","p":2.86,"u":"13,62 €/KG","img":"https://fd5-photos.leclercdrive.fr/image.ashx?id=2900112&use=l&cat=p&typeid=i","cat":329184},{"id":25828,"n":"Tagliatelles Fleury Michon saumon, crème ciboulette - 280g","p":3.51,"u":"12,54 €/KG","img":"https://fd5-photos.leclercdrive.fr/image.ashx?id=3003290&use=l&cat=p&typeid=i","cat":333665},{"id":25836,"n":"Choucroute garnie  William Saurin - 800g","p":3.59,"u":"4,49 €/KG","img":"https://fd5-photos.leclercdrive.fr/image.ashx?id=2890058&use=l&cat=p&typeid=i","cat":284441},{"id":25839,"n":"Couscous parfumé Tipiak Prêt en 5 min  - 500g","p":1.83,"u":"3,66 €/KG","img":"https://fd5-photos.leclercdrive.fr/image.ashx?id=2946937&use=l&cat=p&typeid=i","cat":284429},{"id":25841,"n":"Couscous Tipiak  Prêt en 1 min 30 s - 500g","p":1.23,"u":"2,46 €/KG","img":"https://fd5-photos.leclercdrive.fr/image.ashx?id=2640431&use=l&cat=p&typeid=i","cat":284429},{"id":25848,"n":"Lait de coco Suzi Wan 500ml","p":2.51,"u":"5,02 €/L","img":"https://fd5-photos.leclercdrive.fr/image.ashx?id=2892934&use=l&cat=p&typeid=i","cat":288992},{"id":25854,"n":"Mignonnettes Côte d'Or Chocolat noir /orange - 24x10g","p":4.98,"u":"20,75 €/KG","img":"https://fd5-photos.leclercdrive.fr/image.ashx?id=3009152&use=l&cat=p&typeid=i","cat":284499},{"id":25855,"n":"Noix d'epaule Tulip Boîte - 340g","p":3.46,"u":"10,18 €/KG","img":"https://fd5-photos.leclercdrive.fr/image.ashx?id=2465598&use=l&cat=p&typeid=i","cat":305149},{"id":25856,"n":"Olives vertes La Ciota Farcies anchois - 120g","p":2.09,"u":"17,42 €/KG","img":"https://fd5-photos.leclercdrive.fr/image.ashx?id=2296575&use=l&cat=p&typeid=i","cat":284458},{"id":25860,"n":"Pain au chocolat La Boulangère Pur beurre - x8 - 400g","p":2.5,"u":"6,25 €/KG","img":"https://fd5-photos.leclercdrive.fr/image.ashx?id=2912182&use=l&cat=p&typeid=i","cat":296366},{"id":25865,"n":"Préparation taboulé Tipiak Menthe citron olive - 350g","p":1.91,"u":"5,46 €/KG","img":"https://fd5-photos.leclercdrive.fr/image.ashx?id=2973862&use=l&cat=p&typeid=i","cat":284429},{"id":25868,"n":"Flocons d'avoine Quaker Oats Classic - 800g","p":2.13,"u":"2,66 €/KG","img":"https://fd5-photos.leclercdrive.fr/image.ashx?id=2344498&use=l&cat=p&typeid=i","cat":309512},{"id":25879,"n":"Bâtonnets Dentastix Pedigree Petit chien x28 - 440g","p":5.13,"u":"11,66 €/KG","img":"https://fd5-photos.leclercdrive.fr/image.ashx?id=2877106&use=l&cat=p&typeid=i","cat":294527},{"id":25884,"n":"Carrés chocolat Côte d'Or Chocolat lait Noisettes -10x20g","p":4.65,"u":"23,25 €/KG","img":"https://fd5-photos.leclercdrive.fr/image.ashx?id=2826651&use=l&cat=p&typeid=i","cat":284497},{"id":25886,"n":"Carrés chocolat Côte d'Or Chocolat noir Noisettes -10x20g","p":4.96,"u":"24,80 €/KG","img":"https://fd5-photos.leclercdrive.fr/image.ashx?id=2826654&use=l&cat=p&typeid=i","cat":284956},{"id":25889,"n":"Mignonnettes Côte d'Or Chocolat au lait - 24x10g","p":5.59,"u":"23,29 €/KG","img":"https://fd5-photos.leclercdrive.fr/image.ashx?id=3002210&use=l&cat=p&typeid=i","cat":284499},{"id":25898,"n":"Chocolat Nougatti Côte d'Or Nougat/chocolat au lait -270g","p":4.54,"u":"16,81 €/KG","img":"https://fd5-photos.leclercdrive.fr/image.ashx?id=2612388&use=l&cat=p&typeid=i","cat":284498},{"id":25914,"n":"Tablette chocolat Côte d'Or Chocolat noir praliné - 200g","p":3.43,"u":"17,15 €/KG","img":"https://fd5-photos.leclercdrive.fr/image.ashx?id=2941943&use=l&cat=p&typeid=i","cat":284956},{"id":25947,"n":"Escalope Milanaise Marie 2x300g","p":6.84,"u":"11,40 €/KG","img":"https://fd5-photos.leclercdrive.fr/image.ashx?id=2331813&use=l&cat=p&typeid=i","cat":333665},{"id":26014,"n":"Colin d'Alaska Marie Petites St Jacques Hisseo 900g","p":5.33,"u":"5,92 €/KG","img":"https://fd5-photos.leclercdrive.fr/image.ashx?id=2996758&use=l&cat=p&typeid=i","cat":319786},{"id":26026,"n":"Gel douche Eco+ Amande - 500ml","p":0.65,"u":"1,30 €/L","img":"https://fd5-photos.leclercdrive.fr/image.ashx?id=2979328&use=l&cat=p&typeid=i","cat":284594},{"id":26027,"n":"Gel douche Eco  Senteur vanille - 500ml","p":0.65,"u":"1,30 €/L","img":"https://fd5-photos.leclercdrive.fr/image.ashx?id=2965789&use=l&cat=p&typeid=i","cat":284594},{"id":26030,"n":"Masque Inell Film purifiant x2","p":0.99,"img":"https://fd5-photos.leclercdrive.fr/image.ashx?id=2691625&use=l&cat=p&typeid=i","cat":325346},{"id":26035,"n":"Bain de bouche Dentamyl Fraîcheur menthe - 500ml","p":1.89,"u":"3,78 €/L","img":"https://fd5-photos.leclercdrive.fr/image.ashx?id=2526604&use=l&cat=p&typeid=i","cat":284613},{"id":26038,"n":"Recharge savon mains Manava Crème Lait et miel - 250ml","p":0.57,"u":"2,28 €/L","img":"https://fd5-photos.leclercdrive.fr/image.ashx?id=2935489&use=l&cat=p&typeid=i","cat":284597},{"id":26040,"n":"Recharge savon mains Manava Gel spécial cuisine - 250ml","p":0.66,"u":"2,64 €/L","img":"https://fd5-photos.leclercdrive.fr/image.ashx?id=2935492&use=l&cat=p&typeid=i","cat":284597},{"id":26045,"n":"Activateur biologique Syphon Pour fosses septiques 26sachets","p":6.23,"img":"https://fd5-photos.leclercdrive.fr/image.ashx?id=2558805&use=l&cat=p&typeid=i","cat":284908},{"id":26075,"n":"Liqueur Pisang Ambon 17%vol. - 70cl","p":8.77,"u":"12,53 €/L","img":"https://fd5-photos.leclercdrive.fr/image.ashx?id=2262647&use=l&cat=p&typeid=i","cat":286032},{"id":26085,"n":"Dessert végétal Sojasun Café - 4x100g","p":1.64,"u":"4,10 €/KG","img":"https://fd5-photos.leclercdrive.fr/image.ashx?id=2759993&use=l&cat=p&typeid=i","cat":316071},{"id":26087,"n":"Fromage blanc sous mousse  gervita nature - 8x100g","p":3.27,"u":"4,09 €/KG","img":"https://fd5-photos.leclercdrive.fr/image.ashx?id=2265768&use=l&cat=p&typeid=i","cat":284409},{"id":26090,"n":"Lait entier Bio Village Bio Bouteille UHT - 1L","p":1.49,"u":"1,49 €/L","img":"https://fd5-photos.leclercdrive.fr/image.ashx?id=2981930&use=l&cat=p&typeid=i","cat":285610},{"id":26110,"n":"Amandes en poudre Bio  Sainte Lucie - 125g","p":4.07,"u":"32,56 €/KG","img":"https://fd5-photos.leclercdrive.fr/image.ashx?id=1697710&use=l&cat=p&typeid=i","cat":284504},{"id":26111,"n":"5 baies grains Sainte Lucie 250g","p":8.77,"u":"35,08 €/KG","img":"https://fd5-photos.leclercdrive.fr/image.ashx?id=2379703&use=l&cat=p&typeid=i","cat":284457},{"id":26112,"n":"5 baies Sainte Lucie Moulin -  40g","p":2.95,"u":"73,75 €/KG","img":"https://fd5-photos.leclercdrive.fr/image.ashx?id=2774460&use=l&cat=p&typeid=i","cat":284457},{"id":26119,"n":"Extrait naturel Sainte Lucie Vanille blister 20ml","p":3.11,"u":"155,50 €/L","img":"https://fd5-photos.leclercdrive.fr/image.ashx?id=2774963&use=l&cat=p&typeid=i","cat":284504},{"id":26122,"n":"Décor anniversaire Sainte Lucie 1 bougie + 10 chiffres + socle","p":2.91,"img":"https://fd5-photos.leclercdrive.fr/image.ashx?id=2774364&use=l&cat=p&typeid=i","cat":284504},{"id":26123,"n":"Décor rond Sainte Lucie Heureux anniversaire blister x1","p":2.58,"img":"https://fd5-photos.leclercdrive.fr/image.ashx?id=2776124&use=l&cat=p&typeid=i","cat":284504},{"id":26126,"n":"Echalote semoule Sainte Lucie Pot 180g","p":4.0,"u":"22,22 €/KG","img":"https://fd5-photos.leclercdrive.fr/image.ashx?id=2553635&use=l&cat=p&typeid=i","cat":298297},{"id":26133,"n":"Pistaches vertes Sainte Lucie Emondées Reine de Saba 50g","p":4.23,"u":"84,60 €/KG","img":"https://fd5-photos.leclercdrive.fr/image.ashx?id=2118764&use=l&cat=p&typeid=i","cat":284448},{"id":26136,"n":"Pépites choco bio Sainte Lucie Noir pur beurre de cacao 125g","p":2.85,"u":"22,80 €/KG","img":"https://fd5-photos.leclercdrive.fr/image.ashx?id=2731522&use=l&cat=p&typeid=i","cat":284504},{"id":26137,"n":"Piment d'Espelette AOP Sainte Lucie - 50g","p":8.04,"u":"160,80 €/KG","img":"https://fd5-photos.leclercdrive.fr/image.ashx?id=2974342&use=l&cat=p&typeid=i","cat":298297},{"id":26138,"n":"Persillade Sainte Lucie 30g","p":3.18,"u":"106,00 €/KG","img":"https://fd5-photos.leclercdrive.fr/image.ashx?id=2774430&use=l&cat=p&typeid=i","cat":298297},{"id":26140,"n":"Poivre noir Sainte Lucie Moulin - 50g","p":2.98,"u":"59,60 €/KG","img":"https://fd5-photos.leclercdrive.fr/image.ashx?id=2774463&use=l&cat=p&typeid=i","cat":284457},{"id":26141,"n":"Poivre noir grains Sainte Lucie 245g","p":7.74,"u":"31,59 €/KG","img":"https://fd5-photos.leclercdrive.fr/image.ashx?id=2379706&use=l&cat=p&typeid=i","cat":284457},{"id":26142,"n":"Poivre noir moulu Sainte Lucie Saveurs préservées pot 250g","p":7.6,"u":"30,40 €/KG","img":"https://fd5-photos.leclercdrive.fr/image.ashx?id=2553641&use=l&cat=p&typeid=i","cat":284457},{"id":26144,"n":"Poivre noir moulu Sainte Lucie 18g","p":1.03,"u":"57,22 €/KG","img":"https://fd5-photos.leclercdrive.fr/image.ashx?id=1892870&use=l&cat=p&typeid=i","cat":284457},{"id":26151,"n":"Sucre Eco+  En poudre - 1kg","p":0.95,"u":"0,95 €/KG","img":"https://fd5-photos.leclercdrive.fr/image.ashx?id=2702277&use=l&cat=p&typeid=i","cat":284502},{"id":26152,"n":"Salade Mexicaine Eco+ Au thon - 280g","p":1.12,"u":"4,00 €/KG","img":"https://fd5-photos.leclercdrive.fr/image.ashx?id=2884201&use=l&cat=p&typeid=i","cat":284437},{"id":26153,"n":"Salade Americaine Eco+ Au thon - 280g","p":1.12,"u":"4,00 €/KG","img":"https://fd5-photos.leclercdrive.fr/image.ashx?id=2873649&use=l&cat=p&typeid=i","cat":284437},{"id":26154,"n":"Salade Niçoise Eco+ Au thon - 280g","p":1.12,"u":"4,00 €/KG","img":"https://fd5-photos.leclercdrive.fr/image.ashx?id=2896012&use=l&cat=p&typeid=i","cat":284437},{"id":26161,"n":"Yaourt nature brassé bifidus Activia - 8x125g","p":2.56,"u":"2,56 €/KG","img":"https://fd5-photos.leclercdrive.fr/image.ashx?id=2741691&use=l&cat=p&typeid=i","cat":315000},{"id":26183,"n":"Adoucissant Hyperdou Rêve de fraîcheur - 3x250ml","p":1.23,"u":"1,64 €/L","img":"https://fd5-photos.leclercdrive.fr/image.ashx?id=2643318&use=l&cat=p&typeid=i","cat":284650},{"id":26184,"n":"Adoucissant Hyperdou Senteur de provence - 3x250ml","p":1.2,"u":"1,60 €/L","img":"https://fd5-photos.leclercdrive.fr/image.ashx?id=2675685&use=l&cat=p&typeid=i","cat":284650},{"id":26185,"n":"Lingettes désinfectante Sanytol Multi-usage Eucalyptus - x72","p":1.51,"u":"0,03 €/P","img":"https://fd5-photos.leclercdrive.fr/image.ashx?id=2899353&use=l&cat=p&typeid=i","cat":325358},{"id":26193,"n":"Edulcorant Canderel sticks x120 - 120g","p":2.5,"u":"20,83 €/KG","img":"https://fd5-photos.leclercdrive.fr/image.ashx?id=2811011&use=l&cat=p&typeid=i","cat":324846},{"id":26220,"n":"Sucre Eco+ Cristal  - 5kg","p":5.02,"u":"1,00 €/KG","img":"https://fd5-photos.leclercdrive.fr/image.ashx?id=3010413&use=l&cat=p&typeid=i","cat":284502},{"id":26258,"n":"Madeleines coquilles P'tit déli Sachet 600g","p":2.39,"u":"3,98 €/KG","img":"https://fd5-photos.leclercdrive.fr/image.ashx?id=2540948&use=l&cat=p&typeid=i","cat":284492},{"id":26271,"n":"Rôti de porc Tradilège 6 tranches VPF 180g","p":2.38,"u":"13,22 €/KG","img":"https://fd5-photos.leclercdrive.fr/image.ashx?id=2675786&use=l&cat=p&typeid=i","cat":316009},{"id":26278,"n":"Mélange chili mexicain Ducros Sachet malin - 20g","p":1.41,"u":"70,50 €/KG","img":"https://fd5-photos.leclercdrive.fr/image.ashx?id=2326661&use=l&cat=p&typeid=i","cat":298297},{"id":26279,"n":"Mélange couscous royal Ducros Sachet malin - 20g","p":1.51,"u":"75,50 €/KG","img":"https://fd5-photos.leclercdrive.fr/image.ashx?id=2490491&use=l&cat=p&typeid=i","cat":298297},{"id":26281,"n":"Mélange malin Ducros Pour plats Mexicains - 40g","p":2.15,"u":"53,75 €/KG","img":"https://fd5-photos.leclercdrive.fr/image.ashx?id=2559445&use=l&cat=p&typeid=i","cat":298297},{"id":26286,"n":"Soupe instantanée Royco  Crème de Champignons - 4x200ml","p":1.39,"u":"23,17 €/KG","img":"https://fd5-photos.leclercdrive.fr/image.ashx?id=2650979&use=l&cat=p&typeid=i","cat":293527},{"id":26289,"n":"Sauce froide Suzi Wan Aigre douce 330g","p":1.93,"u":"5,85 €/KG","img":"https://fd5-photos.leclercdrive.fr/image.ashx?id=2990886&use=l&cat=p&typeid=i","cat":288992},{"id":26298,"n":"Torsades Lustucru 3min - 500g","p":1.45,"u":"2,90 €/KG","img":"https://fd5-photos.leclercdrive.fr/image.ashx?id=2276099&use=l&cat=p&typeid=i","cat":284427},{"id":26307,"n":"Boisson énergisante Red Bull 473ml","p":1.97,"u":"4,16 €/L","img":"https://fd5-photos.leclercdrive.fr/image.ashx?id=3011986&use=l&cat=p&typeid=i","cat":284533},{"id":26308,"n":"Boisson énergisante Red Bull 355ml","p":2.5,"u":"7,04 €/L","img":"https://fd5-photos.leclercdrive.fr/image.ashx?id=3011980&use=l&cat=p&typeid=i","cat":284533},{"id":26309,"n":"Boîte chat Whiskas  Gelée mer & campagne - 8x400g","p":10.03,"u":"3,21 €/KG","img":"https://fd5-photos.leclercdrive.fr/image.ashx?id=2759628&use=l&cat=p&typeid=i","cat":285601},{"id":26310,"n":"Cornichons Kühne Aigre doux - 360g","p":2.09,"u":"5,81 €/KG","img":"https://fd5-photos.leclercdrive.fr/image.ashx?id=2550925&use=l&cat=p&typeid=i","cat":284458},{"id":26311,"n":"Cassoulet La Belle Chaurienne Au confit de canard 300g","p":3.38,"u":"11,27 €/KG","img":"https://fd5-photos.leclercdrive.fr/image.ashx?id=2837343&use=l&cat=p&typeid=i","cat":284440},{"id":26312,"n":"Confit La Belle Chaurienne Canard pomme de terre 300g","p":3.24,"u":"10,80 €/KG","img":"https://fd5-photos.leclercdrive.fr/image.ashx?id=2837349&use=l&cat=p&typeid=i","cat":305149},{"id":26316,"n":"Mini-crêpes fourrées Tokapi Bacon - 65g","p":1.9,"u":"29,23 €/KG","img":"https://fd5-photos.leclercdrive.fr/image.ashx?id=2853886&use=l&cat=p&typeid=i","cat":297000},{"id":26319,"n":"Noix de cajou Tokapi Sans sel ajouté - 125g","p":1.79,"u":"14,32 €/KG","img":"https://fd5-photos.leclercdrive.fr/image.ashx?id=2965479&use=l&cat=p&typeid=i","cat":284448},{"id":26320,"n":"Oignons frits snack Kühne Boîte -  100g","p":1.34,"u":"13,40 €/KG","img":"https://fd5-photos.leclercdrive.fr/image.ashx?id=2447079&use=l&cat=p&typeid=i","cat":298297},{"id":26323,"n":"Soda Jean's Cola Canette - 12x15cl","p":3.75,"u":"2,08 €/L","img":"https://fd5-photos.leclercdrive.fr/image.ashx?id=2967661&use=l&cat=p&typeid=i","cat":284530},{"id":26325,"n":"Noisettes Sainte Lucie En poudre 125g","p":3.0,"u":"24,00 €/KG","img":"https://fd5-photos.leclercdrive.fr/image.ashx?id=2122046&use=l&cat=p&typeid=i","cat":284504},{"id":26326,"n":"Arôme naturel café Sainte Lucie 20ml","p":1.4,"u":"70,00 €/L","img":"https://fd5-photos.leclercdrive.fr/image.ashx?id=2414118&use=l&cat=p&typeid=i","cat":284504},{"id":26328,"n":"Arôme amande amère Sainte Lucie Blister - 20ml","p":1.14,"u":"57,00 €/L","img":"https://fd5-photos.leclercdrive.fr/image.ashx?id=2774313&use=l&cat=p&typeid=i","cat":284504},{"id":26329,"n":"Arôme Sainte Lucie Fleur d'oranger flacon 250ml","p":1.72,"u":"6,88 €/L","img":"https://fd5-photos.leclercdrive.fr/image.ashx?id=2774316&use=l&cat=p&typeid=i","cat":284504},{"id":26330,"n":"Amandes California Sainte Lucie Blanches effilées sachet 125g","p":2.92,"u":"23,36 €/KG","img":"https://fd5-photos.leclercdrive.fr/image.ashx?id=2776109&use=l&cat=p&typeid=i","cat":284504},{"id":26332,"n":"Gélifiant naturel Sainte Lucie Végétal Agar Agar 4 sachets x2g","p":2.09,"u":"104,50 €/KG","img":"https://fd5-photos.leclercdrive.fr/image.ashx?id=2774325&use=l&cat=p&typeid=i","cat":284504},{"id":26334,"n":"Billes Sainte Lucie Multicolores 80g","p":1.45,"u":"18,13 €/KG","img":"https://fd5-photos.leclercdrive.fr/image.ashx?id=2774346&use=l&cat=p&typeid=i","cat":284504},{"id":26335,"n":"Bougies anniversaire Ste Lucie Plusieurs coloris blister x20","p":2.05,"img":"https://fd5-photos.leclercdrive.fr/image.ashx?id=2774361&use=l&cat=p&typeid=i","cat":284504},{"id":26337,"n":"Clous de girofle Sainte Lucie 30g","p":3.0,"u":"100,00 €/KG","img":"https://fd5-photos.leclercdrive.fr/image.ashx?id=2774385&use=l&cat=p&typeid=i","cat":298297},{"id":26339,"n":"Cumin moulu Sainte Lucie 40g","p":2.31,"u":"57,75 €/KG","img":"https://fd5-photos.leclercdrive.fr/image.ashx?id=2974315&use=l&cat=p&typeid=i","cat":298297},{"id":26343,"n":"Piment doux Sainte Lucie Moulus - 50g","p":2.0,"u":"40,00 €/KG","img":"https://fd5-photos.leclercdrive.fr/image.ashx?id=2774388&use=l&cat=p&typeid=i","cat":298297},{"id":26348,"n":"Piments de cayenne Sainte Lucie Moulu - 40g","p":1.99,"u":"49,75 €/KG","img":"https://fd5-photos.leclercdrive.fr/image.ashx?id=2774400&use=l&cat=p&typeid=i","cat":298297},{"id":26350,"n":"Persil feuilles Sainte Lucie Coupées - 20g","p":1.62,"u":"81,00 €/KG","img":"https://fd5-photos.leclercdrive.fr/image.ashx?id=2968157&use=l&cat=p&typeid=i","cat":298297},{"id":26351,"n":"Poivre blanc Sainte Lucie En grains étui - 100g","p":3.92,"u":"39,20 €/KG","img":"https://fd5-photos.leclercdrive.fr/image.ashx?id=1892858&use=l&cat=p&typeid=i","cat":284457},{"id":26352,"n":"Poivre blanc moulu Sainte Lucie 100g","p":3.92,"u":"39,20 €/KG","img":"https://fd5-photos.leclercdrive.fr/image.ashx?id=2176782&use=l&cat=p&typeid=i","cat":284457},{"id":26361,"n":"Levure super active Vahiné Spécial pain sachet 6x27.6g","p":1.08,"u":"6,43 €/KG","img":"https://fd5-photos.leclercdrive.fr/image.ashx?id=2606259&use=l&cat=p&typeid=i","cat":294686},{"id":26362,"n":"Ail semoule Sainte Lucie 60g","p":1.9,"u":"31,67 €/KG","img":"https://fd5-photos.leclercdrive.fr/image.ashx?id=1892852&use=l&cat=p&typeid=i","cat":298297},{"id":26363,"n":"5 baies Sainte Lucie Flacon - 45g","p":2.7,"u":"60,00 €/KG","img":"https://fd5-photos.leclercdrive.fr/image.ashx?id=2974324&use=l&cat=p&typeid=i","cat":284457},{"id":26364,"n":"Ail semoule Sainte Lucie Pot 320g","p":6.54,"u":"20,44 €/KG","img":"https://fd5-photos.leclercdrive.fr/image.ashx?id=2551096&use=l&cat=p&typeid=i","cat":298297},{"id":26366,"n":"Caramel liquide Sainte Lucie Nature flacon 250ml","p":2.37,"u":"9,48 €/L","img":"https://fd5-photos.leclercdrive.fr/image.ashx?id=2776106&use=l&cat=p&typeid=i","cat":284504},{"id":26369,"n":"Demi feuilles de gélatine  Sainte Lucie","p":1.2,"img":"https://fd5-photos.leclercdrive.fr/image.ashx?id=2859024&use=l&cat=p&typeid=i","cat":284504},{"id":26372,"n":"Noix de coco Sainte Lucie Des Tropiques râpée sachet 125g","p":1.75,"u":"14,00 €/KG","img":"https://fd5-photos.leclercdrive.fr/image.ashx?id=2776115&use=l&cat=p&typeid=i","cat":284504},{"id":26376,"n":"Pepites de chocolat au lait Vahiné - 100g","p":2.42,"u":"24,20 €/KG","img":"https://fd5-photos.leclercdrive.fr/image.ashx?id=2983243&use=l&cat=p&typeid=i","cat":284504},{"id":26377,"n":"Pépites Vahiné Chocolat chunks - 100g","p":2.67,"u":"26,70 €/KG","img":"https://fd5-photos.leclercdrive.fr/image.ashx?id=2606262&use=l&cat=p&typeid=i","cat":284504},{"id":26378,"n":"Curcuma moulu Sainte Lucie 55g","p":2.07,"u":"37,64 €/KG","img":"https://fd5-photos.leclercdrive.fr/image.ashx?id=2774391&use=l&cat=p&typeid=i","cat":298297},{"id":26379,"n":"Echalote semoule Sainte Lucie 40g","p":1.56,"u":"39,00 €/KG","img":"https://fd5-photos.leclercdrive.fr/image.ashx?id=2974318&use=l&cat=p&typeid=i","cat":298297},{"id":26381,"n":"Vermicelles Multicolores Sainte Lucie - 65g","p":1.77,"u":"27,23 €/KG","img":"https://fd5-photos.leclercdrive.fr/image.ashx?id=2774340&use=l&cat=p&typeid=i","cat":284504},{"id":26384,"n":"Pépites Vahiné Chocolat noir 200g","p":3.56,"u":"17,80 €/KG","img":"https://fd5-photos.leclercdrive.fr/image.ashx?id=2606265&use=l&cat=p&typeid=i","cat":284504},{"id":26385,"n":"Aneth feuilles Sainte Lucie 15g","p":1.48,"u":"98,67 €/KG","img":"https://fd5-photos.leclercdrive.fr/image.ashx?id=2774382&use=l&cat=p&typeid=i","cat":298297},{"id":26386,"n":"Basilic feuilles Sainte Lucie Coupées - 15g","p":1.43,"u":"95,33 €/KG","img":"https://fd5-photos.leclercdrive.fr/image.ashx?id=2774376&use=l&cat=p&typeid=i","cat":298297},{"id":26389,"n":"Poivre blanc moulu Sainte Lucie Saveurs preservées flacon 45g","p":2.41,"u":"53,56 €/KG","img":"https://fd5-photos.leclercdrive.fr/image.ashx?id=2414121&use=l&cat=p&typeid=i","cat":284457},{"id":26390,"n":"Poivre noir grains Sainte Lucie Saveurs préservées flacon 50g","p":2.42,"u":"48,40 €/KG","img":"https://fd5-photos.leclercdrive.fr/image.ashx?id=2974327&use=l&cat=p&typeid=i","cat":284457},{"id":26391,"n":"Poivre noir moulu Sainte Lucie Saveurs préservées - 50g","p":1.94,"u":"38,80 €/KG","img":"https://fd5-photos.leclercdrive.fr/image.ashx?id=2974330&use=l&cat=p&typeid=i","cat":284457},{"id":26392,"n":"Poivre gris moulu Sainte Lucie Flacon 50g","p":1.89,"u":"37,80 €/KG","img":"https://fd5-photos.leclercdrive.fr/image.ashx?id=2176776&use=l&cat=p&typeid=i","cat":284457},{"id":26393,"n":"Poivre gris moulu Sainte Lucie 95g","p":3.42,"u":"36,00 €/KG","img":"https://fd5-photos.leclercdrive.fr/image.ashx?id=2774445&use=l&cat=p&typeid=i","cat":284457},{"id":26394,"n":"Poivre noir grains Sainte Lucie Etui - 100g","p":3.45,"u":"34,50 €/KG","img":"https://fd5-photos.leclercdrive.fr/image.ashx?id=2774442&use=l&cat=p&typeid=i","cat":284457},{"id":26395,"n":"Sucre vanillé Sainte Lucie Bourbon 5 sachets - 38g","p":1.28,"u":"33,68 €/KG","img":"https://fd5-photos.leclercdrive.fr/image.ashx?id=2774286&use=l&cat=p&typeid=i","cat":284504},{"id":26398,"n":"Sucre vanilliné Vahiné 10 sachets 75g","p":0.84,"u":"11,20 €/KG","img":"https://fd5-photos.leclercdrive.fr/image.ashx?id=2490539&use=l&cat=p&typeid=i","cat":294686},{"id":26402,"n":"Thym feuilles Sainte Lucie Aromatiques - 18g","p":1.4,"u":"77,78 €/KG","img":"https://fd5-photos.leclercdrive.fr/image.ashx?id=2774966&use=l&cat=p&typeid=i","cat":298297},{"id":26403,"n":"Safran poudre Sainte Lucie 3 doses 0.1g- flacon 0.30g","p":3.77,"u":"125,67 €/KG","img":"https://fd5-photos.leclercdrive.fr/image.ashx?id=2182918&use=l&cat=p&typeid=i","cat":298297},{"id":26407,"n":"Raisins secs bruns Sainte Lucie De Smyrne - 125g","p":1.26,"u":"10,08 €/KG","img":"https://fd5-photos.leclercdrive.fr/image.ashx?id=2774337&use=l&cat=p&typeid=i","cat":323809},{"id":26447,"n":"Pralin doré haché Sainte Lucie Sachet 75g","p":1.56,"u":"20,80 €/KG","img":"https://fd5-photos.leclercdrive.fr/image.ashx?id=2774355&use=l&cat=p&typeid=i","cat":284504},{"id":26457,"n":"Bière blonde Abbaye Alveringem 6.2%vol. - 6x25cl","p":3.4,"u":"2,27 €/L","img":"https://fd5-photos.leclercdrive.fr/image.ashx?id=2637892&use=l&cat=p&typeid=i","cat":334852},{"id":26458,"n":"Armagnac Duc de Borzac VSOP - 40%vol. - 70cl","p":27.12,"u":"38,74 €/L","img":"https://fd5-photos.leclercdrive.fr/image.ashx?id=1648332&use=l&cat=p&typeid=i","cat":286032},{"id":26460,"n":"Oignon rose de Roscoff AOP NRT - 1kg","p":3.99,"u":"3,99 €/KG","img":"https://fd5-photos.leclercdrive.fr/image.ashx?id=2726433&use=l&cat=p&typeid=i","cat":284352},{"id":26461,"n":"Lait sans lactose Délisse UHT Bouteille -  1L","p":1.83,"u":"1,83 €/L","img":"https://fd5-photos.leclercdrive.fr/image.ashx?id=2610217&use=l&cat=p&typeid=i","cat":317169},{"id":26464,"n":"Steak haché 5% MG Bio Village Bio 2x100g","p":4.59,"u":"22,95 €/KG","img":"https://fd5-photos.leclercdrive.fr/image.ashx?id=2951338&use=l&cat=p&typeid=i","cat":284332},{"id":26465,"n":"Steak haché 15% MG Bio Village Bio 2x100g","p":4.19,"u":"20,95 €/KG","img":"https://fd5-photos.leclercdrive.fr/image.ashx?id=2951341&use=l&cat=p&typeid=i","cat":284332},{"id":26483,"n":"Huile d'olive fruitée Cauvin Vierge extra - 75cl","p":8.02,"u":"10,69 €/L","img":"https://fd5-photos.leclercdrive.fr/image.ashx?id=2498350&use=l&cat=p&typeid=i","cat":284453},{"id":26484,"n":"Croquette chat stérilisé Ultima  Poulet - 3kg","p":10.35,"u":"3,45 €/KG","img":"https://fd5-photos.leclercdrive.fr/image.ashx?id=2918886&use=l&cat=p&typeid=i","cat":284680},{"id":26494,"n":"Pizza Merveillosa Turini Thon - 355g","p":2.26,"u":"6,37 €/KG","img":"https://fd5-photos.leclercdrive.fr/image.ashx?id=2815238&use=l&cat=p&typeid=i","cat":284256},{"id":26512,"n":"Fromage blanc Délisse Fraise 5.5%MG - 500g","p":2.55,"u":"5,10 €/KG","img":"https://fd5-photos.leclercdrive.fr/image.ashx?id=3009514&use=l&cat=p&typeid=i","cat":284409},{"id":26513,"n":"Poulet entier Maître Coq Graine de Lin - 1,4kg","p":9.9,"u":"7,07 €/KG","img":"https://fd5-photos.leclercdrive.fr/image.ashx?id=2881338&use=l&cat=p&typeid=i","cat":284336},{"id":26532,"n":"Filet poulet blanc Douce France 720g","p":9.07,"u":"12,60 €/KG","img":"https://fd5-photos.leclercdrive.fr/image.ashx?id=2305586&use=l&cat=p&typeid=i","cat":284336},{"id":26562,"n":"Lait sans lactose Délisse UHT Bouteille -  6x1L","p":10.98,"u":"1,83 €/L","img":"https://fd5-photos.leclercdrive.fr/image.ashx?id=2366292&use=l&cat=p&typeid=i","cat":317169},{"id":26565,"n":"Lait Croissance Bio Village bio 10 à 36 mois - 6x1L","p":10.02,"u":"1,67 €/L","img":"https://fd5-photos.leclercdrive.fr/image.ashx?id=2802032&use=l&cat=p&typeid=i","cat":284728},{"id":26569,"n":"Filet de poulet blanc Le Gaulois 720g","p":8.06,"u":"11,19 €/KG","img":"https://fd5-photos.leclercdrive.fr/image.ashx?id=3003212&use=l&cat=p&typeid=i","cat":284336},{"id":26570,"n":"Filet de poulet jaune Le Gaulois 720g","p":9.46,"u":"13,14 €/KG","img":"https://fd5-photos.leclercdrive.fr/image.ashx?id=3003209&use=l&cat=p&typeid=i","cat":284336},{"id":26586,"n":"Fromage blanc Déli'light Vanille 0%MG - 8x100g","p":2.66,"u":"3,33 €/KG","img":"https://fd5-photos.leclercdrive.fr/image.ashx?id=2043352&use=l&cat=p&typeid=i","cat":315000},{"id":26646,"n":"AOP Champagne Brut Nicolas Feuillatte Grande Réserve 75cl","p":22.35,"pp":20.11,"u":"26,81 €/L","img":"https://fd5-photos.leclercdrive.fr/image.ashx?id=2733184&use=l&cat=p&typeid=i","cat":284542},{"id":26647,"n":"Chair à saucisses porc Férial 400g","p":3.49,"u":"8,73 €/KG","img":"https://fd5-photos.leclercdrive.fr/image.ashx?id=2953308&use=l&cat=p&typeid=i","cat":284332},{"id":26648,"n":"Couscous Grain Moyen Regia - 500G","p":1.43,"u":"2,86 €/KG","img":"https://fd5-photos.leclercdrive.fr/image.ashx?id=2870206&use=l&cat=p&typeid=i","cat":284429},{"id":26649,"n":"Cacahuètes Benenuts-Twinuts Nature Sel - 150g","p":0.99,"u":"6,60 €/KG","img":"https://fd5-photos.leclercdrive.fr/image.ashx?id=2967735&use=l&cat=p&typeid=i","cat":284448},{"id":26652,"n":"Farine blé fluide Coeur de blé 1kg","p":1.22,"u":"1,22 €/KG","img":"https://fd5-photos.leclercdrive.fr/image.ashx?id=2335754&use=l&cat=p&typeid=i","cat":284503},{"id":26659,"n":"Fonds d'artichauts Notre Jardin 210g","p":2.75,"u":"13,10 €/KG","img":"https://fd5-photos.leclercdrive.fr/image.ashx?id=2607921&use=l&cat=p&typeid=i","cat":312611},{"id":26663,"n":"Farine de sarrasin Treblec 1kg","p":2.5,"u":"2,50 €/KG","img":"https://fd5-photos.leclercdrive.fr/image.ashx?id=2734843&use=l&cat=p&typeid=i","cat":284503},{"id":26708,"n":"Cacahuètes Benenuts-Twinuts Bacon Grillé - 150g","p":1.01,"u":"6,73 €/KG","img":"https://fd5-photos.leclercdrive.fr/image.ashx?id=2967738&use=l&cat=p&typeid=i","cat":284448},{"id":26713,"n":"Brownie Brossard Chocolat pépites 285g","p":2.41,"u":"8,46 €/KG","img":"https://fd5-photos.leclercdrive.fr/image.ashx?id=2977492&use=l&cat=p&typeid=i","cat":294776},{"id":26720,"n":"Lentilles Préparées Cassegrain Tendres et Fondantes 130g","p":1.08,"u":"8,31 €/KG","img":"https://fd5-photos.leclercdrive.fr/image.ashx?id=2912992&use=l&cat=p&typeid=i","cat":312609},{"id":26722,"n":"Ratatouille Cuisinée Cassegrain à la Provençale 660g","p":3.48,"u":"5,27 €/KG","img":"https://fd5-photos.leclercdrive.fr/image.ashx?id=2902660&use=l&cat=p&typeid=i","cat":312612},{"id":26725,"n":"Infusion camomille Tiséa 25 sachets - 37,5g","p":0.92,"u":"0,25 €/KG","img":"https://fd5-photos.leclercdrive.fr/image.ashx?id=2441288&use=l&cat=p&typeid=i","cat":293234},{"id":26732,"n":"Jeunes pousses Bonduelle  - 145g","p":2.25,"u":"15,52 €/KG","img":"https://fd5-photos.leclercdrive.fr/image.ashx?id=2556900&use=l&cat=p&typeid=i","cat":284353},{"id":26733,"n":"Dessert végétal au soja Sojasun Nature - 12x100g","p":2.76,"u":"2,30 €/KG","img":"https://fd5-photos.leclercdrive.fr/image.ashx?id=2355665&use=l&cat=p&typeid=i","cat":316071},{"id":26765,"n":"Mayonnaise Rustica A la moutarde de Dijon - 470g","p":1.6,"u":"3,40 €/KG","img":"https://fd5-photos.leclercdrive.fr/image.ashx?id=2954361&use=l&cat=p&typeid=i","cat":298295},{"id":26797,"n":"Compote Douceur du Verger Coupelle pomme fraise - 4x100g","p":1.15,"u":"2,88 €/KG","img":"https://fd5-photos.leclercdrive.fr/image.ashx?id=2663503&use=l&cat=p&typeid=i","cat":284508},{"id":26801,"n":"Langue de boeuf Hénaff Sauce Madère 410g","p":4.97,"u":"12,12 €/KG","img":"https://fd5-photos.leclercdrive.fr/image.ashx?id=2334359&use=l&cat=p&typeid=i","cat":284441},{"id":26808,"n":"Thon blanc entier Connétable Naturel Label Rouge - 120g","p":3.49,"u":"29,08 €/KG","img":"https://fd5-photos.leclercdrive.fr/image.ashx?id=2901935&use=l&cat=p&typeid=i","cat":303867},{"id":26818,"n":"Boisson base vin rosée Very Pamp Pamplemousse - 75cl","p":2.64,"u":"3,52 €/L","img":"https://fd5-photos.leclercdrive.fr/image.ashx?id=2446629&use=l&cat=p&typeid=i","cat":304569},{"id":26819,"n":"Boisson aromatisée Vin rosé Pamplemousse 7.5%,vol BIB 3L","p":8.44,"u":"2,81 €/L","img":"https://fd5-photos.leclercdrive.fr/image.ashx?id=2470024&use=l&cat=p&typeid=i","cat":304569},{"id":26820,"n":"IGP Pays d'Oc rouge Roche Mazet Merlot - BIB 3L","p":11.25,"u":"3,75 €/L","img":"https://fd5-photos.leclercdrive.fr/image.ashx?id=2597387&use=l&cat=p&typeid=i","cat":289560},{"id":26840,"n":"Spray Détachant Vanish  Avant-lavage - 750ml","p":4.35,"u":"5,80 €/L","img":"https://fd5-photos.leclercdrive.fr/image.ashx?id=2963913&use=l&cat=p&typeid=i","cat":284651},{"id":26877,"n":"Crackers Mini pizza Tokapi 85g","p":0.95,"u":"11,18 €/KG","img":"https://fd5-photos.leclercdrive.fr/image.ashx?id=2351232&use=l&cat=p&typeid=i","cat":297000},{"id":26926,"n":"Couches bébé Mots d'Enfants -T3 Ultra confort - 4/9kg - x162","p":19.7,"u":"0,12 €/P","img":"https://fd5-photos.leclercdrive.fr/image.ashx?id=2573987&use=l&cat=p&typeid=i","cat":284737},{"id":26943,"n":"Surimi Compagnie des Pêches Equilibre et saveur x60 - 1kg","p":7.24,"u":"7,24 €/KG","img":"https://fd5-photos.leclercdrive.fr/image.ashx?id=2913340&use=l&cat=p&typeid=i","cat":285189},{"id":26945,"n":"Bâtonnets Trium Noix de coco x4 - 292g","p":2.69,"u":"9,21 €/KG","img":"https://fd5-photos.leclercdrive.fr/image.ashx?id=2767501&use=l&cat=p&typeid=i","cat":284265},{"id":26978,"n":"Chewing-gum menthol Airwaves Eucalyptus s/sucre 5x10","p":2.22,"img":"https://fd5-photos.leclercdrive.fr/image.ashx?id=2355902&use=l&cat=p&typeid=i","cat":304251},{"id":26979,"n":"Chewing-gum Airwaves Cool cassis s/sucre 5x10","p":2.22,"img":"https://fd5-photos.leclercdrive.fr/image.ashx?id=2355905&use=l&cat=p&typeid=i","cat":304251},{"id":26980,"n":"Chewing-gum Airwaves Black menthol sans sucre 5x10","p":1.9,"img":"https://fd5-photos.leclercdrive.fr/image.ashx?id=2355908&use=l&cat=p&typeid=i","cat":304251},{"id":26998,"n":"Sachet repas chats Gourmet Les filettines en sauce -12x85g","p":5.03,"u":"4,93 €/KG","img":"https://fd5-photos.leclercdrive.fr/image.ashx?id=2902277&use=l&cat=p&typeid=i","cat":285286},{"id":27069,"n":"Sorbet Oasis Multifruits x10 - 400g","p":2.4,"u":"6,00 €/KG","img":"https://fd5-photos.leclercdrive.fr/image.ashx?id=2831924&use=l&cat=p&typeid=i","cat":285250},{"id":27070,"n":"Bâtonnets Oasis Tropical x10 - 400g","p":2.42,"u":"6,05 €/KG","img":"https://fd5-photos.leclercdrive.fr/image.ashx?id=2877829&use=l&cat=p&typeid=i","cat":285250},{"id":27086,"n":"Crème légère fluide UHT Bio Bio Village 15%mg - 3x20cl","p":3.65,"u":"6,08 €/L","img":"https://fd5-photos.leclercdrive.fr/image.ashx?id=2694434&use=l&cat=p&typeid=i","cat":284381},{"id":27087,"n":"Crème entière fluide UHT Bio Bio Village 30% MG - 3x20cl","p":3.96,"u":"6,60 €/L","img":"https://fd5-photos.leclercdrive.fr/image.ashx?id=2496899&use=l&cat=p&typeid=i","cat":284381},{"id":27088,"n":"Glace à l'eau Stick Smicy 5 parfums x20 - 845g","p":2.74,"u":"3,24 €/KG","img":"https://fd5-photos.leclercdrive.fr/image.ashx?id=2073057&use=l&cat=p&typeid=i","cat":285250},{"id":27091,"n":"Mayonnaise Rustica A la moutarde de Dijon - 235g","p":1.14,"u":"4,85 €/KG","img":"https://fd5-photos.leclercdrive.fr/image.ashx?id=2954358&use=l&cat=p&typeid=i","cat":298295},{"id":27093,"n":"Compote Douceur du Verger Coupelle pomme abricot - 4x100g","p":1.19,"u":"2,98 €/KG","img":"https://fd5-photos.leclercdrive.fr/image.ashx?id=2663500&use=l&cat=p&typeid=i","cat":284508},{"id":27096,"n":"Mayonnaise allégée Rustica 450g","p":1.13,"u":"2,51 €/KG","img":"https://fd5-photos.leclercdrive.fr/image.ashx?id=3005682&use=l&cat=p&typeid=i","cat":298295},{"id":27098,"n":"Café moulu Plantation Brésil - 250g","p":3.71,"u":"14,84 €/KG","img":"https://fd5-photos.leclercdrive.fr/image.ashx?id=2607512&use=l&cat=p&typeid=i","cat":284750},{"id":27105,"n":"Corned Beef Hereford 7 Oz  - 200g","p":2.15,"u":"10,75 €/KG","img":"https://fd5-photos.leclercdrive.fr/image.ashx?id=2896943&use=l&cat=p&typeid=i","cat":305149},{"id":27106,"n":"Couches bébé Mots d'Enfants Mini - T2 : 3/6kg - x35 changes","p":5.18,"u":"0,15 €/P","img":"https://fd5-photos.leclercdrive.fr/image.ashx?id=2904568&use=l&cat=p&typeid=i","cat":284737},{"id":27108,"n":"Steak haché 5%mg Férial façon bouchère - 250g","p":4.49,"u":"17,96 €/KG","img":"https://fd5-photos.leclercdrive.fr/image.ashx?id=2903989&use=l&cat=p&typeid=i","cat":284332},{"id":27109,"n":"Steak haché 15mg Férial Façon bouchère - 250g","p":3.99,"u":"15,96 €/KG","img":"https://fd5-photos.leclercdrive.fr/image.ashx?id=2903992&use=l&cat=p&typeid=i","cat":284332},{"id":27113,"n":"Savon Palmolive Naturals Original Olive - 6x90g","p":4.16,"u":"7,70 €/KG","img":"https://fd5-photos.leclercdrive.fr/image.ashx?id=2817006&use=l&cat=p&typeid=i","cat":284597},{"id":27114,"n":"Lait céréales Blédidej 12 mois Chocolat - 4x250ml","p":3.23,"u":"3,23 €/L","img":"https://fd5-photos.leclercdrive.fr/image.ashx?id=2921058&use=l&cat=p&typeid=i","cat":312226},{"id":27129,"n":"Papillotes Préparation Maggi Poulet ail et oignons - 36g","p":0.69,"u":"19,17 €/KG","img":"https://fd5-photos.leclercdrive.fr/image.ashx?id=2965295&use=l&cat=p&typeid=i","cat":288380},{"id":27137,"n":"Friandises Picnic Fido Festival 3 variétés  x15  -126g","p":1.48,"u":"11,75 €/KG","img":"https://fd5-photos.leclercdrive.fr/image.ashx?id=2382595&use=l&cat=p&typeid=i","cat":294527},{"id":27146,"n":"Viande hachée tradition Charal Prêt à cuisiner 20%mg - 600g","p":9.52,"u":"15,87 €/KG","img":"https://fd5-photos.leclercdrive.fr/image.ashx?id=2558954&use=l&cat=p&typeid=i","cat":284332},{"id":27149,"n":"Bonbons Croibleu Sève de pin - 250g","p":1.87,"u":"7,48 €/KG","img":"https://fd5-photos.leclercdrive.fr/image.ashx?id=1640045&use=l&cat=p&typeid=i","cat":304252},{"id":27158,"n":"Mini Barre Chocolat Lait KitKat x21 barres - 350g","p":4.5,"u":"12,86 €/KG","img":"https://fd5-photos.leclercdrive.fr/image.ashx?id=2762611&use=l&cat=p&typeid=i","cat":284498},{"id":27172,"n":"Boisson lactée allégé Candy'UP Chocolat - 6x20cl","p":2.83,"u":"2,36 €/L","img":"https://fd5-photos.leclercdrive.fr/image.ashx?id=2492148&use=l&cat=p&typeid=i","cat":295246},{"id":27174,"n":"Bière blonde Tripel Karmeliet 8,4% - 75cl","p":4.6,"u":"6,13 €/L","img":"https://fd5-photos.leclercdrive.fr/image.ashx?id=2861180&use=l&cat=p&typeid=i","cat":334872},{"id":27178,"n":"Friandises Fun Tastix Fido Jambon fromage - 150g","p":1.48,"u":"9,87 €/KG","img":"https://fd5-photos.leclercdrive.fr/image.ashx?id=2681212&use=l&cat=p&typeid=i","cat":294527},{"id":27186,"n":"Bière blonde Leffe Triple 8,5% - 75cl","p":3.3,"u":"4,40 €/L","img":"https://fd5-photos.leclercdrive.fr/image.ashx?id=1890049&use=l&cat=p&typeid=i","cat":334852},{"id":27189,"n":"Cornichons Kühne Spécial Sandwich - 185g","p":2.26,"u":"12,22 €/KG","img":"https://fd5-photos.leclercdrive.fr/image.ashx?id=2058418&use=l&cat=p&typeid=i","cat":284458},{"id":27228,"n":"Couches bébé Mots d'Enfants Ecologique - T3 : 4/9kg - x36","p":8.99,"u":"0,25 €/P","img":"https://fd5-photos.leclercdrive.fr/image.ashx?id=2914258&use=l&cat=p&typeid=i","cat":284737},{"id":27229,"n":"Couches bébé Mots d'Enfants Ecologique - T4 : 7/18kg - x32","p":8.99,"u":"0,28 €/P","img":"https://fd5-photos.leclercdrive.fr/image.ashx?id=2904562&use=l&cat=p&typeid=i","cat":284737},{"id":27230,"n":"Couches bébé Mots d'Enfants Ecologique - T5 : 11/25kg - x28","p":9.29,"u":"0,33 €/P","img":"https://fd5-photos.leclercdrive.fr/image.ashx?id=2904565&use=l&cat=p&typeid=i","cat":284737},{"id":27260,"n":"Profiteroles La Laitière Chocolat - 4x90g","p":3.49,"u":"9,69 €/KG","img":"https://fd5-photos.leclercdrive.fr/image.ashx?id=3007981&use=l&cat=p&typeid=i","cat":284419},{"id":27275,"n":"Botte de laurier 1p","p":2.34,"img":"https://fd5-photos.leclercdrive.fr/image.ashx?id=612611&use=l&cat=p&typeid=i","cat":293607},{"id":27311,"n":"Coeur de romaine  2p","p":3.27,"u":"1,64 €/P","img":"https://fd5-photos.leclercdrive.fr/image.ashx?id=1633655&use=l&cat=p&typeid=i","cat":284352},{"id":27359,"n":"Macaroni et croquettes 4Pat Boeuf - 4kg","p":8.26,"u":"2,07 €/KG","img":"https://fd5-photos.leclercdrive.fr/image.ashx?id=2877838&use=l&cat=p&typeid=i","cat":284672},{"id":27363,"n":"Steak haché 5% mg Bio  Bio village - 250g","p":5.99,"u":"23,96 €/KG","img":"https://fd5-photos.leclercdrive.fr/image.ashx?id=2954187&use=l&cat=p&typeid=i","cat":284332},{"id":27366,"n":"Viande haché 5% MG Bio Village Bio 350g","p":7.99,"u":"22,83 €/KG","img":"https://fd5-photos.leclercdrive.fr/image.ashx?id=2942256&use=l&cat=p&typeid=i","cat":284332},{"id":27372,"n":"Adoucissant Hyperdou Douceur pêche - 3x250ml","p":1.24,"u":"1,65 €/L","img":"https://fd5-photos.leclercdrive.fr/image.ashx?id=2657208&use=l&cat=p&typeid=i","cat":284650},{"id":27374,"n":"Délices au caramel Lightbody Sel de guérande 320g","p":5.62,"u":"17,56 €/KG","img":"https://fd5-photos.leclercdrive.fr/image.ashx?id=2673878&use=l&cat=p&typeid=i","cat":284360},{"id":27377,"n":"Cordons bleus Isla Délice Halal - x4 400g","p":3.41,"u":"8,53 €/KG","img":"https://fd5-photos.leclercdrive.fr/image.ashx?id=2249689&use=l&cat=p&typeid=i","cat":319780},{"id":27379,"n":"Steak haché Isla Délice 80% pur boeuf Halal - 800g","p":9.02,"u":"11,28 €/KG","img":"https://fd5-photos.leclercdrive.fr/image.ashx?id=1583297&use=l&cat=p&typeid=i","cat":319778},{"id":27382,"n":"Nuggets Isla Délice Halal - 400g","p":3.41,"u":"8,53 €/KG","img":"https://fd5-photos.leclercdrive.fr/image.ashx?id=2256104&use=l&cat=p&typeid=i","cat":319780},{"id":27434,"n":"Coupelles Pêches DDV Sirop léger - 4x70 g","p":2.49,"u":"8,89 €/KG","img":"https://fd5-photos.leclercdrive.fr/image.ashx?id=2100784&use=l&cat=p&typeid=i","cat":284507},{"id":27454,"n":"Maïs Notre Jardin Croquant - 3x140g","p":1.83,"u":"4,36 €/KG","img":"https://fd5-photos.leclercdrive.fr/image.ashx?id=2052802&use=l&cat=p&typeid=i","cat":312611},{"id":27487,"n":"Dés Salakis basilic Fromage brebis - 300g","p":3.86,"pp":2.55,"u":"8,50 €/KG","img":"https://fd5-photos.leclercdrive.fr/image.ashx?id=2729695&use=l&cat=p&typeid=i","cat":314026},{"id":27523,"n":"Colin d'Alaska Pêche Océan À la parisienne - MSC - 400g","p":2.79,"u":"6,98 €/KG","img":"https://fd5-photos.leclercdrive.fr/image.ashx?id=2930120&use=l&cat=p&typeid=i","cat":319786},{"id":27524,"n":"Colin d'Alaska Côté Table A la provençale - MSC - 400g","p":2.79,"u":"6,98 €/KG","img":"https://fd5-photos.leclercdrive.fr/image.ashx?id=2930123&use=l&cat=p&typeid=i","cat":319786},{"id":27531,"n":"Assortiment exotique Tables du Monde 470g","p":4.79,"u":"10,19 €/KG","img":"https://fd5-photos.leclercdrive.fr/image.ashx?id=1735978&use=l&cat=p&typeid=i","cat":333673},{"id":27563,"n":"Blocs WC 3en1 Syphon Javel + Eau bleue - x2","p":1.5,"u":"0,75 €/P","img":"https://fd5-photos.leclercdrive.fr/image.ashx?id=2637643&use=l&cat=p&typeid=i","cat":284662},{"id":27564,"n":"Blé précuit Comptoir du Grain Sachet cuisson - x4 - 500g","p":1.7,"u":"3,40 €/KG","img":"https://fd5-photos.leclercdrive.fr/image.ashx?id=3012836&use=l&cat=p&typeid=i","cat":284429},{"id":27566,"n":"Ruban adhésif d'emballage Siléa Largeur 50mm x 66 mètres","p":2.84,"img":"https://fd5-photos.leclercdrive.fr/image.ashx?id=2162345&use=l&cat=p&typeid=i","cat":300576},{"id":27576,"n":"Barres céréales Special K Kellogg's Fruits rouges 6x21,5g","p":1.98,"u":"15,35 €/KG","img":"https://fd5-photos.leclercdrive.fr/image.ashx?id=3003176&use=l&cat=p&typeid=i","cat":285869},{"id":27693,"n":"Eau minérale Wattwiller 9x50cl","p":3.87,"u":"0,86 €/L","img":"https://fd5-photos.leclercdrive.fr/image.ashx?id=2925406&use=l&cat=p&typeid=i","cat":284535},{"id":27709,"n":"Dentifrice Dentamyl Soin complet sensitive 75ml","p":0.92,"u":"12,27 €/L","img":"https://fd5-photos.leclercdrive.fr/image.ashx?id=2489119&use=l&cat=p&typeid=i","cat":284612},{"id":27711,"n":"Eau de source Zilia 6x1.5L","p":2.58,"u":"0,29 €/L","img":"https://fd5-photos.leclercdrive.fr/image.ashx?id=2022696&use=l&cat=p&typeid=i","cat":284535},{"id":27712,"n":"Eau de source St Georges 6x1,5L","p":2.65,"u":"0,29 €/L","img":"https://fd5-photos.leclercdrive.fr/image.ashx?id=2107165&use=l&cat=p&typeid=i","cat":284535},{"id":27713,"n":"Eau gazeuse Orezza 6x1L","p":6.89,"u":"1,15 €/L","img":"https://fd5-photos.leclercdrive.fr/image.ashx?id=2180352&use=l&cat=p&typeid=i","cat":284536},{"id":27714,"n":"Finucchietti Biggi x12 - 400g","p":3.62,"u":"9,05 €/KG","img":"https://fd5-photos.leclercdrive.fr/image.ashx?id=613117&use=l&cat=p&typeid=i","cat":284487},{"id":27715,"n":"Eau gazeuse Orezza 6x33cl","p":5.34,"u":"2,70 €/L","img":"https://fd5-photos.leclercdrive.fr/image.ashx?id=2108576&use=l&cat=p&typeid=i","cat":284536},{"id":27718,"n":"Sachets de Glaçons corses 2kg","p":2.25,"u":"1,13 €/KG","img":"https://fd5-photos.leclercdrive.fr/image.ashx?id=613121&use=l&cat=p&typeid=i","cat":334134},{"id":27719,"n":"Canistrelli Cherchi Amandes 350g","p":3.68,"u":"10,51 €/KG","img":"https://fd5-photos.leclercdrive.fr/image.ashx?id=613122&use=l&cat=p&typeid=i","cat":284487},{"id":27721,"n":"Emmental Les Croisés En tranches - 200g","p":1.94,"u":"9,70 €/KG","img":"https://fd5-photos.leclercdrive.fr/image.ashx?id=2436317&use=l&cat=p&typeid=i","cat":314028},{"id":27725,"n":"Eau de source St Georges 6x50cl","p":2.46,"u":"0,82 €/L","img":"https://fd5-photos.leclercdrive.fr/image.ashx?id=2107159&use=l&cat=p&typeid=i","cat":284535},{"id":27726,"n":"Eau de source St Georges 12x33cl","p":4.3,"u":"1,09 €/L","img":"https://fd5-photos.leclercdrive.fr/image.ashx?id=2107162&use=l&cat=p&typeid=i","cat":284535},{"id":27727,"n":"Canistrelli Cherchi Au vin blanc 350g","p":3.69,"u":"10,54 €/KG","img":"https://fd5-photos.leclercdrive.fr/image.ashx?id=613129&use=l&cat=p&typeid=i","cat":284487},{"id":27728,"n":"Canistrelli Cherchi Nature 350g","p":3.57,"u":"10,20 €/KG","img":"https://fd5-photos.leclercdrive.fr/image.ashx?id=613130&use=l&cat=p&typeid=i","cat":284487},{"id":27729,"n":"Canistrelli Cherchi Citron 350g","p":3.62,"u":"10,34 €/KG","img":"https://fd5-photos.leclercdrive.fr/image.ashx?id=613131&use=l&cat=p&typeid=i","cat":284487},{"id":27730,"n":"Canistrelli Cherchi Anis 350g","p":3.57,"u":"10,20 €/KG","img":"https://fd5-photos.leclercdrive.fr/image.ashx?id=613132&use=l&cat=p&typeid=i","cat":284487},{"id":27731,"n":"Canistrelli Cherchi Amandes 1kg","p":10.33,"u":"10,33 €/KG","img":"https://fd5-photos.leclercdrive.fr/image.ashx?id=613133&use=l&cat=p&typeid=i","cat":284487},{"id":27732,"n":"Canistrelli Cherchi Nature 1kg","p":9.29,"u":"9,29 €/KG","img":"https://fd5-photos.leclercdrive.fr/image.ashx?id=613134&use=l&cat=p&typeid=i","cat":284487},{"id":27733,"n":"Canistrelli Cherchi Chocolat 350g","p":4.17,"u":"11,91 €/KG","img":"https://fd5-photos.leclercdrive.fr/image.ashx?id=613135&use=l&cat=p&typeid=i","cat":284487},{"id":27734,"n":"Huile d'olive extra vierge A Paesana - 1L","p":11.9,"u":"11,90 €/L","img":"https://fd5-photos.leclercdrive.fr/image.ashx?id=2639663&use=l&cat=p&typeid=i","cat":284453},{"id":27735,"n":"Canistrelli d'Afa Amandes - 350g","p":4.03,"u":"11,51 €/KG","img":"https://fd5-photos.leclercdrive.fr/image.ashx?id=2395477&use=l&cat=p&typeid=i","cat":284487},{"id":27736,"n":"Canistrelli d'Afa Amandes 1kg","p":8.89,"u":"8,89 €/KG","img":"https://fd5-photos.leclercdrive.fr/image.ashx?id=2700995&use=l&cat=p&typeid=i","cat":284487},{"id":27737,"n":"Canistrelli d'Afa I Biscuttini - nature 1kg","p":8.38,"u":"8,38 €/KG","img":"https://fd5-photos.leclercdrive.fr/image.ashx?id=1639700&use=l&cat=p&typeid=i","cat":284487},{"id":27740,"n":"Café moulu Corsica 250g","p":5.75,"u":"23,00 €/KG","img":"https://fd5-photos.leclercdrive.fr/image.ashx?id=613142&use=l&cat=p&typeid=i","cat":284750},{"id":27741,"n":"Café moulu Corsica Familial 3x250g +1 offert","p":14.91,"u":"14,91 €/KG","img":"https://fd5-photos.leclercdrive.fr/image.ashx?id=613143&use=l&cat=p&typeid=i","cat":284750},{"id":27742,"n":"Café moulu Corsica 1kg","p":19.99,"u":"19,99 €/KG","img":"https://fd5-photos.leclercdrive.fr/image.ashx?id=613144&use=l&cat=p&typeid=i","cat":284750},{"id":27744,"n":"Cahier Clairefontaine - 96p Jaune - 21x29.7cm","p":2.23,"img":"https://fd5-photos.leclercdrive.fr/image.ashx?id=2529228&use=l&cat=p&typeid=i","cat":284697},{"id":27745,"n":"Cahier Clairefontaine Bleu - 96pages - 21x29.7cm","p":2.19,"img":"https://fd5-photos.leclercdrive.fr/image.ashx?id=2529231&use=l&cat=p&typeid=i","cat":284697},{"id":27746,"n":"Cahier Clairefontaine Vert - 96 pages -  21x29.7cm","p":2.19,"img":"https://fd5-photos.leclercdrive.fr/image.ashx?id=2529234&use=l&cat=p&typeid=i","cat":284697},{"id":27760,"n":"Cucciole Maison Casanova Au vin blanc 300g","p":6.56,"u":"21,87 €/KG","img":"https://fd5-photos.leclercdrive.fr/image.ashx?id=613179&use=l&cat=p&typeid=i","cat":284487},{"id":27761,"n":"Cucciole Maison Casanova Grains d'anis 300g","p":6.31,"u":"21,03 €/KG","img":"https://fd5-photos.leclercdrive.fr/image.ashx?id=613180&use=l&cat=p&typeid=i","cat":284487},{"id":27762,"n":"Carbonates Maison Casanova Citron 300g","p":6.09,"u":"20,30 €/KG","img":"https://fd5-photos.leclercdrive.fr/image.ashx?id=613181&use=l&cat=p&typeid=i","cat":284487},{"id":27763,"n":"Pois chiches Casatorra Naturel - 400g","p":2.45,"u":"9,25 €/KG","img":"https://fd5-photos.leclercdrive.fr/image.ashx?id=1886022&use=l&cat=p&typeid=i","cat":312609},{"id":27764,"n":"Pois chiches Casatorra Naturel - 800g","p":3.68,"u":"6,94 €/KG","img":"https://fd5-photos.leclercdrive.fr/image.ashx?id=2274727&use=l&cat=p&typeid=i","cat":312609},{"id":27765,"n":"Soupe de poissons Casatorra 1/2 - 390g","p":4.27,"u":"10,95 €/KG","img":"https://fd5-photos.leclercdrive.fr/image.ashx?id=1886016&use=l&cat=p&typeid=i","cat":287366},{"id":27766,"n":"Soupe de poissons Casatorra 4/4 - 800g","p":7.44,"u":"9,30 €/KG","img":"https://fd5-photos.leclercdrive.fr/image.ashx?id=1886019&use=l&cat=p&typeid=i","cat":287366},{"id":27768,"n":"Pâté de Figatellu Costa & Fils 180g","p":5.0,"u":"27,78 €/KG","img":"https://fd5-photos.leclercdrive.fr/image.ashx?id=2184230&use=l&cat=p&typeid=i","cat":305149},{"id":27769,"n":"Pâté de sanglier Costa & Fils 180g","p":5.14,"u":"28,56 €/KG","img":"https://fd5-photos.leclercdrive.fr/image.ashx?id=2030240&use=l&cat=p&typeid=i","cat":305149},{"id":27775,"n":"I Canistrelli di Mammona Anis 300g","p":3.61,"u":"12,03 €/KG","img":"https://fd5-photos.leclercdrive.fr/image.ashx?id=613195&use=l&cat=p&typeid=i","cat":284487},{"id":27776,"n":"I Canistrelli di Mammona Chocolat 300g","p":3.6,"u":"12,00 €/KG","img":"https://fd5-photos.leclercdrive.fr/image.ashx?id=613196&use=l&cat=p&typeid=i","cat":284487},{"id":27777,"n":"Frappes Maniccia 500g","p":5.19,"u":"10,38 €/KG","img":"https://fd5-photos.leclercdrive.fr/image.ashx?id=613197&use=l&cat=p&typeid=i","cat":284487},{"id":27779,"n":"Canistrelli aux amandes Biscuiterie Maniccia 300g","p":3.94,"u":"13,13 €/KG","img":"https://fd5-photos.leclercdrive.fr/image.ashx?id=2505031&use=l&cat=p&typeid=i","cat":284487},{"id":27780,"n":"Canistrelli au citron Biscuiterie Maniccia 300g","p":3.14,"u":"10,47 €/KG","img":"https://fd5-photos.leclercdrive.fr/image.ashx?id=2505034&use=l&cat=p&typeid=i","cat":284487},{"id":27781,"n":"Canistrelli figues noix Biscuiterie Maniccia  300g","p":3.65,"u":"12,17 €/KG","img":"https://fd5-photos.leclercdrive.fr/image.ashx?id=2505037&use=l&cat=p&typeid=i","cat":284487},{"id":27782,"n":"Canistrelli nature Biscuiterie Maniccia 300g","p":3.01,"u":"10,03 €/KG","img":"https://fd5-photos.leclercdrive.fr/image.ashx?id=2505028&use=l&cat=p&typeid=i","cat":284487},{"id":27783,"n":"Cuggiulelle de Zilia 300g","p":3.95,"u":"13,17 €/KG","img":"https://fd5-photos.leclercdrive.fr/image.ashx?id=613203&use=l&cat=p&typeid=i","cat":284487},{"id":27784,"n":"Cuggiulelle de Zilia 700g","p":8.25,"u":"11,79 €/KG","img":"https://fd5-photos.leclercdrive.fr/image.ashx?id=2254277&use=l&cat=p&typeid=i","cat":284487},{"id":27785,"n":"Croquants Zilia Amandes 300g","p":4.05,"u":"13,50 €/KG","img":"https://fd5-photos.leclercdrive.fr/image.ashx?id=613205&use=l&cat=p&typeid=i","cat":284487},{"id":27786,"n":"Finucchietti Tamburini 300g","p":4.04,"u":"13,47 €/KG","img":"https://fd5-photos.leclercdrive.fr/image.ashx?id=613206&use=l&cat=p&typeid=i","cat":284487},{"id":27789,"n":"Canistrelli Tamburini Amandes 300g","p":4.05,"u":"13,50 €/KG","img":"https://fd5-photos.leclercdrive.fr/image.ashx?id=613209&use=l&cat=p&typeid=i","cat":284487},{"id":27796,"n":"Bière blanche Colomba 5%vol. - 3x33cl","p":6.72,"u":"6,79 €/L","img":"https://fd5-photos.leclercdrive.fr/image.ashx?id=2432687&use=l&cat=p&typeid=i","cat":334878},{"id":27797,"n":"Bière blanche Colomba 5%vol.- 75cl","p":4.14,"u":"5,52 €/L","img":"https://fd5-photos.leclercdrive.fr/image.ashx?id=2432690&use=l&cat=p&typeid=i","cat":334878},{"id":27798,"n":"Bière ambrée corse Pietra 6° - 75cl","p":3.67,"u":"4,89 €/L","img":"https://fd5-photos.leclercdrive.fr/image.ashx?id=2992921&use=l&cat=p&typeid=i","cat":334872},{"id":27799,"n":"Bière ambrée Corse Pietra 6%vol. - 12x33cl","p":23.4,"u":"5,91 €/L","img":"https://fd5-photos.leclercdrive.fr/image.ashx?id=2231822&use=l&cat=p&typeid=i","cat":334872},{"id":27801,"n":"Bière blonde Serena 5%vol. - 6x25cl","p":5.68,"u":"3,79 €/L","img":"https://fd5-photos.leclercdrive.fr/image.ashx?id=1650992&use=l&cat=p&typeid=i","cat":334872},{"id":27803,"n":"Eau gazeuse Orezza  Cédrat pamplemousse - 6x33cl","p":5.88,"u":"2,97 €/L","img":"https://fd5-photos.leclercdrive.fr/image.ashx?id=2108579&use=l&cat=p&typeid=i","cat":284536},{"id":27804,"n":"Eau gazeuse Orezza  Menthe - 6x33cl","p":5.88,"u":"2,97 €/L","img":"https://fd5-photos.leclercdrive.fr/image.ashx?id=2108582&use=l&cat=p&typeid=i","cat":284536},{"id":27819,"n":"Fromage Brebis et Chèvres A. Pasturella - 350g","p":11.3,"u":"32,29 €/KG","img":"https://fd5-photos.leclercdrive.fr/image.ashx?id=1284226&use=l&cat=p&typeid=i","cat":314031},{"id":27821,"n":"Brocciu Ottavi 450g","p":8.9,"u":"19,78 €/KG","img":"https://fd5-photos.leclercdrive.fr/image.ashx?id=1988709&use=l&cat=p&typeid=i","cat":314031},{"id":27822,"n":"Fromage de brebis Ottavi Fromage corse - 350g","p":11.4,"u":"32,57 €/KG","img":"https://fd5-photos.leclercdrive.fr/image.ashx?id=2209438&use=l&cat=p&typeid=i","cat":314031},{"id":27825,"n":"Taboulé Oriental Colomba 500g","p":4.78,"u":"9,56 €/KG","img":"https://fd5-photos.leclercdrive.fr/image.ashx?id=1235937&use=l&cat=p&typeid=i","cat":333657},{"id":27826,"n":"Salade Corse Colomba 250g","p":4.78,"u":"19,12 €/KG","img":"https://fd5-photos.leclercdrive.fr/image.ashx?id=1235940&use=l&cat=p&typeid=i","cat":333657},{"id":27828,"n":"Lasagnes fraiches Colomba 300g","p":4.2,"u":"14,00 €/KG","img":"https://fd5-photos.leclercdrive.fr/image.ashx?id=2059032&use=l&cat=p&typeid=i","cat":333682},{"id":27834,"n":"Pizza Crousti-moelleuse Marie 4 fromages - 510g","p":3.43,"u":"6,73 €/KG","img":"https://fd5-photos.leclercdrive.fr/image.ashx?id=2996749&use=l&cat=p&typeid=i","cat":284256},{"id":27841,"n":"Fromage de brebis Pierucci U Bel Fiuritu - 350g","p":11.4,"u":"32,57 €/KG","img":"https://fd5-photos.leclercdrive.fr/image.ashx?id=2168913&use=l&cat=p&typeid=i","cat":314031},{"id":27842,"n":"Fromage de brebis Pierucci Petit Pecurinu - 250g","p":7.35,"u":"29,40 €/KG","img":"https://fd5-photos.leclercdrive.fr/image.ashx?id=2023502&use=l&cat=p&typeid=i","cat":314031},{"id":27846,"n":"Fromage de brebis Casanu Corse - 450g","p":15.2,"u":"33,78 €/KG","img":"https://fd5-photos.leclercdrive.fr/image.ashx?id=613266&use=l&cat=p&typeid=i","cat":314031},{"id":27849,"n":"Mouss'Or Bouteille verre - 6x25cl","p":6.74,"u":"4,49 €/L","img":"https://fd5-photos.leclercdrive.fr/image.ashx?id=1650902&use=l&cat=p&typeid=i","cat":284532},{"id":27851,"n":"Limonade Or Bouteille verre - 6x25cl","p":6.25,"u":"4,17 €/L","img":"https://fd5-photos.leclercdrive.fr/image.ashx?id=1650167&use=l&cat=p&typeid=i","cat":284531},{"id":27853,"n":"Muscat pétillant Casanova 75cl","p":9.14,"u":"12,19 €/L","img":"https://fd5-photos.leclercdrive.fr/image.ashx?id=613273&use=l&cat=p&typeid=i","cat":284913},{"id":27854,"n":"Muscat rosé pétillant Casanova 75cl","p":9.14,"u":"12,19 €/L","img":"https://fd5-photos.leclercdrive.fr/image.ashx?id=613274&use=l&cat=p&typeid=i","cat":284913},{"id":27856,"n":"Muscat pétillant Muscadellu Rosé corsican 75cl","p":11.5,"u":"15,33 €/L","img":"https://fd5-photos.leclercdrive.fr/image.ashx?id=613276&use=l&cat=p&typeid=i","cat":284913},{"id":27857,"n":"Muscat pétillant Muscadellu Corsican 75cl","p":11.5,"u":"15,33 €/L","img":"https://fd5-photos.leclercdrive.fr/image.ashx?id=613277&use=l&cat=p&typeid=i","cat":284913},{"id":27858,"n":"IGP Ile de Beauté rosé Cinsault Terrazza Isula Sciaccarellu75cl","p":6.36,"u":"8,48 €/L","img":"https://fd5-photos.leclercdrive.fr/image.ashx?id=2657778&use=l&cat=p&typeid=i","cat":289558},{"id":27859,"n":"Vin rouge Terrazza d'Isula 75cl","p":6.36,"u":"8,48 €/L","img":"https://fd5-photos.leclercdrive.fr/image.ashx?id=2119763&use=l&cat=p&typeid=i","cat":289556},{"id":27861,"n":"Vin blanc Terrazza d'Isula Corse Vermentinu - 75cl","p":6.36,"u":"8,48 €/L","img":"https://fd5-photos.leclercdrive.fr/image.ashx?id=2119766&use=l&cat=p&typeid=i","cat":289557},{"id":27866,"n":"Vin rouge Clos Capitoro Ajaccio - 75cl","p":13.57,"u":"18,09 €/L","img":"https://fd5-photos.leclercdrive.fr/image.ashx?id=613286&use=l&cat=p&typeid=i","cat":289556},{"id":27867,"n":"Vin rosé Clos Capitoro Corse - 75cl","p":14.62,"u":"19,49 €/L","img":"https://fd5-photos.leclercdrive.fr/image.ashx?id=2180193&use=l&cat=p&typeid=i","cat":289558},{"id":27868,"n":"Vin blanc Clos Capitoro Ajaccio - 75cl","p":14.18,"u":"18,91 €/L","img":"https://fd5-photos.leclercdrive.fr/image.ashx?id=2180196&use=l&cat=p&typeid=i","cat":289557},{"id":27870,"n":"Vin rouge Domaine Fiumicicoli  Corse Sartene - 75cl","p":12.3,"u":"16,40 €/L","img":"https://fd5-photos.leclercdrive.fr/image.ashx?id=830220&use=l&cat=p&typeid=i","cat":289556},{"id":27874,"n":"Vin rouge Domaine de Tanella Corse Cuvée Alexandra - 75cl","p":13.98,"u":"18,64 €/L","img":"https://fd5-photos.leclercdrive.fr/image.ashx?id=1586049&use=l&cat=p&typeid=i","cat":289556},{"id":27875,"n":"Vin rosé Domaine de Tanella  Corse Cuvée Alexandra rosé 75cl","p":12.48,"u":"16,64 €/L","img":"https://fd5-photos.leclercdrive.fr/image.ashx?id=2180220&use=l&cat=p&typeid=i","cat":289558},{"id":27877,"n":"Vin rouge Orenga de Gaffory Patrimonio - 75cl","p":14.51,"u":"19,35 €/L","img":"https://fd5-photos.leclercdrive.fr/image.ashx?id=1580631&use=l&cat=p&typeid=i","cat":289556},{"id":27878,"n":"AOP Patrimonio Vin rosé Orenga de Gaffory - 75cl","p":14.54,"u":"19,39 €/L","img":"https://fd5-photos.leclercdrive.fr/image.ashx?id=1573916&use=l&cat=p&typeid=i","cat":289558},{"id":27880,"n":"Vin blanc Domaine de Tanella Corse Cuvée Alexandra - 75cl","p":13.09,"u":"17,45 €/L","img":"https://fd5-photos.leclercdrive.fr/image.ashx?id=1584416&use=l&cat=p&typeid=i","cat":289557},{"id":27881,"n":"Vin blanc Orenga de Gaffory Patrimonio - 75cl","p":15.09,"u":"20,12 €/L","img":"https://fd5-photos.leclercdrive.fr/image.ashx?id=1574084&use=l&cat=p&typeid=i","cat":289557},{"id":27882,"n":"Muscat Orenga de Gaffory 2014 75cl","p":19.9,"u":"26,53 €/L","img":"https://fd5-photos.leclercdrive.fr/image.ashx?id=1652652&use=l&cat=p&typeid=i","cat":284913},{"id":27883,"n":"Vin rouge Comte Peraldi De Corse - 75cl","p":10.26,"u":"13,68 €/L","img":"https://fd5-photos.leclercdrive.fr/image.ashx?id=2446857&use=l&cat=p&typeid=i","cat":289556},{"id":27884,"n":"Vin rosé Comte Peraldi Corse - 75cl","p":10.6,"u":"14,13 €/L","img":"https://fd5-photos.leclercdrive.fr/image.ashx?id=1946405&use=l&cat=p&typeid=i","cat":289558},{"id":27885,"n":"Vin rosé  Domaine Comte Peraldi Ajaccio - 75cl","p":13.57,"u":"18,09 €/L","img":"https://fd5-photos.leclercdrive.fr/image.ashx?id=2021763&use=l&cat=p&typeid=i","cat":289558},{"id":27886,"n":"Vin rouge Domaine Comte Peraldi Ajaccio - 75cl","p":15.95,"u":"21,27 €/L","img":"https://fd5-photos.leclercdrive.fr/image.ashx?id=2684155&use=l&cat=p&typeid=i","cat":289556},{"id":27887,"n":"AOP Domaine Casabianca rouge Corse - 75cl","p":8.3,"u":"11,07 €/L","img":"https://fd5-photos.leclercdrive.fr/image.ashx?id=2846637&use=l&cat=p&typeid=i","cat":289556},{"id":27891,"n":"AOP Corse Vin rouge Domaine Saparale - 75cl","p":12.53,"u":"16,71 €/L","img":"https://fd5-photos.leclercdrive.fr/image.ashx?id=830156&use=l&cat=p&typeid=i","cat":289556},{"id":27892,"n":"Vin rosé Domaine Saparale Corse Sartène - 75cl","p":12.9,"u":"17,20 €/L","img":"https://fd5-photos.leclercdrive.fr/image.ashx?id=830152&use=l&cat=p&typeid=i","cat":289558},{"id":27894,"n":"Vin rosé Monte Cinto Corse - 1L","p":4.75,"u":"4,75 €/L","img":"https://fd5-photos.leclercdrive.fr/image.ashx?id=1573559&use=l&cat=p&typeid=i","cat":289558},{"id":27895,"n":"Vin rosé Gaspa Mora Corse - 75cl","p":5.35,"u":"7,13 €/L","img":"https://fd5-photos.leclercdrive.fr/image.ashx?id=1573676&use=l&cat=p&typeid=i","cat":289558},{"id":27897,"n":"Vin rouge Gaspa Mora Corse - 75cl","p":5.32,"u":"7,09 €/L","img":"https://fd5-photos.leclercdrive.fr/image.ashx?id=1562158&use=l&cat=p&typeid=i","cat":289556},{"id":27898,"n":"Vin rouge Gaspa Mora Bag in Box 5L","p":17.04,"u":"3,41 €/L","img":"https://fd5-photos.leclercdrive.fr/image.ashx?id=613317&use=l&cat=p&typeid=i","cat":289560},{"id":27900,"n":"Vin  rouge Monte Cinto Corse - 1L","p":4.53,"u":"4,53 €/L","img":"https://fd5-photos.leclercdrive.fr/image.ashx?id=1570273&use=l&cat=p&typeid=i","cat":289556},{"id":27901,"n":"Vin blanc Monte Cinto Corse - 1L","p":5.7,"u":"5,70 €/L","img":"https://fd5-photos.leclercdrive.fr/image.ashx?id=1570234&use=l&cat=p&typeid=i","cat":289557},{"id":27902,"n":"Vin rosé Domaine Pietrella Corse - 75cl","p":10.69,"u":"14,25 €/L","img":"https://fd5-photos.leclercdrive.fr/image.ashx?id=830140&use=l&cat=p&typeid=i","cat":289558},{"id":27903,"n":"Vin rouge Domaine Pietrella  Ajaccio - 75cl","p":8.5,"u":"11,33 €/L","img":"https://fd5-photos.leclercdrive.fr/image.ashx?id=830144&use=l&cat=p&typeid=i","cat":289556},{"id":27906,"n":"Vin rosé Le Roi du Maquis Corse - 75cl","p":6.57,"u":"8,76 €/L","img":"https://fd5-photos.leclercdrive.fr/image.ashx?id=1562674&use=l&cat=p&typeid=i","cat":289558},{"id":27907,"n":"Vin rosé Sopranu Insault Corse - 75cl","p":3.3,"u":"4,40 €/L","img":"https://fd5-photos.leclercdrive.fr/image.ashx?id=613326&use=l&cat=p&typeid=i","cat":289558},{"id":27908,"n":"Vin rosé Domaine Gentile Patrimonio - 75cl","p":13.03,"u":"17,37 €/L","img":"https://fd5-photos.leclercdrive.fr/image.ashx?id=2233988&use=l&cat=p&typeid=i","cat":289558},{"id":27909,"n":"Vin rouge Le Roi du Maquis Corse - 75cl","p":6.76,"u":"9,01 €/L","img":"https://fd5-photos.leclercdrive.fr/image.ashx?id=1564414&use=l&cat=p&typeid=i","cat":289556},{"id":27911,"n":"Vin blanc Gaspa Mora Corse - 75cl","p":5.35,"u":"7,13 €/L","img":"https://fd5-photos.leclercdrive.fr/image.ashx?id=1570312&use=l&cat=p&typeid=i","cat":289557},{"id":27913,"n":"Vin rouge Domaine Gentile Patrimonio  - 75cl","p":12.95,"u":"17,27 €/L","img":"https://fd5-photos.leclercdrive.fr/image.ashx?id=2233991&use=l&cat=p&typeid=i","cat":289556},{"id":27915,"n":"Vin rosé Domaine de Pratavone Ajaccio - 75cl","p":11.27,"u":"15,03 €/L","img":"https://fd5-photos.leclercdrive.fr/image.ashx?id=830200&use=l&cat=p&typeid=i","cat":289558},{"id":27916,"n":"Vin rouge Domaine de Pratavone Ajaccio - 75cl","p":9.95,"u":"13,27 €/L","img":"https://fd5-photos.leclercdrive.fr/image.ashx?id=969257&use=l&cat=p&typeid=i","cat":289556},{"id":27917,"n":"Vin rouge Domaine Montemagni Patrimonio - 75cl","p":10.95,"u":"14,60 €/L","img":"https://fd5-photos.leclercdrive.fr/image.ashx?id=826480&use=l&cat=p&typeid=i","cat":289556},{"id":27918,"n":"Vin blanc Domaine Montemagni Patrimonio - 75cl","p":10.95,"u":"14,60 €/L","img":"https://fd5-photos.leclercdrive.fr/image.ashx?id=826472&use=l&cat=p&typeid=i","cat":289557},{"id":27919,"n":"Vin rosé Domaine Montemagni Patrimonio - 75cl","p":13.28,"u":"17,71 €/L","img":"https://fd5-photos.leclercdrive.fr/image.ashx?id=826476&use=l&cat=p&typeid=i","cat":289558},{"id":27922,"n":"Muscat I Muvrini 13.5%vol 75cl","p":9.14,"u":"12,19 €/L","img":"https://fd5-photos.leclercdrive.fr/image.ashx?id=1643917&use=l&cat=p&typeid=i","cat":284913},{"id":27923,"n":"Vin rouge Réserve du Président  Corse Merlot  - 75cl","p":4.36,"u":"5,81 €/L","img":"https://fd5-photos.leclercdrive.fr/image.ashx?id=1941260&use=l&cat=p&typeid=i","cat":289556},{"id":27925,"n":"AOP Réserve du Président rosé Sciaccrellu - 75cl","p":6.62,"u":"8,83 €/L","img":"https://fd5-photos.leclercdrive.fr/image.ashx?id=2093463&use=l&cat=p&typeid=i","cat":289558},{"id":27926,"n":"Vin rosé Réserve du Président  Corse AOC - 75cl","p":6.36,"u":"8,48 €/L","img":"https://fd5-photos.leclercdrive.fr/image.ashx?id=2020671&use=l&cat=p&typeid=i","cat":289558},{"id":27927,"n":"Vin rouge Réserve du Président Corse AOC - 75cl","p":5.14,"u":"6,85 €/L","img":"https://fd5-photos.leclercdrive.fr/image.ashx?id=1956268&use=l&cat=p&typeid=i","cat":289556},{"id":27929,"n":"AOP vin blanc Corse Réserve du président - 75cl","p":6.62,"u":"8,83 €/L","img":"https://fd5-photos.leclercdrive.fr/image.ashx?id=2504644&use=l&cat=p&typeid=i","cat":289557},{"id":27930,"n":"Vin blanc Réserve du Président Corse - 75cl","p":6.36,"u":"8,48 €/L","img":"https://fd5-photos.leclercdrive.fr/image.ashx?id=1956271&use=l&cat=p&typeid=i","cat":289557},{"id":27931,"n":"AOP Réserve du Président  Vin rouge - 75cl","p":6.14,"u":"8,19 €/L","img":"https://fd5-photos.leclercdrive.fr/image.ashx?id=2499865&use=l&cat=p&typeid=i","cat":289556},{"id":27932,"n":"Vin Réserve du Président Corse Gris de Grenache IGP 75cl","p":4.36,"u":"5,81 €/L","img":"https://fd5-photos.leclercdrive.fr/image.ashx?id=1956274&use=l&cat=p&typeid=i","cat":289558},{"id":27941,"n":"Cotons Duo Démaquillants Inell Disques x110","p":0.97,"img":"https://fd5-photos.leclercdrive.fr/image.ashx?id=1709588&use=l&cat=p&typeid=i","cat":285593},{"id":27961,"n":"Poulet basquaise Marie Riz à la tomate - 900g","p":4.22,"u":"4,69 €/KG","img":"https://fd5-photos.leclercdrive.fr/image.ashx?id=2996779&use=l&cat=p&typeid=i","cat":284254},{"id":27976,"n":"Eau minérale naturelle Vittel 8x33cl","p":2.73,"u":"1,03 €/L","img":"https://fd5-photos.leclercdrive.fr/image.ashx?id=3000423&use=l&cat=p&typeid=i","cat":284535},{"id":27977,"n":"Eau minérale naturelle Vittel 6x50cl","p":2.28,"u":"0,76 €/L","img":"https://fd5-photos.leclercdrive.fr/image.ashx?id=2999850&use=l&cat=p&typeid=i","cat":284535},{"id":28002,"n":"Lait demi-écrémé Grandlait Candia - 1L","p":1.03,"u":"1,03 €/L","img":"https://fd5-photos.leclercdrive.fr/image.ashx?id=2914609&use=l&cat=p&typeid=i","cat":284377},{"id":28004,"n":"Sucre cristal Daddy Sac 5kg","p":8.37,"u":"1,67 €/KG","img":"https://fd5-photos.leclercdrive.fr/image.ashx?id=2936068&use=l&cat=p&typeid=i","cat":284502},{"id":28021,"n":"Dentifrice enfant Dentamyl Gel fraise - 75ml","p":1.25,"u":"16,67 €/L","img":"https://fd5-photos.leclercdrive.fr/image.ashx?id=2613831&use=l&cat=p&typeid=i","cat":288898},{"id":28023,"n":"Duo céréales Comptoir du Grain  Quinoa et Boulgour - 400g","p":2.05,"u":"5,13 €/KG","img":"https://fd5-photos.leclercdrive.fr/image.ashx?id=3012830&use=l&cat=p&typeid=i","cat":284429},{"id":28028,"n":"Recharge power tabs Rubson Lot de 4","p":19.9,"u":"4,98 €/P","img":"https://fd5-photos.leclercdrive.fr/image.ashx?id=1971365&use=l&cat=p&typeid=i","cat":300576},{"id":28076,"n":"AOP Madiran rouge Terroirs de Tilhet - 75cl","p":5.25,"pp":3.46,"u":"4,61 €/L","img":"https://fd5-photos.leclercdrive.fr/image.ashx?id=2996830&use=l&cat=p&typeid=i","cat":289556},{"id":28078,"n":"Coton bébé Mots d'Enfants Duo maxi carrés - x80","p":1.79,"u":"0,02 €/P","img":"https://fd5-photos.leclercdrive.fr/image.ashx?id=1947722&use=l&cat=p&typeid=i","cat":284739},{"id":28083,"n":"Maïs Notre Jardin Tendre  - 2x300g","p":1.88,"u":"3,13 €/KG","img":"https://fd5-photos.leclercdrive.fr/image.ashx?id=3005661&use=l&cat=p&typeid=i","cat":312611},{"id":28099,"n":"Eau minérale gazeuse St Diery Naturelle - 6x1,25L","p":2.16,"u":"0,29 €/L","img":"https://fd5-photos.leclercdrive.fr/image.ashx?id=2863075&use=l&cat=p&typeid=i","cat":284536},{"id":28100,"n":"Carotte  1.5kg","p":4.15,"u":"2,77 €/KG","img":"https://fd5-photos.leclercdrive.fr/image.ashx?id=1631985&use=l&cat=p&typeid=i","cat":284352},{"id":28104,"n":"IGP Pays d'Oc Merlot vin rosé Vieux Carion 12.5% vol -75 cl","p":2.25,"u":"3,00 €/L","img":"https://fd5-photos.leclercdrive.fr/image.ashx?id=2903962&use=l&cat=p&typeid=i","cat":289558},{"id":28203,"n":"Fromage : Le Carré Les Croisés 23%mg - 230g","p":1.92,"u":"8,35 €/KG","img":"https://fd5-photos.leclercdrive.fr/image.ashx?id=2974801&use=l&cat=p&typeid=i","cat":314033},{"id":28209,"n":"Noix de cajou grillées Tokapi Salées - 125g","p":1.48,"u":"11,84 €/KG","img":"https://fd5-photos.leclercdrive.fr/image.ashx?id=2839821&use=l&cat=p&typeid=i","cat":284448},{"id":28211,"n":"Pistaches Tokapi Grillées et salées - 125g","p":1.85,"u":"14,80 €/KG","img":"https://fd5-photos.leclercdrive.fr/image.ashx?id=2795550&use=l&cat=p&typeid=i","cat":284448},{"id":28216,"n":"Café en grains Bio Village Bio 100% arabica - 250g","p":4.51,"u":"18,04 €/KG","img":"https://fd5-photos.leclercdrive.fr/image.ashx?id=1470434&use=l&cat=p&typeid=i","cat":293237},{"id":28217,"n":"Pain d'épices bio Bio Village Miel - Pré-tranché - 300g","p":1.65,"u":"5,50 €/KG","img":"https://fd5-photos.leclercdrive.fr/image.ashx?id=2355419&use=l&cat=p&typeid=i","cat":284493},{"id":28226,"n":"Cotons Duo Démaquillants Inell Duo ovale - Disques x70","p":1.56,"img":"https://fd5-photos.leclercdrive.fr/image.ashx?id=1709940&use=l&cat=p&typeid=i","cat":285593},{"id":28227,"n":"Tablette bio Bio Village Chocolat au lait - 100g","p":1.76,"u":"17,60 €/KG","img":"https://fd5-photos.leclercdrive.fr/image.ashx?id=2791057&use=l&cat=p&typeid=i","cat":284497},{"id":28228,"n":"Chocolat Pâtissier Bio Village Bio - Noir  52% cacao - 200g","p":2.75,"u":"13,75 €/KG","img":"https://fd5-photos.leclercdrive.fr/image.ashx?id=2802305&use=l&cat=p&typeid=i","cat":285562},{"id":28229,"n":"Gaufres au miel bio Bio Village 175g","p":1.81,"u":"10,34 €/KG","img":"https://fd5-photos.leclercdrive.fr/image.ashx?id=2652743&use=l&cat=p&typeid=i","cat":294777},{"id":28241,"n":"Savon mains en crème Manava Lait et miel - 300ml","p":1.05,"u":"3,50 €/L","img":"https://fd5-photos.leclercdrive.fr/image.ashx?id=2935486&use=l&cat=p&typeid=i","cat":284597},{"id":28260,"n":"Beignets chocolat x10   750g","p":4.16,"u":"5,55 €/KG","img":"https://fd5-photos.leclercdrive.fr/image.ashx?id=2534427&use=l&cat=p&typeid=i","cat":284984},{"id":28269,"n":"Sacs congélation Eco+ Moyen modèle - x75","p":1.71,"u":"0,02 €/P","img":"https://fd5-photos.leclercdrive.fr/image.ashx?id=2558748&use=l&cat=p&typeid=i","cat":334134},{"id":28280,"n":"Flan entremets Tablier Blanc Vanille x4 192g","p":0.99,"u":"5,16 €/KG","img":"https://fd5-photos.leclercdrive.fr/image.ashx?id=2982616&use=l&cat=p&typeid=i","cat":284505},{"id":28281,"n":"Flan entremets Tablier Blanc Chocolat x4 232g","p":1.57,"u":"6,77 €/KG","img":"https://fd5-photos.leclercdrive.fr/image.ashx?id=2982613&use=l&cat=p&typeid=i","cat":284505},{"id":28308,"n":"Paëlla Royale Côté Table Poulet, moule et chorizo 940g","p":3.69,"u":"3,93 €/KG","img":"https://fd5-photos.leclercdrive.fr/image.ashx?id=2977873&use=l&cat=p&typeid=i","cat":325094},{"id":28311,"n":"Liqueur Grand Marnier Orange & Cognac - 40%vol - 70cl","p":20.29,"u":"28,99 €/L","img":"https://fd5-photos.leclercdrive.fr/image.ashx?id=3007909&use=l&cat=p&typeid=i","cat":286032},{"id":28323,"n":"Mayonnaise à l'ancienne Rustica 235g","p":1.28,"u":"5,45 €/KG","img":"https://fd5-photos.leclercdrive.fr/image.ashx?id=2954364&use=l&cat=p&typeid=i","cat":298295},{"id":28336,"n":"Huile d'olive Cauvin Vierge extra - 2L","p":22.58,"u":"11,29 €/L","img":"https://fd5-photos.leclercdrive.fr/image.ashx?id=2477739&use=l&cat=p&typeid=i","cat":284453},{"id":28344,"n":"Olives vertes La Ciota Farcies poivrons - 120g","p":2.01,"u":"16,75 €/KG","img":"https://fd5-photos.leclercdrive.fr/image.ashx?id=2296584&use=l&cat=p&typeid=i","cat":284458},{"id":28345,"n":"Olives vertes La Ciota Farcies au thon - 120g","p":1.92,"u":"16,00 €/KG","img":"https://fd5-photos.leclercdrive.fr/image.ashx?id=2296581&use=l&cat=p&typeid=i","cat":284458},{"id":28346,"n":"Haricots blancs Olabe 400g","p":1.52,"u":"3,80 €/KG","img":"https://fd5-photos.leclercdrive.fr/image.ashx?id=2740073&use=l&cat=p&typeid=i","cat":312606},{"id":28362,"n":"Compotes Pom'Potes Gourdes Poire de Rhône-Alpes - 4x90g","p":2.31,"u":"6,42 €/KG","img":"https://fd5-photos.leclercdrive.fr/image.ashx?id=3010882&use=l&cat=p&typeid=i","cat":284508},{"id":28368,"n":"Tablette de chocolat Equador Noir fleur de sel 100g","p":1.42,"u":"14,20 €/KG","img":"https://fd5-photos.leclercdrive.fr/image.ashx?id=2660565&use=l&cat=p&typeid=i","cat":284956},{"id":28386,"n":"Brioche de Lyon saucisson NRT 400g","p":4.99,"u":"12,48 €/KG","img":"https://fd5-photos.leclercdrive.fr/image.ashx?id=2743849&use=l&cat=p&typeid=i","cat":333671},{"id":28415,"n":"Colin d'Alaska Pêche Océan À la moutarde - MSC - 400g","p":2.99,"u":"7,48 €/KG","img":"https://fd5-photos.leclercdrive.fr/image.ashx?id=2930117&use=l&cat=p&typeid=i","cat":319786},{"id":28419,"n":"Lingettes anti-transfert Texil Tous textiles x25","p":2.32,"u":"0,09 €/P","img":"https://fd5-photos.leclercdrive.fr/image.ashx?id=2964571&use=l&cat=p&typeid=i","cat":290450},{"id":28422,"n":"Choucroute d'Alsace NRT 920g","p":6.87,"u":"7,47 €/KG","img":"https://fd5-photos.leclercdrive.fr/image.ashx?id=2723243&use=l&cat=p&typeid=i","cat":333666},{"id":28423,"n":"Choucroute d'Alsace NRT 370g","p":3.04,"u":"8,22 €/KG","img":"https://fd5-photos.leclercdrive.fr/image.ashx?id=2723246&use=l&cat=p&typeid=i","cat":333665},{"id":28432,"n":"Jus d'ananas Eco + Brique 1L","p":1.57,"u":"1,57 €/L","img":"https://fd5-photos.leclercdrive.fr/image.ashx?id=2802263&use=l&cat=p&typeid=i","cat":284916},{"id":28444,"n":"Fleur de sel de Camargue Le Saunier de Camargue - 125g","p":2.38,"u":"19,04 €/KG","img":"https://fd5-photos.leclercdrive.fr/image.ashx?id=2819343&use=l&cat=p&typeid=i","cat":284457},{"id":28516,"n":"Chocolat Noir Lindt Excellence  pointe de piment rouge - 100g","p":2.48,"u":"24,80 €/KG","img":"https://fd5-photos.leclercdrive.fr/image.ashx?id=2209200&use=l&cat=p&typeid=i","cat":284956},{"id":28551,"n":"Tartiflette NRT Reblochon Savoie Label Rouge - 300g","p":3.91,"u":"13,03 €/KG","img":"https://fd5-photos.leclercdrive.fr/image.ashx?id=2723216&use=l&cat=p&typeid=i","cat":333665},{"id":28588,"n":"Pomme Golden 4p","p":0.95,"u":"0,24 €/P","img":"https://fd5-photos.leclercdrive.fr/image.ashx?id=1630972&use=l&cat=p&typeid=i","cat":284356},{"id":28593,"n":"Citrouille La pièce","p":5.9,"img":"https://fd5-photos.leclercdrive.fr/image.ashx?id=614304&use=l&cat=p&typeid=i","cat":284352},{"id":28594,"n":"Soupe instantanée Royco  Crème d'asperges - 4x200ml","p":1.54,"u":"1,93 €/L","img":"https://fd5-photos.leclercdrive.fr/image.ashx?id=2650982&use=l&cat=p&typeid=i","cat":293527},{"id":28596,"n":"Soupe instantanée Royco  Crème de volaille - 4x200ml","p":1.82,"u":"2,28 €/L","img":"https://fd5-photos.leclercdrive.fr/image.ashx?id=2376413&use=l&cat=p&typeid=i","cat":293527},{"id":28613,"n":"Nectar multifruits  1L","p":0.98,"u":"0,98 €/L","img":"https://fd5-photos.leclercdrive.fr/image.ashx?id=2869263&use=l&cat=p&typeid=i","cat":284917},{"id":28614,"n":"Pur jus d'orange Eco+ Brique - 1L","p":1.87,"u":"1,87 €/L","img":"https://fd5-photos.leclercdrive.fr/image.ashx?id=2802260&use=l&cat=p&typeid=i","cat":284521},{"id":28710,"n":"Lingettes Mots d'Enfants Bio Bébé - x72 lingettes","p":2.53,"u":"0,04 €/P","img":"https://fd5-photos.leclercdrive.fr/image.ashx?id=2856504&use=l&cat=p&typeid=i","cat":284738},{"id":28713,"n":"Tablettes anti-calcaire Calgon 4 en 1 x17 - 221g","p":4.29,"u":"19,41 €/KG","img":"https://fd5-photos.leclercdrive.fr/image.ashx?id=2953761&use=l&cat=p&typeid=i","cat":284653},{"id":28715,"n":"Gel Toilette Intime Fraîcheur Intima Natural Aloe Vera 200ml","p":3.45,"u":"17,25 €/L","img":"https://fd5-photos.leclercdrive.fr/image.ashx?id=2959862&use=l&cat=p&typeid=i","cat":284627},{"id":28723,"n":"Bonbons Confiséo Caramel enrobés chocolat 280g","p":2.01,"u":"7,18 €/KG","img":"https://fd5-photos.leclercdrive.fr/image.ashx?id=2934688&use=l&cat=p&typeid=i","cat":304250},{"id":28724,"n":"Nettoyant écologique Uni Vert Spécial Vitres - 750ml","p":1.79,"u":"2,39 €/L","img":"https://fd5-photos.leclercdrive.fr/image.ashx?id=2370993&use=l&cat=p&typeid=i","cat":325363},{"id":28725,"n":"Nettoyant écologique Uni Vert Spécial Vitres - 750ml","p":1.47,"u":"1,96 €/L","img":"https://fd5-photos.leclercdrive.fr/image.ashx?id=2372341&use=l&cat=p&typeid=i","cat":325363},{"id":28727,"n":"Tablettes anti-calcaire Calgon  4 en 1 - x48","p":9.46,"u":"15,16 €/KG","img":"https://fd5-photos.leclercdrive.fr/image.ashx?id=2954881&use=l&cat=p&typeid=i","cat":284653},{"id":28730,"n":"Bain moussant Manava Vanille et ambre 500ml","p":2.14,"u":"4,28 €/L","img":"https://fd5-photos.leclercdrive.fr/image.ashx?id=2618326&use=l&cat=p&typeid=i","cat":284594},{"id":28753,"n":"Café Soluble Nescafé Cappuccino Café Viennois - 306g","p":4.3,"u":"14,05 €/KG","img":"https://fd5-photos.leclercdrive.fr/image.ashx?id=2874087&use=l&cat=p&typeid=i","cat":284843},{"id":28755,"n":"Beurre Bio Président Doux - 82% MG - 250g","p":3.78,"u":"15,12 €/KG","img":"https://fd5-photos.leclercdrive.fr/image.ashx?id=2545993&use=l&cat=p&typeid=i","cat":284379},{"id":28809,"n":"Pain burger géant Epi d'Or Nature x4 - 330g","p":0.87,"u":"2,64 €/KG","img":"https://fd5-photos.leclercdrive.fr/image.ashx?id=1861089&use=l&cat=p&typeid=i","cat":325067},{"id":28827,"n":"Chili con carne Côté Table Au piment de Cayenne - 820g","p":3.24,"u":"3,95 €/KG","img":"https://fd5-photos.leclercdrive.fr/image.ashx?id=2977156&use=l&cat=p&typeid=i","cat":325094},{"id":28828,"n":"Pâtes fraîches Turini Gnocchi 380g","p":1.09,"u":"2,87 €/KG","img":"https://fd5-photos.leclercdrive.fr/image.ashx?id=2254526&use=l&cat=p&typeid=i","cat":333682},{"id":28831,"n":"Cookies Méga pépites P'tit Déli Choco amandes caramelisées 184g","p":1.51,"u":"8,21 €/KG","img":"https://fd5-photos.leclercdrive.fr/image.ashx?id=2116128&use=l&cat=p&typeid=i","cat":325066},{"id":28832,"n":"Cookies Méga pépites P'tit Déli Chocolat 184g","p":1.51,"u":"8,21 €/KG","img":"https://fd5-photos.leclercdrive.fr/image.ashx?id=2722814&use=l&cat=p&typeid=i","cat":325066},{"id":28848,"n":"Pennes au saumon Marie A la crème - 900g","p":6.46,"u":"7,18 €/KG","img":"https://fd5-photos.leclercdrive.fr/image.ashx?id=2996761&use=l&cat=p&typeid=i","cat":284254},{"id":28856,"n":"Pain burger Epi d'Or Géant complet x4 - 330g","p":0.97,"u":"2,94 €/KG","img":"https://fd5-photos.leclercdrive.fr/image.ashx?id=2984661&use=l&cat=p&typeid=i","cat":325067},{"id":28860,"n":"Pain de mie Epi d'or Complet - Spécial mie - 500g","p":1.47,"u":"2,94 €/KG","img":"https://fd5-photos.leclercdrive.fr/image.ashx?id=3012839&use=l&cat=p&typeid=i","cat":284477},{"id":28864,"n":"Cassoulet au confit canard NRT - 300g","p":2.97,"u":"9,90 €/KG","img":"https://fd5-photos.leclercdrive.fr/image.ashx?id=2791926&use=l&cat=p&typeid=i","cat":284953},{"id":28866,"n":"Coq au vin et ses torsades NRT 300g","p":2.61,"u":"8,70 €/KG","img":"https://fd5-photos.leclercdrive.fr/image.ashx?id=2723240&use=l&cat=p&typeid=i","cat":284953},{"id":28867,"n":"Foie gras canard IGP perigord NRT Entier - 125g","p":12.5,"u":"100,00 €/KG","img":"https://fd5-photos.leclercdrive.fr/image.ashx?id=2753514&use=l&cat=p&typeid=i","cat":305148},{"id":28868,"n":"Grillons de canard du Perigord Nos Régions ont du Talent -180g","p":4.53,"u":"25,17 €/KG","img":"https://fd5-photos.leclercdrive.fr/image.ashx?id=2560503&use=l&cat=p&typeid=i","cat":305149},{"id":28869,"n":"Parmentier canard Sud Ouest NRT - 300g","p":2.99,"u":"9,97 €/KG","img":"https://fd5-photos.leclercdrive.fr/image.ashx?id=2925210&use=l&cat=p&typeid=i","cat":284953},{"id":28872,"n":"Saucisses de Toulouse lentilles NRT - 300g","p":2.36,"u":"7,87 €/KG","img":"https://fd5-photos.leclercdrive.fr/image.ashx?id=2723234&use=l&cat=p&typeid=i","cat":284953},{"id":28873,"n":"Thon blanc Bretagne NRT huile d'olive - 160g","p":2.88,"u":"18,00 €/KG","img":"https://fd5-photos.leclercdrive.fr/image.ashx?id=2791099&use=l&cat=p&typeid=i","cat":303867},{"id":28874,"n":"Thon blanc Bretagne NRT Nature - 160g","p":2.69,"u":"16,81 €/KG","img":"https://fd5-photos.leclercdrive.fr/image.ashx?id=2775445&use=l&cat=p&typeid=i","cat":303867},{"id":28900,"n":"Clémentines fines de Corse IGP  1kg","p":4.99,"u":"4,99 €/KG","img":"https://fd5-photos.leclercdrive.fr/image.ashx?id=1629034&use=l&cat=p&typeid=i","cat":284356},{"id":28912,"n":"Pastis 51 Anisé 45% vol - 70cl","p":13.58,"u":"19,40 €/L","img":"https://fd5-photos.leclercdrive.fr/image.ashx?id=2452041&use=l&cat=p&typeid=i","cat":284548},{"id":28938,"n":"Velouté bio Bio Village Légumes variés  - 1L","p":2.06,"u":"2,06 €/L","img":"https://fd5-photos.leclercdrive.fr/image.ashx?id=2404154&use=l&cat=p&typeid=i","cat":284462},{"id":28941,"n":"Potage gourmand Régal Soupe Légumes et fromage fondu - 1L","p":2.42,"u":"2,42 €/L","img":"https://fd5-photos.leclercdrive.fr/image.ashx?id=2607524&use=l&cat=p&typeid=i","cat":284462},{"id":28966,"n":"Liqueur Malibu Coco 18% vol - 70cl","p":9.44,"u":"13,49 €/L","img":"https://fd5-photos.leclercdrive.fr/image.ashx?id=2993481&use=l&cat=p&typeid=i","cat":284551},{"id":28970,"n":"Oeufs de lompe Ronde des Mers MSC - 2x100g","p":6.71,"u":"33,55 €/KG","img":"https://fd5-photos.leclercdrive.fr/image.ashx?id=2456144&use=l&cat=p&typeid=i","cat":285191},{"id":28974,"n":"Saumon fumé MSC Sauvage Ronde des Mers x4T - 120g","p":6.65,"u":"55,42 €/KG","img":"https://fd5-photos.leclercdrive.fr/image.ashx?id=2837695&use=l&cat=p&typeid=i","cat":285188},{"id":28996,"n":"Mayonnaise de Dijon AMORA 235g","p":2.06,"u":"8,77 €/KG","img":"https://fd5-photos.leclercdrive.fr/image.ashx?id=2946649&use=l&cat=p&typeid=i","cat":298295},{"id":28997,"n":"Mayonnaise de Dijon Amora 235g","p":1.41,"u":"6,00 €/KG","img":"https://fd5-photos.leclercdrive.fr/image.ashx?id=2877208&use=l&cat=p&typeid=i","cat":298295},{"id":28999,"n":"Mayonnaise de Dijon Amora Sans conservateur  - 415g","p":2.12,"u":"5,11 €/KG","img":"https://fd5-photos.leclercdrive.fr/image.ashx?id=2964207&use=l&cat=p&typeid=i","cat":298295},{"id":29006,"n":"Escargots préparés Eco+ Recette bourguignonne - 89g","p":2.99,"u":"33,60 €/KG","img":"https://fd5-photos.leclercdrive.fr/image.ashx?id=2794758&use=l&cat=p&typeid=i","cat":319775},{"id":29009,"n":"Bûche glacée Eskiss Façon dame blanche - 530g","p":5.24,"u":"9,89 €/KG","img":"https://fd5-photos.leclercdrive.fr/image.ashx?id=2791293&use=l&cat=p&typeid=i","cat":284266},{"id":29011,"n":"Foie gras canard IGP Landes Nos Régions ont du Talent 200g","p":16.95,"u":"84,75 €/KG","img":"https://fd5-photos.leclercdrive.fr/image.ashx?id=2743873&use=l&cat=p&typeid=i","cat":316008},{"id":29044,"n":"Cerneaux de noix Tablier Blanc 50g","p":1.3,"u":"26,00 €/KG","img":"https://fd5-photos.leclercdrive.fr/image.ashx?id=2460607&use=l&cat=p&typeid=i","cat":323809},{"id":29047,"n":"Pignons de pin Tablier Blanc 50g","p":2.39,"u":"47,80 €/KG","img":"https://fd5-photos.leclercdrive.fr/image.ashx?id=2867907&use=l&cat=p&typeid=i","cat":323809},{"id":29075,"n":"Sauce Tzatziki Tables du Monde 100g","p":0.9,"u":"9,00 €/KG","img":"https://fd5-photos.leclercdrive.fr/image.ashx?id=2872445&use=l&cat=p&typeid=i","cat":315999},{"id":29094,"n":"Crème Fraîche Elle&Vire Fleurette Légère -12% MG- 33cl","p":2.27,"u":"6,88 €/L","img":"https://fd5-photos.leclercdrive.fr/image.ashx?id=2771217&use=l&cat=p&typeid=i","cat":284381},{"id":29095,"n":"Yaourts brassés Délisse Vanille - 8x125g","p":2.65,"u":"2,65 €/KG","img":"https://fd5-photos.leclercdrive.fr/image.ashx?id=2372338&use=l&cat=p&typeid=i","cat":284410},{"id":29116,"n":"Bonbons sans sucres Confiséo Goût réglisse - 150g","p":2.64,"u":"17,60 €/KG","img":"https://fd5-photos.leclercdrive.fr/image.ashx?id=2934703&use=l&cat=p&typeid=i","cat":304250},{"id":29117,"n":"Bonbons sans sucres Confiséo Menthe - 150g","p":1.98,"u":"13,20 €/KG","img":"https://fd5-photos.leclercdrive.fr/image.ashx?id=2934697&use=l&cat=p&typeid=i","cat":304252},{"id":29119,"n":"Potage gourmand Régal Soupe 8 légumes à la crème - 1L","p":1.69,"u":"1,69 €/L","img":"https://fd5-photos.leclercdrive.fr/image.ashx?id=2607521&use=l&cat=p&typeid=i","cat":284462},{"id":29129,"n":"Bonbons acidulés Confiséo Aux fruits - 400g","p":2.65,"u":"6,63 €/KG","img":"https://fd5-photos.leclercdrive.fr/image.ashx?id=2934706&use=l&cat=p&typeid=i","cat":304252},{"id":29133,"n":"Sacs poubelle Haute 50L Elembal Poignées coulissantes - x15","p":1.94,"u":"0,13 €/P","img":"https://fd5-photos.leclercdrive.fr/image.ashx?id=2958726&use=l&cat=p&typeid=i","cat":285168},{"id":29134,"n":"Mousse coiffante Vitanove Effet boucles - 200ml","p":1.48,"u":"7,40 €/L","img":"https://fd5-photos.leclercdrive.fr/image.ashx?id=2490040&use=l&cat=p&typeid=i","cat":284609},{"id":29174,"n":"Lait de douche Manava Pêche de vigne - 250ml","p":0.94,"u":"3,76 €/L","img":"https://fd5-photos.leclercdrive.fr/image.ashx?id=2618323&use=l&cat=p&typeid=i","cat":284594},{"id":29182,"n":"AOC Bordeaux rouge Yvecourt - 75cl","p":4.27,"u":"5,69 €/L","img":"https://fd5-photos.leclercdrive.fr/image.ashx?id=2529297&use=l&cat=p&typeid=i","cat":289556},{"id":29189,"n":"Bûche de chèvre Bio Bio Village 180g","p":2.66,"u":"14,78 €/KG","img":"https://fd5-photos.leclercdrive.fr/image.ashx?id=2070437&use=l&cat=p&typeid=i","cat":314031},{"id":29208,"n":"Dürüm spécial kebab Samia x8 - 800g","p":3.1,"u":"3,88 €/KG","img":"https://fd5-photos.leclercdrive.fr/image.ashx?id=2567678&use=l&cat=p&typeid=i","cat":289013},{"id":29265,"n":"Ail surgelé Magda 125g","p":2.16,"u":"17,28 €/KG","img":"https://fd5-photos.leclercdrive.fr/image.ashx?id=2377508&use=l&cat=p&typeid=i","cat":319804},{"id":29267,"n":"Basilic Magda 75g","p":1.44,"u":"19,20 €/KG","img":"https://fd5-photos.leclercdrive.fr/image.ashx?id=2485695&use=l&cat=p&typeid=i","cat":319804},{"id":29269,"n":"Ciboulette Magda 75g","p":1.36,"u":"18,13 €/KG","img":"https://fd5-photos.leclercdrive.fr/image.ashx?id=2484957&use=l&cat=p&typeid=i","cat":319804},{"id":29274,"n":"Oignon surgelé Magda 125g","p":1.39,"u":"11,12 €/KG","img":"https://fd5-photos.leclercdrive.fr/image.ashx?id=2377514&use=l&cat=p&typeid=i","cat":319805},{"id":29276,"n":"Persil surgelé Magda  75g","p":1.21,"u":"16,13 €/KG","img":"https://fd5-photos.leclercdrive.fr/image.ashx?id=2484954&use=l&cat=p&typeid=i","cat":319804},{"id":29277,"n":"Persillade surgelé Magda 100g","p":2.02,"u":"20,20 €/KG","img":"https://fd5-photos.leclercdrive.fr/image.ashx?id=2485692&use=l&cat=p&typeid=i","cat":319804},{"id":29322,"n":"Galettes Gayelord Hauser Froment Chocolat noir - 180g","p":2.97,"u":"16,50 €/KG","img":"https://fd5-photos.leclercdrive.fr/image.ashx?id=2906136&use=l&cat=p&typeid=i","cat":318651},{"id":29323,"n":"Superlevure Gayelord Hauser Paillettes étui 150g","p":3.23,"u":"21,53 €/KG","img":"https://fd5-photos.leclercdrive.fr/image.ashx?id=2786012&use=l&cat=p&typeid=i","cat":294686},{"id":29328,"n":"Pâte de fruits Gayelord Hauser 4 parfums - 125g","p":2.95,"u":"23,60 €/KG","img":"https://fd5-photos.leclercdrive.fr/image.ashx?id=1761918&use=l&cat=p&typeid=i","cat":318652},{"id":29334,"n":"Biscuits miel sésame GERBLE  crousti'son - 4x5 200g","p":1.86,"u":"9,30 €/KG","img":"https://fd5-photos.leclercdrive.fr/image.ashx?id=2662280&use=l&cat=p&typeid=i","cat":318651},{"id":29337,"n":"Biscuit miel châtaigne Gerblé   - 200g","p":2.06,"u":"10,30 €/KG","img":"https://fd5-photos.leclercdrive.fr/image.ashx?id=2664010&use=l&cat=p&typeid=i","cat":318651},{"id":29354,"n":"Caramels tendres Confiséo 4 parfums 450g","p":3.14,"u":"6,98 €/KG","img":"https://fd5-photos.leclercdrive.fr/image.ashx?id=2934685&use=l&cat=p&typeid=i","cat":304250},{"id":29358,"n":"Pur jus pamplemousse Jafaden Rose - 1L","p":1.67,"u":"1,67 €/L","img":"https://fd5-photos.leclercdrive.fr/image.ashx?id=2869269&use=l&cat=p&typeid=i","cat":284914},{"id":29360,"n":"AOP Cabernet d'Anjou vin rosé Les Caractères - BIB 5L","p":21.49,"u":"4,30 €/L","img":"https://fd5-photos.leclercdrive.fr/image.ashx?id=2913672&use=l&cat=p&typeid=i","cat":289560},{"id":29361,"n":"Sacs poubelle haute 30L Elembal Poignées coulissantes - x25","p":3.23,"u":"0,13 €/P","img":"https://fd5-photos.leclercdrive.fr/image.ashx?id=2958723&use=l&cat=p&typeid=i","cat":285168},{"id":29364,"n":"Boisson base vin rosé Festalie Pamplemousse - 7.5% - 75 cl","p":1.89,"u":"2,52 €/L","img":"https://fd5-photos.leclercdrive.fr/image.ashx?id=2774891&use=l&cat=p&typeid=i","cat":304569},{"id":29365,"n":"Boisson à base de vin rosé  pamplemousse Festalie - BIB 3L","p":6.99,"u":"2,33 €/L","img":"https://fd5-photos.leclercdrive.fr/image.ashx?id=2745472&use=l&cat=p&typeid=i","cat":304569},{"id":29368,"n":"Boisson à base de vin blanc saveur pêche Festalie - 75 cl","p":2.75,"u":"3,67 €/L","img":"https://fd5-photos.leclercdrive.fr/image.ashx?id=2774894&use=l&cat=p&typeid=i","cat":304569},{"id":29369,"n":"AOC Côtes du Rhône vin rosé Grégoire XI - BIB 3L","p":9.99,"u":"3,33 €/L","img":"https://fd5-photos.leclercdrive.fr/image.ashx?id=2882322&use=l&cat=p&typeid=i","cat":289560},{"id":29370,"n":"AOP Crémant de Loire brut Les Caractères - 75cl","p":4.99,"u":"6,65 €/L","img":"https://fd5-photos.leclercdrive.fr/image.ashx?id=2898844&use=l&cat=p&typeid=i","cat":284545},{"id":29376,"n":"AOC Crémant de Limoux brut  Prieur Barsanne - 75cl","p":5.39,"u":"7,19 €/L","img":"https://fd5-photos.leclercdrive.fr/image.ashx?id=2671402&use=l&cat=p&typeid=i","cat":284545},{"id":29378,"n":"AOP Côtes du Rhône rouge Bio Rives & Terrasses - 3L","p":13.99,"u":"4,66 €/L","img":"https://fd5-photos.leclercdrive.fr/image.ashx?id=2742626&use=l&cat=p&typeid=i","cat":289560},{"id":29396,"n":"Mousse coiffante Vitanove Effet volume - 200ml","p":1.48,"u":"7,40 €/L","img":"https://fd5-photos.leclercdrive.fr/image.ashx?id=2490037&use=l&cat=p&typeid=i","cat":284609},{"id":29419,"n":"Tortillas chips Tokapi Nature - 150g","p":0.55,"u":"3,67 €/KG","img":"https://fd5-photos.leclercdrive.fr/image.ashx?id=2647955&use=l&cat=p&typeid=i","cat":287899},{"id":29447,"n":"Truite fumée Ronde des mers France 6 tranches - 150g","p":4.95,"u":"33,00 €/KG","img":"https://fd5-photos.leclercdrive.fr/image.ashx?id=2832939&use=l&cat=p&typeid=i","cat":285188},{"id":29451,"n":"Oeufs alvéoles Elevage duTrèfle Gros - x20","p":8.75,"u":"0,44 €/P","img":"https://fd5-photos.leclercdrive.fr/image.ashx?id=983501&use=l&cat=p&typeid=i","cat":284378},{"id":29452,"n":"Oeufs Plein air Elevage du Trèfle x6","p":3.15,"u":"0,53 €/P","img":"https://fd5-photos.leclercdrive.fr/image.ashx?id=2068805&use=l&cat=p&typeid=i","cat":284378},{"id":29467,"n":"Coppa Corse Fontana 100g","p":5.8,"u":"58,00 €/KG","img":"https://fd5-photos.leclercdrive.fr/image.ashx?id=2106829&use=l&cat=p&typeid=i","cat":316007},{"id":29493,"n":"Tomato Ketchup Bio Heinz - 580g","p":2.34,"u":"4,03 €/KG","img":"https://fd5-photos.leclercdrive.fr/image.ashx?id=2927726&use=l&cat=p&typeid=i","cat":284455},{"id":29497,"n":"Gâteau tropezienne 600g","p":6.44,"u":"10,73 €/KG","img":"https://fd5-photos.leclercdrive.fr/image.ashx?id=615430&use=l&cat=p&typeid=i","cat":284360},{"id":29510,"n":"Oeufs Corsoeuf Élevées au Sol -Très gros - x6","p":2.59,"u":"0,43 €/P","img":"https://fd5-photos.leclercdrive.fr/image.ashx?id=615446&use=l&cat=p&typeid=i","cat":284378},{"id":29513,"n":"Oeufs Bio Corsoeuf Plein Air - x6 - 505g","p":3.5,"u":"0,58 €/P","img":"https://fd5-photos.leclercdrive.fr/image.ashx?id=615452&use=l&cat=p&typeid=i","cat":284378},{"id":29515,"n":"Oeufs plein air extra Corsoeuf X6 590g","p":3.1,"u":"0,52 €/P","img":"https://fd5-photos.leclercdrive.fr/image.ashx?id=615458&use=l&cat=p&typeid=i","cat":284378},{"id":29517,"n":"Oeufs Corsoeuf Élevées au Sol - Gros - x20","p":8.19,"u":"0,41 €/P","img":"https://fd5-photos.leclercdrive.fr/image.ashx?id=615460&use=l&cat=p&typeid=i","cat":284378},{"id":29519,"n":"Oeufs Corsoeuf Élevées au Sol - Gros - x12","p":4.95,"u":"0,41 €/P","img":"https://fd5-photos.leclercdrive.fr/image.ashx?id=615462&use=l&cat=p&typeid=i","cat":284378},{"id":29522,"n":"Oeufs Corseuf Élevées au Sol - Gros - x6","p":2.29,"u":"0,38 €/P","img":"https://fd5-photos.leclercdrive.fr/image.ashx?id=615465&use=l&cat=p&typeid=i","cat":284378},{"id":29524,"n":"Oeufs frais Kallistoeuf Moyen - x20","p":6.99,"u":"0,35 €/P","img":"https://fd5-photos.leclercdrive.fr/image.ashx?id=615467&use=l&cat=p&typeid=i","cat":284378},{"id":29525,"n":"Oeufs frais Kallistoeuf Moyen - x30","p":9.79,"u":"0,33 €/P","img":"https://fd5-photos.leclercdrive.fr/image.ashx?id=615468&use=l&cat=p&typeid=i","cat":284378},{"id":29535,"n":"Croûtons Epi d'Or Ail - 2x90g","p":1.19,"u":"6,61 €/KG","img":"https://fd5-photos.leclercdrive.fr/image.ashx?id=2606049&use=l&cat=p&typeid=i","cat":284464},{"id":29570,"n":"Saucisson Petit Justin Bridou  Bâton de Berger Nature - 160g","p":3.1,"u":"19,38 €/KG","img":"https://fd5-photos.leclercdrive.fr/image.ashx?id=2894893&use=l&cat=p&typeid=i","cat":316006},{"id":29573,"n":"Lonzo cru Charcuterie Fontana 100g","p":5.17,"u":"51,70 €/KG","img":"https://fd5-photos.leclercdrive.fr/image.ashx?id=2106832&use=l&cat=p&typeid=i","cat":316007},{"id":29575,"n":"Jambon Charcuterie Fontana 100g","p":6.05,"u":"60,50 €/KG","img":"https://fd5-photos.leclercdrive.fr/image.ashx?id=2060418&use=l&cat=p&typeid=i","cat":316007},{"id":29577,"n":"Saucisson Charucterie Fontana 100g","p":5.1,"u":"51,00 €/KG","img":"https://fd5-photos.leclercdrive.fr/image.ashx?id=2106835&use=l&cat=p&typeid=i","cat":316007},{"id":29580,"n":"Poitrine Charcuterie Fontana 100g","p":4.36,"u":"43,60 €/KG","img":"https://fd5-photos.leclercdrive.fr/image.ashx?id=2106838&use=l&cat=p&typeid=i","cat":316011},{"id":29588,"n":"Terrine Charles Antona Porc aux myrtes - 140g","p":4.26,"u":"30,43 €/KG","img":"https://fd5-photos.leclercdrive.fr/image.ashx?id=2467844&use=l&cat=p&typeid=i","cat":305149},{"id":29592,"n":"Terrine Charles Antona Sanglier à l'acqua vita - 140g","p":4.65,"u":"33,21 €/KG","img":"https://fd5-photos.leclercdrive.fr/image.ashx?id=2467838&use=l&cat=p&typeid=i","cat":305149},{"id":29594,"n":"Terrine Clarles Antona Figatellu à l'acqua vita 140g","p":4.5,"u":"32,14 €/KG","img":"https://fd5-photos.leclercdrive.fr/image.ashx?id=2467841&use=l&cat=p&typeid=i","cat":305149},{"id":29597,"n":"Terrine Charles Antona Berger au broccui - 140g","p":4.35,"u":"31,07 €/KG","img":"https://fd5-photos.leclercdrive.fr/image.ashx?id=2467835&use=l&cat=p&typeid=i","cat":305149},{"id":29598,"n":"Terrine Charles Antona Corsica à la châtaigne - 140g","p":4.1,"u":"29,29 €/KG","img":"https://fd5-photos.leclercdrive.fr/image.ashx?id=1564303&use=l&cat=p&typeid=i","cat":305149},{"id":29603,"n":"Haricots Charles Antona Au figatelli - 800g","p":11.69,"u":"14,61 €/KG","img":"https://fd5-photos.leclercdrive.fr/image.ashx?id=1702622&use=l&cat=p&typeid=i","cat":312606},{"id":29604,"n":"Lentilles Charles Antona Au figatelli  - 800g","p":10.3,"u":"12,88 €/KG","img":"https://fd5-photos.leclercdrive.fr/image.ashx?id=1564471&use=l&cat=p&typeid=i","cat":312609},{"id":29625,"n":"Veau Corse *** à griller x1 escalope -  160g","p":5.51,"u":"34,44 €/KG","img":"https://fd5-photos.leclercdrive.fr/image.ashx?id=619014&use=l&cat=p&typeid=i","cat":284329},{"id":29636,"n":"Filet de poulet Cresta Rossa x2 - 220g","p":3.67,"u":"16,68 €/KG","img":"https://fd5-photos.leclercdrive.fr/image.ashx?id=615628&use=l&cat=p&typeid=i","cat":284336},{"id":29638,"n":"Filet de poulet Cresta Rossa x6 - 720g","p":10.45,"u":"14,51 €/KG","img":"https://fd5-photos.leclercdrive.fr/image.ashx?id=615631&use=l&cat=p&typeid=i","cat":284336},{"id":29639,"n":"Cuisse de poulet Cresta Rossa x2 - 500g","p":4.8,"u":"9,60 €/KG","img":"https://fd5-photos.leclercdrive.fr/image.ashx?id=615632&use=l&cat=p&typeid=i","cat":284336},{"id":29641,"n":"Pilon de poulet Cresta Rossa 750g","p":5.0,"u":"6,67 €/KG","img":"https://fd5-photos.leclercdrive.fr/image.ashx?id=615635&use=l&cat=p&typeid=i","cat":284336},{"id":29701,"n":"Bonbons Confiséo Menthe fraîcheur - 360g","p":1.87,"u":"5,19 €/KG","img":"https://fd5-photos.leclercdrive.fr/image.ashx?id=2934682&use=l&cat=p&typeid=i","cat":304252},{"id":29724,"n":"Escalope de dinde Le Gaulois Milanaise x2 - 240g","p":4.32,"u":"18,00 €/KG","img":"https://fd5-photos.leclercdrive.fr/image.ashx?id=2259652&use=l&cat=p&typeid=i","cat":284337},{"id":29745,"n":"Steak haché Burger Tendre&Plus 15%MG x4 - 320g","p":6.06,"u":"18,94 €/KG","img":"https://fd5-photos.leclercdrive.fr/image.ashx?id=2786381&use=l&cat=p&typeid=i","cat":284332},{"id":29753,"n":"Eau gazeuse La Pétillante Citron vert sans sucre - 1L","p":0.4,"u":"0,40 €/L","img":"https://fd5-photos.leclercdrive.fr/image.ashx?id=2669738&use=l&cat=p&typeid=i","cat":284536},{"id":29754,"n":"Eau gazeuse La Pétillante Citron sans sucre - 1L","p":0.4,"u":"0,40 €/L","img":"https://fd5-photos.leclercdrive.fr/image.ashx?id=2590442&use=l&cat=p&typeid=i","cat":284536},{"id":29759,"n":"Bière Hoegaarden rosée 3% - 6x25cl","p":5.24,"u":"3,49 €/L","img":"https://fd5-photos.leclercdrive.fr/image.ashx?id=1562515&use=l&cat=p&typeid=i","cat":334878},{"id":29761,"n":"Taboulé Pierre Martinet Au poulet 500g","p":2.48,"u":"4,96 €/KG","img":"https://fd5-photos.leclercdrive.fr/image.ashx?id=2990526&use=l&cat=p&typeid=i","cat":333657},{"id":29764,"n":"Galettes blé noir Bio village Bio x4 - 200g","p":1.83,"u":"9,15 €/KG","img":"https://fd5-photos.leclercdrive.fr/image.ashx?id=2907258&use=l&cat=p&typeid=i","cat":333672},{"id":29765,"n":"Eau gazeuse aromatisée Badoit citron sans sucres - 1l","p":1.01,"u":"1,01 €/L","img":"https://fd5-photos.leclercdrive.fr/image.ashx?id=2730634&use=l&cat=p&typeid=i","cat":284537},{"id":29766,"n":"Mister Cocktail sans alcool Citron vert kiwi - 75cl","p":3.2,"u":"4,27 €/L","img":"https://fd5-photos.leclercdrive.fr/image.ashx?id=3014461&use=l&cat=p&typeid=i","cat":284549},{"id":29767,"n":"Eau gazeuse aromatisée Badoit citron vert sans sucres- 1L","p":0.93,"u":"0,93 €/L","img":"https://fd5-photos.leclercdrive.fr/image.ashx?id=3011044&use=l&cat=p&typeid=i","cat":284537},{"id":29768,"n":"Bière blonde 1664 5,5° - 50cl canette","p":1.26,"u":"2,52 €/L","img":"https://fd5-photos.leclercdrive.fr/image.ashx?id=2887563&use=l&cat=p&typeid=i","cat":334853},{"id":29773,"n":"Eau minérale naturelle Mag Source de magnésium - 6x1L","p":2.28,"u":"0,38 €/L","img":"https://fd5-photos.leclercdrive.fr/image.ashx?id=2423520&use=l&cat=p&typeid=i","cat":284535},{"id":29793,"n":"Fromage de brebis Les Croisés Rond 25%mg - 100g","p":1.83,"u":"18,30 €/KG","img":"https://fd5-photos.leclercdrive.fr/image.ashx?id=1942404&use=l&cat=p&typeid=i","cat":314031},{"id":29794,"n":"Triangolo Fromage enfants vache Les Croisés 24 portions - 400g","p":2.67,"u":"6,68 €/KG","img":"https://fd5-photos.leclercdrive.fr/image.ashx?id=2791779&use=l&cat=p&typeid=i","cat":314030},{"id":29795,"n":"Fromage à tartiner Les Croisés Ail et fines herbes 24%mg 250g","p":2.09,"u":"8,36 €/KG","img":"https://fd5-photos.leclercdrive.fr/image.ashx?id=2476143&use=l&cat=p&typeid=i","cat":314029},{"id":29799,"n":"Galettes jambon emmental NRT x2 - 300g","p":3.78,"u":"12,60 €/KG","img":"https://fd5-photos.leclercdrive.fr/image.ashx?id=2743882&use=l&cat=p&typeid=i","cat":333672},{"id":29800,"n":"Galettes Pdt lardons oignons NRT x2 - 300g","p":3.79,"u":"12,63 €/KG","img":"https://fd5-photos.leclercdrive.fr/image.ashx?id=2743885&use=l&cat=p&typeid=i","cat":333672},{"id":29802,"n":"Kit Pâte à pizza Tablier Blanc 600g","p":2.59,"u":"4,32 €/KG","img":"https://fd5-photos.leclercdrive.fr/image.ashx?id=1731167&use=l&cat=p&typeid=i","cat":333681},{"id":29803,"n":"Jambon de Vendée IGP NRT X4 - 120g","p":3.92,"u":"32,67 €/KG","img":"https://fd5-photos.leclercdrive.fr/image.ashx?id=2670446&use=l&cat=p&typeid=i","cat":316007},{"id":29811,"n":"Museau de boeuf Menu Fraîcheur A la lyonnaise - 300g","p":1.99,"u":"6,63 €/KG","img":"https://fd5-photos.leclercdrive.fr/image.ashx?id=2816570&use=l&cat=p&typeid=i","cat":333657},{"id":29816,"n":"Bicarbonate alimentaire La Baleine - 800g","p":2.09,"u":"2,61 €/KG","img":"https://fd5-photos.leclercdrive.fr/image.ashx?id=2468335&use=l&cat=p&typeid=i","cat":284457},{"id":29824,"n":"Liqueur Lagoa Goût coco 17%vol - 70cl","p":8.8,"u":"12,57 €/L","img":"https://fd5-photos.leclercdrive.fr/image.ashx?id=2958332&use=l&cat=p&typeid=i","cat":284551},{"id":29828,"n":"Tarte Côté Table Chèvre épinards - 350g","p":2.9,"u":"8,29 €/KG","img":"https://fd5-photos.leclercdrive.fr/image.ashx?id=2858830&use=l&cat=p&typeid=i","cat":333680},{"id":29838,"n":"Bouillon cubes Knorr Bœuf - x15 cubes - 150g","p":1.42,"u":"9,47 €/KG","img":"https://fd5-photos.leclercdrive.fr/image.ashx?id=2848542&use=l&cat=p&typeid=i","cat":288379},{"id":29840,"n":"Bouillon cubes herbes Knorr Huile d'olive Puget x15 -150g","p":1.39,"u":"9,27 €/KG","img":"https://fd5-photos.leclercdrive.fr/image.ashx?id=2890601&use=l&cat=p&typeid=i","cat":288379},{"id":29841,"n":"Bouillon de Poule KNORR 15 Tablettes - 150g","p":1.27,"u":"8,47 €/KG","img":"https://fd5-photos.leclercdrive.fr/image.ashx?id=2906043&use=l&cat=p&typeid=i","cat":288379},{"id":29845,"n":"Moulin saveur Ducros Assaisonnement steak - 35g","p":2.85,"u":"81,43 €/KG","img":"https://fd5-photos.leclercdrive.fr/image.ashx?id=2559448&use=l&cat=p&typeid=i","cat":298297},{"id":29854,"n":"Beurre de Bretagne Les Croisés Doux - 82% MG - 250g","p":2.61,"u":"10,44 €/KG","img":"https://fd5-photos.leclercdrive.fr/image.ashx?id=2943641&use=l&cat=p&typeid=i","cat":284379},{"id":29855,"n":"Beurre de Bretagne Les Croisés Demi-sel - 80% MG - 250g","p":2.61,"u":"10,44 €/KG","img":"https://fd5-photos.leclercdrive.fr/image.ashx?id=2778048&use=l&cat=p&typeid=i","cat":284379},{"id":29856,"n":"Beurre Extra fin Les Croisés Doux - 82 % MG - 125g","p":1.49,"u":"11,92 €/KG","img":"https://fd5-photos.leclercdrive.fr/image.ashx?id=2791269&use=l&cat=p&typeid=i","cat":284379},{"id":29857,"n":"Beurre Les Croisés 80% MG  Demi-sel Extra fin - 125g","p":1.49,"u":"11,92 €/KG","img":"https://fd5-photos.leclercdrive.fr/image.ashx?id=2778069&use=l&cat=p&typeid=i","cat":284379},{"id":29861,"n":"Boisson lactée Délisse Fraise - 6x20cl","p":2.13,"u":"1,78 €/L","img":"https://fd5-photos.leclercdrive.fr/image.ashx?id=2994806&use=l&cat=p&typeid=i","cat":295246},{"id":29864,"n":"Crème fraîche entière Délisse Fleurette - 30% MG - 40cl","p":1.72,"u":"4,30 €/L","img":"https://fd5-photos.leclercdrive.fr/image.ashx?id=3002575&use=l&cat=p&typeid=i","cat":284381},{"id":29865,"n":"Crème fraîche légère Délisse Fleurette - 12% MG - 40cl","p":1.62,"u":"4,05 €/L","img":"https://fd5-photos.leclercdrive.fr/image.ashx?id=3002578&use=l&cat=p&typeid=i","cat":284381},{"id":29869,"n":"Crème anglaise Délisse 1L","p":2.49,"u":"2,49 €/L","img":"https://fd5-photos.leclercdrive.fr/image.ashx?id=3002596&use=l&cat=p&typeid=i","cat":284382},{"id":29870,"n":"Crème d'Isigny AOP NRT 40%MG - 20cl","p":1.79,"u":"8,95 €/L","img":"https://fd5-photos.leclercdrive.fr/image.ashx?id=2184859&use=l&cat=p&typeid=i","cat":284381},{"id":29872,"n":"Crème semi-épaisse légère UHT Délisse 18%mg - 2x25cl","p":2.34,"u":"4,68 €/L","img":"https://fd5-photos.leclercdrive.fr/image.ashx?id=3002593&use=l&cat=p&typeid=i","cat":284381},{"id":29874,"n":"Emincés poireaux Notre Jardin A la crème 750g","p":2.55,"u":"3,40 €/KG","img":"https://fd5-photos.leclercdrive.fr/image.ashx?id=2873144&use=l&cat=p&typeid=i","cat":319805},{"id":29875,"n":"Crevettes Nord Pêche Océan Entières cuites - MSC - 500g","p":5.25,"u":"10,50 €/KG","img":"https://fd5-photos.leclercdrive.fr/image.ashx?id=2478769&use=l&cat=p&typeid=i","cat":319787},{"id":29896,"n":"Peppermint Whist Club 17%vol. - 70cl","p":6.99,"u":"9,99 €/L","img":"https://fd5-photos.leclercdrive.fr/image.ashx?id=1730735&use=l&cat=p&typeid=i","cat":286032},{"id":29897,"n":"Liqueur pomme verte Manzella 17%vol. - 70cl","p":6.5,"u":"9,29 €/L","img":"https://fd5-photos.leclercdrive.fr/image.ashx?id=2715997&use=l&cat=p&typeid=i","cat":286032},{"id":29906,"n":"Bière blonde Bellerose 6.5%vol. - 75cl","p":3.97,"u":"5,29 €/L","img":"https://fd5-photos.leclercdrive.fr/image.ashx?id=2744290&use=l&cat=p&typeid=i","cat":334872},{"id":29910,"n":"Bière blonde La Démon 12%vol. - 33cl","p":1.73,"u":"5,24 €/L","img":"https://fd5-photos.leclercdrive.fr/image.ashx?id=2686855&use=l&cat=p&typeid=i","cat":334872},{"id":29913,"n":"Bière belge Rince Cochon Fruits rouges - 7.5%vol. - 33cl","p":1.84,"u":"5,58 €/L","img":"https://fd5-photos.leclercdrive.fr/image.ashx?id=2694698&use=l&cat=p&typeid=i","cat":334872},{"id":29927,"n":"Bière belge Rince Cochon Blonde - 8.5%vol. - 75cl","p":3.05,"u":"4,07 €/L","img":"https://fd5-photos.leclercdrive.fr/image.ashx?id=1741463&use=l&cat=p&typeid=i","cat":334872},{"id":29961,"n":"AOC Buzet rouge L'Excellence - 75cl","p":5.97,"u":"7,96 €/L","img":"https://fd5-photos.leclercdrive.fr/image.ashx?id=2831891&use=l&cat=p&typeid=i","cat":289556},{"id":29978,"n":"La Fermière Yaourt brassé crème de Marrons - 2x160g","p":1.95,"u":"6,09 €/KG","img":"https://fd5-photos.leclercdrive.fr/image.ashx?id=3004927&use=l&cat=p&typeid=i","cat":314999},{"id":29979,"n":"Paupiette de veau Marie  Jardinière de légumes - 300g","p":3.33,"u":"11,10 €/KG","img":"https://fd5-photos.leclercdrive.fr/image.ashx?id=2317420&use=l&cat=p&typeid=i","cat":333665},{"id":29982,"n":"Oeufs frais Matines  x20","p":3.95,"u":"0,20 €/P","img":"https://fd5-photos.leclercdrive.fr/image.ashx?id=2796234&use=l&cat=p&typeid=i","cat":284378},{"id":29992,"n":"Figatelli Charcuterie Fontana 250g","p":4.75,"u":"19,00 €/KG","img":"https://fd5-photos.leclercdrive.fr/image.ashx?id=2106841&use=l&cat=p&typeid=i","cat":316006},{"id":29993,"n":"Saucisson Charcuterie Fontana 250g","p":6.9,"u":"27,60 €/KG","img":"https://fd5-photos.leclercdrive.fr/image.ashx?id=2060403&use=l&cat=p&typeid=i","cat":316006},{"id":29994,"n":"Jambon de l'Île de Beauté 500g","p":15.47,"img":"https://fd5-photos.leclercdrive.fr/image.ashx?id=2309702&use=l&cat=p&typeid=i","cat":316007},{"id":29995,"n":"Coppa Charcuterie Fontana Morceaux sous vides 400g","p":7.62,"u":"19,05 €/KG","img":"https://fd5-photos.leclercdrive.fr/image.ashx?id=2060406&use=l&cat=p&typeid=i","cat":316007},{"id":29996,"n":"Lonzo Charcuterie Fontana Morceaux sous vides - 400g","p":13.4,"img":"https://fd5-photos.leclercdrive.fr/image.ashx?id=3004978&use=l&cat=p&typeid=i","cat":316007},{"id":30014,"n":"Crêpes Daniel Dessaint Moelleuses natures x8 - 400g","p":2.48,"u":"6,20 €/KG","img":"https://fd5-photos.leclercdrive.fr/image.ashx?id=2972472&use=l&cat=p&typeid=i","cat":284494},{"id":30019,"n":"Lait de ma région demi-écrémé Brique Candia  - 6x1L","p":6.36,"u":"1,06 €/L","img":"https://fd5-photos.leclercdrive.fr/image.ashx?id=2359594&use=l&cat=p&typeid=i","cat":284377},{"id":30027,"n":"Tubes d'encornets Pêche Océan Sachet 750g","p":11.85,"u":"15,80 €/KG","img":"https://fd5-photos.leclercdrive.fr/image.ashx?id=2217942&use=l&cat=p&typeid=i","cat":319786},{"id":30029,"n":"Poêlée champignons Notre Jardin Forestière - 400g","p":4.66,"u":"11,65 €/KG","img":"https://fd5-photos.leclercdrive.fr/image.ashx?id=2771372&use=l&cat=p&typeid=i","cat":319823},{"id":30039,"n":"Lait de montagne Délisse UHT Bouteille -  1L","p":1.11,"u":"1,11 €/L","img":"https://fd5-photos.leclercdrive.fr/image.ashx?id=2929934&use=l&cat=p&typeid=i","cat":284377},{"id":30040,"n":"Lait de montagne Délisse Brique UHT -  1L","p":1.09,"u":"1,09 €/L","img":"https://fd5-photos.leclercdrive.fr/image.ashx?id=2610208&use=l&cat=p&typeid=i","cat":284377},{"id":30042,"n":"Lait frais demi-écrémé Délisse Bouteille - 1L","p":1.12,"u":"1,12 €/L","img":"https://fd5-photos.leclercdrive.fr/image.ashx?id=2970581&use=l&cat=p&typeid=i","cat":285609},{"id":30043,"n":"Lait frais Délisse Entier Bouteille - 1L","p":1.33,"u":"1,33 €/L","img":"https://fd5-photos.leclercdrive.fr/image.ashx?id=2970584&use=l&cat=p&typeid=i","cat":285609},{"id":30046,"n":"Lait bio Bio Village Bouteille  Demi-écrémé UHT -  50cl","p":0.87,"u":"1,74 €/L","img":"https://fd5-photos.leclercdrive.fr/image.ashx?id=2981906&use=l&cat=p&typeid=i","cat":284377},{"id":30051,"n":"Mini gratins Côté Table Choux fleurs - x4 480g","p":3.19,"u":"6,65 €/KG","img":"https://fd5-photos.leclercdrive.fr/image.ashx?id=2029370&use=l&cat=p&typeid=i","cat":319802},{"id":30053,"n":"Nuggets de poulet Pic'Express x18 400g","p":4.15,"u":"10,38 €/KG","img":"https://fd5-photos.leclercdrive.fr/image.ashx?id=2823747&use=l&cat=p&typeid=i","cat":319780},{"id":30055,"n":"Légumes pour potage Bio Bio Village - 600g","p":1.99,"u":"3,32 €/KG","img":"https://fd5-photos.leclercdrive.fr/image.ashx?id=2891818&use=l&cat=p&typeid=i","cat":319805},{"id":30056,"n":"Ratatouille Bio Bio Village Cuisinée - 600g","p":3.49,"u":"5,82 €/KG","img":"https://fd5-photos.leclercdrive.fr/image.ashx?id=2891821&use=l&cat=p&typeid=i","cat":319823},{"id":30059,"n":"Trio de fleurette Notre Jardin 1kg","p":2.48,"u":"2,48 €/KG","img":"https://fd5-photos.leclercdrive.fr/image.ashx?id=2873135&use=l&cat=p&typeid=i","cat":319805},{"id":30067,"n":"Assaisonnement En Poudre KNORR Secret d’Arômes Tube - 60g","p":1.34,"u":"22,33 €/KG","img":"https://fd5-photos.leclercdrive.fr/image.ashx?id=3014401&use=l&cat=p&typeid=i","cat":298297},{"id":30069,"n":"Roux minute Maïzena Béchamel - 250g","p":1.74,"u":"6,96 €/KG","img":"https://fd5-photos.leclercdrive.fr/image.ashx?id=2769603&use=l&cat=p&typeid=i","cat":288382},{"id":30084,"n":"Bacon Saint Azay 100g","p":1.62,"u":"16,20 €/KG","img":"https://fd5-photos.leclercdrive.fr/image.ashx?id=2943653&use=l&cat=p&typeid=i","cat":316007},{"id":30089,"n":"Blanc de poulet Tradilège 6 tranches - 180g","p":1.51,"u":"8,39 €/KG","img":"https://fd5-photos.leclercdrive.fr/image.ashx?id=2943677&use=l&cat=p&typeid=i","cat":316010},{"id":30091,"n":"Blanc de dinde Tradilège 6 tranches 180g","p":1.96,"u":"10,89 €/KG","img":"https://fd5-photos.leclercdrive.fr/image.ashx?id=2974867&use=l&cat=p&typeid=i","cat":316010},{"id":30093,"n":"Jambon supérieur Tradilège -25% de sel - Découenné x2-80g","p":1.69,"u":"21,13 €/KG","img":"https://fd5-photos.leclercdrive.fr/image.ashx?id=2991515&use=l&cat=p&typeid=i","cat":316009},{"id":30094,"n":"Jambon à griller Tradilège 2 tranches 160g","p":2.42,"u":"15,13 €/KG","img":"https://fd5-photos.leclercdrive.fr/image.ashx?id=2064633&use=l&cat=p&typeid=i","cat":316009},{"id":30099,"n":"Duo pâté / mousse Tradilège Canard 2x50g","p":1.15,"u":"11,50 €/KG","img":"https://fd5-photos.leclercdrive.fr/image.ashx?id=2683583&use=l&cat=p&typeid=i","cat":316008},{"id":30110,"n":"Pommes de terre NRT à la Sarladaise - 600g","p":2.99,"u":"4,98 €/KG","img":"https://fd5-photos.leclercdrive.fr/image.ashx?id=2699816&use=l&cat=p&typeid=i","cat":319823},{"id":30114,"n":"Pansements Mercurochrome Hydrocolloïdes - x6","p":6.28,"u":"1,05 €/P","img":"https://fd5-photos.leclercdrive.fr/image.ashx?id=2663962&use=l&cat=p&typeid=i","cat":284630},{"id":30124,"n":"Soupe Régal Soupe Tomate et vermicelles - 1L","p":1.8,"u":"1,80 €/L","img":"https://fd5-photos.leclercdrive.fr/image.ashx?id=2607518&use=l&cat=p&typeid=i","cat":284462},{"id":30125,"n":"Soupe Velouté Régal Soupe Légumes du soleil - 1L","p":2.35,"u":"2,35 €/L","img":"https://fd5-photos.leclercdrive.fr/image.ashx?id=2983799&use=l&cat=p&typeid=i","cat":284462},{"id":30128,"n":"Céréales Chocapic Nestlé Chocolat - 1kg","p":5.45,"u":"5,45 €/KG","img":"https://fd5-photos.leclercdrive.fr/image.ashx?id=2977729&use=l&cat=p&typeid=i","cat":309513},{"id":30145,"n":"Croquettes chiens Ultima Allégées - 7.5kg","p":21.05,"u":"2,81 €/KG","img":"https://fd5-photos.leclercdrive.fr/image.ashx?id=2328175&use=l&cat=p&typeid=i","cat":284672},{"id":30146,"n":"Croquettes chiens senior Ultima Medium/maxi - poulet - 7.5kg","p":22.55,"u":"3,01 €/KG","img":"https://fd5-photos.leclercdrive.fr/image.ashx?id=2505876&use=l&cat=p&typeid=i","cat":284672},{"id":30150,"n":"Eau aromatisée Volvic Juicy Agrumes -1,5L","p":1.57,"u":"1,05 €/L","img":"https://fd5-photos.leclercdrive.fr/image.ashx?id=2961987&use=l&cat=p&typeid=i","cat":284537},{"id":30184,"n":"Anis blanc Cristal Liminana 45%vol - 1L","p":19.51,"u":"19,51 €/L","img":"https://fd5-photos.leclercdrive.fr/image.ashx?id=2164225&use=l&cat=p&typeid=i","cat":284548},{"id":30185,"n":"Haché moelleux oignon Férial x10 - 1kg","p":7.49,"u":"7,49 €/KG","img":"https://fd5-photos.leclercdrive.fr/image.ashx?id=2704517&use=l&cat=p&typeid=i","cat":319778},{"id":30186,"n":"Haché moelleux Férial x10 - 1kg","p":9.73,"u":"9,73 €/KG","img":"https://fd5-photos.leclercdrive.fr/image.ashx?id=2966514&use=l&cat=p&typeid=i","cat":319778},{"id":30188,"n":"Steak haché bio - Bio Village  15%mg x4 - 400g","p":8.25,"u":"20,63 €/KG","img":"https://fd5-photos.leclercdrive.fr/image.ashx?id=2840422&use=l&cat=p&typeid=i","cat":319778},{"id":30189,"n":"Tortillas chips Tokapi Chili - 150g","p":0.99,"u":"6,60 €/KG","img":"https://fd5-photos.leclercdrive.fr/image.ashx?id=2647958&use=l&cat=p&typeid=i","cat":287899},{"id":30193,"n":"IGP Var rosé 12.5% vol - BIB 5L","p":17.18,"u":"3,44 €/L","img":"https://fd5-photos.leclercdrive.fr/image.ashx?id=2774550&use=l&cat=p&typeid=i","cat":289560},{"id":30195,"n":"IGP Vin de Pays de l'Hérault Rouge JL Parsat 11.5%vol BIB 5L","p":9.47,"u":"1,89 €/L","img":"https://fd5-photos.leclercdrive.fr/image.ashx?id=2572197&use=l&cat=p&typeid=i","cat":289560},{"id":30212,"n":"Soufflés l'Original Curly Cacahuète - 100g","p":0.85,"u":"8,50 €/KG","img":"https://fd5-photos.leclercdrive.fr/image.ashx?id=2693635&use=l&cat=p&typeid=i","cat":284449},{"id":30213,"n":"Soufflés l'Original Curly Cacahuète - 2x100g","p":1.95,"u":"9,75 €/KG","img":"https://fd5-photos.leclercdrive.fr/image.ashx?id=2962887&use=l&cat=p&typeid=i","cat":284449},{"id":30235,"n":"Bonbons Tic Tac  Menthe x100 - 49g","p":1.79,"u":"36,53 €/KG","img":"https://fd5-photos.leclercdrive.fr/image.ashx?id=2729470&use=l&cat=p&typeid=i","cat":304256},{"id":30241,"n":"Piment d'Espelette AOP bio 50g","p":7.09,"u":"141,80 €/KG","img":"https://fd5-photos.leclercdrive.fr/image.ashx?id=1652434&use=l&cat=p&typeid=i","cat":298297},{"id":30256,"n":"Pâte à tartiner Nutella 825g","p":5.42,"u":"6,57 €/KG","img":"https://fd5-photos.leclercdrive.fr/image.ashx?id=2961813&use=l&cat=p&typeid=i","cat":284481},{"id":30257,"n":"Cassoulet La Belle Chaurienne Au canard 420g","p":2.75,"u":"6,55 €/KG","img":"https://fd5-photos.leclercdrive.fr/image.ashx?id=2831912&use=l&cat=p&typeid=i","cat":284440},{"id":30272,"n":"IGP Pays d'Oc rouge Merlot Les Ormes de Cambras 12.5% BIB 5L","p":16.59,"u":"3,32 €/L","img":"https://fd5-photos.leclercdrive.fr/image.ashx?id=2443871&use=l&cat=p&typeid=i","cat":289560},{"id":30273,"n":"IGP Pays d'OC rouge Les Ormes De Cambras Sauvignon 12% BIB 5L","p":15.5,"u":"3,10 €/L","img":"https://fd5-photos.leclercdrive.fr/image.ashx?id=2445115&use=l&cat=p&typeid=i","cat":289560},{"id":30349,"n":"Nettoyant écologique Uni Vert Salle de bain - 750ml","p":2.06,"u":"2,75 €/L","img":"https://fd5-photos.leclercdrive.fr/image.ashx?id=2531178&use=l&cat=p&typeid=i","cat":325357},{"id":30350,"n":"Nettoyant écologique Uni Vert Cuisine - 750ml","p":2.02,"u":"2,69 €/L","img":"https://fd5-photos.leclercdrive.fr/image.ashx?id=2531175&use=l&cat=p&typeid=i","cat":325357},{"id":30360,"n":"Bonbons Tic Tac 100 pastilles citron vert et orange - 49g","p":1.79,"u":"36,53 €/KG","img":"https://fd5-photos.leclercdrive.fr/image.ashx?id=2736280&use=l&cat=p&typeid=i","cat":304256},{"id":30362,"n":"Fleur de maïs Maïzena 400g","p":1.52,"u":"3,80 €/KG","img":"https://fd5-photos.leclercdrive.fr/image.ashx?id=2312770&use=l&cat=p&typeid=i","cat":288382},{"id":30365,"n":"Arôme vanille Sainte Lucie Flacon 250ml","p":2.82,"u":"11,28 €/L","img":"https://fd5-photos.leclercdrive.fr/image.ashx?id=2774367&use=l&cat=p&typeid=i","cat":284504},{"id":30372,"n":"Fleur de Maïs Maïzena Sans Gluten Format Famille 700g","p":2.44,"u":"3,49 €/KG","img":"https://fd5-photos.leclercdrive.fr/image.ashx?id=2773907&use=l&cat=p&typeid=i","cat":288382},{"id":30377,"n":"Levure chimique Sainte Lucie Sachet x5 50g","p":0.47,"u":"9,40 €/KG","img":"https://fd5-photos.leclercdrive.fr/image.ashx?id=2775089&use=l&cat=p&typeid=i","cat":294686},{"id":30386,"n":"Crème dessert Mont Blanc Boîte Praliné - 570g","p":2.17,"u":"3,81 €/KG","img":"https://fd5-photos.leclercdrive.fr/image.ashx?id=3011596&use=l&cat=p&typeid=i","cat":284506},{"id":30393,"n":"Mélange Ducros Cuisine à l'italienne - 30g","p":2.05,"u":"68,33 €/KG","img":"https://fd5-photos.leclercdrive.fr/image.ashx?id=2559454&use=l&cat=p&typeid=i","cat":298297},{"id":30394,"n":"Mélange malin Ducros Pour pâtes - 30g","p":2.59,"u":"86,33 €/KG","img":"https://fd5-photos.leclercdrive.fr/image.ashx?id=2559457&use=l&cat=p&typeid=i","cat":298297},{"id":30395,"n":"Piment d'Espelette AOP Ducros - 40g","p":10.41,"u":"260,25 €/KG","img":"https://fd5-photos.leclercdrive.fr/image.ashx?id=2559463&use=l&cat=p&typeid=i","cat":298297},{"id":30397,"n":"Levure boulangerie Sainte Lucie Super active sachet x5 40g","p":1.17,"u":"29,25 €/KG","img":"https://fd5-photos.leclercdrive.fr/image.ashx?id=2829946&use=l&cat=p&typeid=i","cat":294686},{"id":30398,"n":"Noix ambrées Sainte Lucie Cerneaux - 50g","p":1.51,"u":"30,20 €/KG","img":"https://fd5-photos.leclercdrive.fr/image.ashx?id=2775104&use=l&cat=p&typeid=i","cat":323809},{"id":30407,"n":"Dés de fromage salade Boursin Ail & fines herbes -120g","p":1.99,"u":"16,58 €/KG","img":"https://fd5-photos.leclercdrive.fr/image.ashx?id=2864366&use=l&cat=p&typeid=i","cat":314027},{"id":30413,"n":"Pommeau de Normandie NRT  17%vol. - 70cl","p":8.6,"u":"12,29 €/L","img":"https://fd5-photos.leclercdrive.fr/image.ashx?id=1647898&use=l&cat=p&typeid=i","cat":284913},{"id":30414,"n":"Muscat de Mireval AOC NRT  15%vol - 75cl","p":9.17,"u":"12,23 €/L","img":"https://fd5-photos.leclercdrive.fr/image.ashx?id=2768469&use=l&cat=p&typeid=i","cat":284913},{"id":30415,"n":"IGP Pays d'Oc rouge J-P Chenet Cabernet Syrah 13% vol - BIB 3L","p":11.11,"u":"3,70 €/L","img":"https://fd5-photos.leclercdrive.fr/image.ashx?id=2837451&use=l&cat=p&typeid=i","cat":289560},{"id":30420,"n":"Pizza Cuite sur pierre Turini Royale familiale - 570g","p":2.84,"u":"4,98 €/KG","img":"https://fd5-photos.leclercdrive.fr/image.ashx?id=2815241&use=l&cat=p&typeid=i","cat":284256},{"id":30425,"n":"Pain complet 400g","p":1.95,"u":"4,88 €/KG","img":"https://fd5-photos.leclercdrive.fr/image.ashx?id=2062993&use=l&cat=p&typeid=i","cat":284359},{"id":30477,"n":"Chocolat Pâtissier Nestlé Dessert : Praliné - 170g","p":2.85,"u":"16,76 €/KG","img":"https://fd5-photos.leclercdrive.fr/image.ashx?id=2895637&use=l&cat=p&typeid=i","cat":285562},{"id":30520,"n":"Fromage apéritif BoursinFromage Ail et fines herbes 20 roulés","p":3.51,"u":"35,10 €/KG","img":"https://fd5-photos.leclercdrive.fr/image.ashx?id=2918589&use=l&cat=p&typeid=i","cat":314027},{"id":30563,"n":"Coquillettes Lustucru Aux oeufs frais - 500g","p":1.5,"u":"3,00 €/KG","img":"https://fd5-photos.leclercdrive.fr/image.ashx?id=2799856&use=l&cat=p&typeid=i","cat":284427},{"id":30570,"n":"Sauce Tube Ail Oignons Panzani Panzani - 180G","p":1.12,"u":"6,22 €/KG","img":"https://fd5-photos.leclercdrive.fr/image.ashx?id=3004804&use=l&cat=p&typeid=i","cat":288384},{"id":30572,"n":"Pur jus de pomme Jafaden 1L","p":2.15,"u":"2,15 €/L","img":"https://fd5-photos.leclercdrive.fr/image.ashx?id=2916701&use=l&cat=p&typeid=i","cat":285435},{"id":30573,"n":"Edulcorant sucralose Canderel Briquet x300","p":3.06,"u":"98,71 €/KG","img":"https://fd5-photos.leclercdrive.fr/image.ashx?id=2811014&use=l&cat=p&typeid=i","cat":324846},{"id":30575,"n":"Happy' Box Haribo Boîte bonbons - 600g","p":4.02,"u":"6,70 €/KG","img":"https://fd5-photos.leclercdrive.fr/image.ashx?id=2802353&use=l&cat=p&typeid=i","cat":304250},{"id":30576,"n":"Zanzigliss Haribo Sachet bonbons réglisse - 300g","p":1.42,"u":"4,73 €/KG","img":"https://fd5-photos.leclercdrive.fr/image.ashx?id=2802347&use=l&cat=p&typeid=i","cat":304250},{"id":30577,"n":"Les Schtroumpfs Pik Haribo Sachet bonbons acidulés - 275g","p":1.48,"u":"5,38 €/KG","img":"https://fd5-photos.leclercdrive.fr/image.ashx?id=2984898&use=l&cat=p&typeid=i","cat":304250},{"id":30578,"n":"Bonbons LUTTI Scoubidou Doux Fruits - 200g","p":1.41,"u":"7,05 €/KG","img":"https://fd5-photos.leclercdrive.fr/image.ashx?id=2817434&use=l&cat=p&typeid=i","cat":304250},{"id":30582,"n":"Petit pot de crème Délisse Vanille - 8x100g","p":3.48,"u":"4,35 €/KG","img":"https://fd5-photos.leclercdrive.fr/image.ashx?id=2544976&use=l&cat=p&typeid=i","cat":285041},{"id":30587,"n":"Yaourts châtaignes Bio village Bio au lait de brebis - 2x125g","p":1.67,"u":"6,68 €/KG","img":"https://fd5-photos.leclercdrive.fr/image.ashx?id=2658593&use=l&cat=p&typeid=i","cat":314998},{"id":30588,"n":"Yaourts de Savoie NRT  Pêche Abricot - 4x150g","p":2.35,"u":"3,92 €/KG","img":"https://fd5-photos.leclercdrive.fr/image.ashx?id=2920806&use=l&cat=p&typeid=i","cat":284410},{"id":30591,"n":"Yaourts Savoie NRT  Poire Mirabelle - 4x150g","p":2.35,"u":"3,92 €/KG","img":"https://fd5-photos.leclercdrive.fr/image.ashx?id=2920809&use=l&cat=p&typeid=i","cat":284410},{"id":30592,"n":"Fromage blanc Délisse Sucré 3% MG - 8x100g","p":2.29,"u":"2,86 €/KG","img":"https://fd5-photos.leclercdrive.fr/image.ashx?id=3012833&use=l&cat=p&typeid=i","cat":284409},{"id":30594,"n":"Fromage frais nature Bio Bio village - 12x60g","p":3.44,"u":"4,78 €/KG","img":"https://fd5-photos.leclercdrive.fr/image.ashx?id=2992633&use=l&cat=p&typeid=i","cat":284409},{"id":30599,"n":"Yaourts à boire Délisse Fraise - 4x100g","p":1.49,"u":"3,73 €/KG","img":"https://fd5-photos.leclercdrive.fr/image.ashx?id=2754889&use=l&cat=p&typeid=i","cat":284415},{"id":30600,"n":"Billes Chocolat au Lait KitKat Sachet  - 250g","p":3.54,"u":"14,16 €/KG","img":"https://fd5-photos.leclercdrive.fr/image.ashx?id=2806063&use=l&cat=p&typeid=i","cat":304238},{"id":30603,"n":"Soupe liquide brique Liebig  Chinoise - 1L","p":2.83,"u":"2,83 €/L","img":"https://fd5-photos.leclercdrive.fr/image.ashx?id=2750988&use=l&cat=p&typeid=i","cat":287367},{"id":30607,"n":"Soupe liquide Liebig  Potiron et kiri - Brique 1L","p":2.57,"u":"2,57 €/L","img":"https://fd5-photos.leclercdrive.fr/image.ashx?id=2892130&use=l&cat=p&typeid=i","cat":284462},{"id":30619,"n":"Jambon cru Aoste Quart Tranché  sans conservateur -  x18 - 220g","p":5.14,"u":"23,36 €/KG","img":"https://fd5-photos.leclercdrive.fr/image.ashx?id=2948057&use=l&cat=p&typeid=i","cat":316007},{"id":30626,"n":"Lait concentré Régilait Sucre entier - Tube 60g","p":0.54,"u":"9,00 €/KG","img":"https://fd5-photos.leclercdrive.fr/image.ashx?id=2018643&use=l&cat=p&typeid=i","cat":299162},{"id":30627,"n":"Salade Notre Jardin Jeunes pousses d'épinard - 100g","p":1.4,"u":"14,00 €/KG","img":"https://fd5-photos.leclercdrive.fr/image.ashx?id=2655604&use=l&cat=p&typeid=i","cat":284353},{"id":30640,"n":"Lapin chasseur Côté Table 280g","p":2.2,"u":"7,86 €/KG","img":"https://fd5-photos.leclercdrive.fr/image.ashx?id=2393866&use=l&cat=p&typeid=i","cat":284953},{"id":30641,"n":"Son d'avoine bio Bio Village 500g","p":2.69,"u":"5,38 €/KG","img":"https://fd5-photos.leclercdrive.fr/image.ashx?id=2664334&use=l&cat=p&typeid=i","cat":309512},{"id":30645,"n":"Salade Notre Jardin Duo Mâche et Roquette - 125g","p":1.68,"u":"13,44 €/KG","img":"https://fd5-photos.leclercdrive.fr/image.ashx?id=2669714&use=l&cat=p&typeid=i","cat":284353},{"id":30646,"n":"Salade Notre Jardin Feuille de chêne - 125g","p":0.95,"u":"7,60 €/KG","img":"https://fd5-photos.leclercdrive.fr/image.ashx?id=2669717&use=l&cat=p&typeid=i","cat":284353},{"id":30652,"n":"Purée pommes de terre Florette 2x200g","p":2.54,"u":"6,35 €/KG","img":"https://fd5-photos.leclercdrive.fr/image.ashx?id=2767678&use=l&cat=p&typeid=i","cat":333665},{"id":30653,"n":"Purée de carottes Florette 2x200g","p":2.54,"u":"6,35 €/KG","img":"https://fd5-photos.leclercdrive.fr/image.ashx?id=2790003&use=l&cat=p&typeid=i","cat":333665},{"id":30656,"n":"Bandes de cire froide Siliss Maillot aisselles - x16","p":2.19,"u":"0,14 €/P","img":"https://fd5-photos.leclercdrive.fr/image.ashx?id=2699450&use=l&cat=p&typeid=i","cat":325351},{"id":30685,"n":"Liquide vaisselle Palmolive Original  amande - 750ml","p":1.33,"u":"1,77 €/L","img":"https://fd5-photos.leclercdrive.fr/image.ashx?id=2690147&use=l&cat=p&typeid=i","cat":284655},{"id":30697,"n":"Savon d'alep Manava 200g","p":3.99,"u":"19,95 €/KG","img":"https://fd5-photos.leclercdrive.fr/image.ashx?id=1952895&use=l&cat=p&typeid=i","cat":284597},{"id":30715,"n":"Désodorisant Texil Parfumé 500ml","p":2.61,"u":"5,22 €/L","img":"https://fd5-photos.leclercdrive.fr/image.ashx?id=2964568&use=l&cat=p&typeid=i","cat":290451},{"id":30724,"n":"BB Crème Hydratante 5en1 Nivea Teinte médium FPS15 - 50ml","p":7.1,"u":"142,00 €/L","img":"https://fd5-photos.leclercdrive.fr/image.ashx?id=2221575&use=l&cat=p&typeid=i","cat":325345},{"id":30729,"n":"Crème Dépilatoire Siliss Maillot aisselles - 100ml","p":1.79,"u":"17,90 €/L","img":"https://fd5-photos.leclercdrive.fr/image.ashx?id=2699687&use=l&cat=p&typeid=i","cat":325351},{"id":30733,"n":"Déboucheur canalisations Syphon 1L","p":1.39,"u":"1,39 €/L","img":"https://fd5-photos.leclercdrive.fr/image.ashx?id=2794193&use=l&cat=p&typeid=i","cat":284908},{"id":30768,"n":"Gel douche Manava Pétales d'Orient 100ml","p":0.8,"u":"8,00 €/L","img":"https://fd5-photos.leclercdrive.fr/image.ashx?id=1669982&use=l&cat=p&typeid=i","cat":284594},{"id":30780,"n":"Sacs poubelle 30L Eco+ x20","p":0.57,"u":"0,03 €/P","img":"https://fd5-photos.leclercdrive.fr/image.ashx?id=2801768&use=l&cat=p&typeid=i","cat":285168},{"id":30781,"n":"Sacs poubelle 50L Eco+ x10","p":0.41,"u":"0,04 €/P","img":"https://fd5-photos.leclercdrive.fr/image.ashx?id=1904756&use=l&cat=p&typeid=i","cat":285168},{"id":30791,"n":"Mouchoirs blancs 2 plis Eco+ Boîte mouchoirs en papier- x150","p":0.62,"img":"https://fd5-photos.leclercdrive.fr/image.ashx?id=2897751&use=l&cat=p&typeid=i","cat":284638},{"id":30808,"n":"Coton-tiges Eco+ Tige papier x200 bâtonnets","p":0.34,"img":"https://fd5-photos.leclercdrive.fr/image.ashx?id=2940893&use=l&cat=p&typeid=i","cat":284636},{"id":30813,"n":"Crème adhésive Dentamyl Hypoallergénique 50g","p":2.99,"u":"59,80 €/KG","img":"https://fd5-photos.leclercdrive.fr/image.ashx?id=2643378&use=l&cat=p&typeid=i","cat":285158},{"id":30815,"n":"Dissolvant Eco+ 250ml","p":1.33,"u":"5,32 €/L","img":"https://fd5-photos.leclercdrive.fr/image.ashx?id=1873934&use=l&cat=p&typeid=i","cat":325347},{"id":30816,"n":"Film étirable Eco+ 50m","p":0.95,"img":"https://fd5-photos.leclercdrive.fr/image.ashx?id=2048995&use=l&cat=p&typeid=i","cat":334134},{"id":30830,"n":"Feuilles dessin Esquisse Blanches 24x32cm 180g x12","p":1.89,"img":"https://fd5-photos.leclercdrive.fr/image.ashx?id=2943178&use=l&cat=p&typeid=i","cat":284697},{"id":30850,"n":"Blanquette veau Côté Table Champignons 285g","p":2.2,"u":"7,72 €/KG","img":"https://fd5-photos.leclercdrive.fr/image.ashx?id=2064822&use=l&cat=p&typeid=i","cat":284953},{"id":30856,"n":"Emincés de poulet Tradilège Rôti - 2x75g","p":2.09,"u":"13,93 €/KG","img":"https://fd5-photos.leclercdrive.fr/image.ashx?id=2994366&use=l&cat=p&typeid=i","cat":316011},{"id":30881,"n":"Tortillas Old El Paso de maïs et blé x8 - 335g","p":2.59,"u":"7,73 €/KG","img":"https://fd5-photos.leclercdrive.fr/image.ashx?id=2738794&use=l&cat=p&typeid=i","cat":288993},{"id":30882,"n":"Bloc de fromage Leerdammer L'Original - 250g","p":3.09,"u":"12,36 €/KG","img":"https://fd5-photos.leclercdrive.fr/image.ashx?id=2146096&use=l&cat=p&typeid=i","cat":314034},{"id":30892,"n":"Bougie Alba Moyenne rouge 11 cm","p":1.3,"img":"https://fd5-photos.leclercdrive.fr/image.ashx?id=2719303&use=l&cat=p&typeid=i","cat":335913},{"id":30893,"n":"Bougie Alba Grande rouge 18 cm","p":2.38,"img":"https://fd5-photos.leclercdrive.fr/image.ashx?id=2719306&use=l&cat=p&typeid=i","cat":335913},{"id":30894,"n":"Bougie Alba Blanche 15 cm","p":2.35,"img":"https://fd5-photos.leclercdrive.fr/image.ashx?id=2719312&use=l&cat=p&typeid=i","cat":335913},{"id":30895,"n":"Bougie Alba Longue durée blanche 22cm","p":3.97,"img":"https://fd5-photos.leclercdrive.fr/image.ashx?id=2719309&use=l&cat=p&typeid=i","cat":335913},{"id":30896,"n":"Bougie Alba Electrique blanche 30 jours","p":4.78,"img":"https://fd5-photos.leclercdrive.fr/image.ashx?id=2719300&use=l&cat=p&typeid=i","cat":335913},{"id":30898,"n":"Gâteaux aux pépites chocolat x6 Chaque Jour Sans Gluten 230g","p":3.21,"u":"13,96 €/KG","img":"https://fd5-photos.leclercdrive.fr/image.ashx?id=2691249&use=l&cat=p&typeid=i","cat":318654},{"id":30900,"n":"Biscuits sablés Sans gluten Chocolat noir - 150g","p":3.46,"u":"23,07 €/KG","img":"https://fd5-photos.leclercdrive.fr/image.ashx?id=2669741&use=l&cat=p&typeid=i","cat":318654},{"id":30901,"n":"Cookies Chaque Jour sans gluten aux pépites de chocolat - 150g","p":2.44,"u":"16,27 €/KG","img":"https://fd5-photos.leclercdrive.fr/image.ashx?id=2669744&use=l&cat=p&typeid=i","cat":318654},{"id":30905,"n":"Coquilles moelleuses x6 Chaque Jour Sans Gluten 180g","p":2.2,"u":"12,22 €/KG","img":"https://fd5-photos.leclercdrive.fr/image.ashx?id=2710792&use=l&cat=p&typeid=i","cat":318654},{"id":30907,"n":"Madeleine aux Oeufs GERBLE  Sans Gluten 200 g","p":3.67,"u":"18,35 €/KG","img":"https://fd5-photos.leclercdrive.fr/image.ashx?id=2662802&use=l&cat=p&typeid=i","cat":318654},{"id":30910,"n":"Pain façon campagnard Chaque Jour Sans Gluten - 400g","p":4.0,"u":"10,00 €/KG","img":"https://fd5-photos.leclercdrive.fr/image.ashx?id=2710795&use=l&cat=p&typeid=i","cat":325069},{"id":30911,"n":"Pain précuit sans gluten Petites baguettes x2 - 150g","p":2.49,"u":"16,60 €/KG","img":"https://fd5-photos.leclercdrive.fr/image.ashx?id=2622019&use=l&cat=p&typeid=i","cat":325069},{"id":30916,"n":"Ciboulette Sainte Lucie Tubulaire - 5g","p":1.35,"u":"270,00 €/KG","img":"https://fd5-photos.leclercdrive.fr/image.ashx?id=2974336&use=l&cat=p&typeid=i","cat":298297},{"id":30917,"n":"Pâtes Escalope volaille Marie Crème champignons - 900g","p":4.19,"u":"4,66 €/KG","img":"https://fd5-photos.leclercdrive.fr/image.ashx?id=2996794&use=l&cat=p&typeid=i","cat":284254},{"id":30928,"n":"Fumet de poisson Rustica Déshydraté - 90g","p":2.05,"u":"22,78 €/KG","img":"https://fd5-photos.leclercdrive.fr/image.ashx?id=2849578&use=l&cat=p&typeid=i","cat":288379},{"id":30929,"n":"Tortillas chips Tables du Monde Nature - 200g","p":1.15,"u":"5,75 €/KG","img":"https://fd5-photos.leclercdrive.fr/image.ashx?id=2655695&use=l&cat=p&typeid=i","cat":288993},{"id":30932,"n":"Biscuits déli matin P'tit Déli  Chocolat allégé- 300g","p":1.88,"u":"6,27 €/KG","img":"https://fd5-photos.leclercdrive.fr/image.ashx?id=3001202&use=l&cat=p&typeid=i","cat":284491},{"id":30933,"n":"Biscuit chocolat noir Gerblé Sans Sucres Ajoutés - 126g","p":2.2,"u":"17,46 €/KG","img":"https://fd5-photos.leclercdrive.fr/image.ashx?id=2662799&use=l&cat=p&typeid=i","cat":318653},{"id":30936,"n":"Huile Isio 4 Lesieur 2L","p":6.27,"u":"3,14 €/L","img":"https://fd5-photos.leclercdrive.fr/image.ashx?id=2916021&use=l&cat=p&typeid=i","cat":284453},{"id":30947,"n":"Pâtes Collezione Barilla Tagliatelle - 500g","p":1.4,"u":"2,80 €/KG","img":"https://fd5-photos.leclercdrive.fr/image.ashx?id=2654119&use=l&cat=p&typeid=i","cat":284427},{"id":30949,"n":"plat cuisiné quinoa tomates olives bio bjorg- 250g","p":1.84,"u":"7,36 €/KG","img":"https://fd5-photos.leclercdrive.fr/image.ashx?id=2854444&use=l&cat=p&typeid=i","cat":287600},{"id":30951,"n":"Chocolat au lait Tablette d'Or Coeur de lait - 2x100g","p":1.95,"u":"9,75 €/KG","img":"https://fd5-photos.leclercdrive.fr/image.ashx?id=3010575&use=l&cat=p&typeid=i","cat":284497},{"id":30953,"n":"Couscous Grain Moyen Ferrero  - 500g","p":1.16,"u":"2,32 €/KG","img":"https://fd5-photos.leclercdrive.fr/image.ashx?id=2886777&use=l&cat=p&typeid=i","cat":284429},{"id":30969,"n":"Glace Cône Nestlé Extrême Sorbet fruits rouges x6 - 426g","p":3.25,"u":"7,63 €/KG","img":"https://fd5-photos.leclercdrive.fr/image.ashx?id=2729845&use=l&cat=p&typeid=i","cat":284264},{"id":30983,"n":"Filets de limande Pêche Océan Meunière - MSC - 400g","p":6.85,"u":"17,13 €/KG","img":"https://fd5-photos.leclercdrive.fr/image.ashx?id=2489122&use=l&cat=p&typeid=i","cat":319788},{"id":30989,"n":"Quiche lorraine Côté Table 2x150g","p":2.92,"u":"9,73 €/KG","img":"https://fd5-photos.leclercdrive.fr/image.ashx?id=2791770&use=l&cat=p&typeid=i","cat":284257},{"id":30992,"n":"Poêlée paysanne Marie Saucisse fumé - 900g","p":4.48,"u":"4,98 €/KG","img":"https://fd5-photos.leclercdrive.fr/image.ashx?id=2996797&use=l&cat=p&typeid=i","cat":319823},{"id":30995,"n":"Saucisse sèche Saint-Azay Aux noisettes - 250g","p":3.35,"u":"13,40 €/KG","img":"https://fd5-photos.leclercdrive.fr/image.ashx?id=2404145&use=l&cat=p&typeid=i","cat":316006},{"id":30999,"n":"Spaghetti courts Lustucru Aux oeufs - 500g","p":1.48,"u":"2,96 €/KG","img":"https://fd5-photos.leclercdrive.fr/image.ashx?id=2519798&use=l&cat=p&typeid=i","cat":284427},{"id":31002,"n":"Petit salé aux lentilles  William Saurin - 840g","p":5.57,"u":"6,63 €/KG","img":"https://fd5-photos.leclercdrive.fr/image.ashx?id=2904095&use=l&cat=p&typeid=i","cat":284441},{"id":31003,"n":"Jus de citron jaune 50cl","p":2.07,"u":"4,14 €/L","img":"https://fd5-photos.leclercdrive.fr/image.ashx?id=2656982&use=l&cat=p&typeid=i","cat":288383},{"id":31004,"n":"Jus de citron jaune Sicile - 20cl","p":0.86,"u":"4,30 €/L","img":"https://fd5-photos.leclercdrive.fr/image.ashx?id=2656988&use=l&cat=p&typeid=i","cat":288383},{"id":31011,"n":"Feutres pour ardoise Esquisse Effaçable a sec Fin bleu - x2","p":0.89,"img":"https://fd5-photos.leclercdrive.fr/image.ashx?id=2943238&use=l&cat=p&typeid=i","cat":334133},{"id":31014,"n":"Lait demi-écrémé Lactel Vitamine D Bouteille - 50cl","p":1.08,"u":"2,16 €/L","img":"https://fd5-photos.leclercdrive.fr/image.ashx?id=2889556&use=l&cat=p&typeid=i","cat":284377},{"id":31015,"n":"Lait Matin Léger Lactel Sans lactose écrémé - 1l","p":1.73,"u":"1,73 €/L","img":"https://fd5-photos.leclercdrive.fr/image.ashx?id=2883543&use=l&cat=p&typeid=i","cat":317169},{"id":31016,"n":"Lait Bio écrémé Lactel UHT Bouteille - 1L","p":1.85,"u":"1,85 €/L","img":"https://fd5-photos.leclercdrive.fr/image.ashx?id=2890983&use=l&cat=p&typeid=i","cat":284949},{"id":31018,"n":"Feuille de brick Tablier Blanc En rouleau - 90g","p":1.49,"u":"16,56 €/KG","img":"https://fd5-photos.leclercdrive.fr/image.ashx?id=2188688&use=l&cat=p&typeid=i","cat":333681},{"id":31019,"n":"Feuilles de lasagne Turini 350g","p":2.69,"u":"7,69 €/KG","img":"https://fd5-photos.leclercdrive.fr/image.ashx?id=2617371&use=l&cat=p&typeid=i","cat":333682},{"id":31021,"n":"Gnocchi Turini 800g","p":2.29,"u":"2,86 €/KG","img":"https://fd5-photos.leclercdrive.fr/image.ashx?id=2254529&use=l&cat=p&typeid=i","cat":333682},{"id":31022,"n":"Gnocchi à poêler Turini 500g","p":1.42,"u":"2,84 €/KG","img":"https://fd5-photos.leclercdrive.fr/image.ashx?id=3014362&use=l&cat=p&typeid=i","cat":333682},{"id":31023,"n":"Ravioli Ricotta épinards Bio  Bio village - 250g","p":2.99,"u":"11,96 €/KG","img":"https://fd5-photos.leclercdrive.fr/image.ashx?id=2650252&use=l&cat=p&typeid=i","cat":333682},{"id":31027,"n":"Cappuccino soluble Plantation nature - 280g","p":3.21,"u":"11,46 €/KG","img":"https://fd5-photos.leclercdrive.fr/image.ashx?id=2819274&use=l&cat=p&typeid=i","cat":284843},{"id":31029,"n":"Escalope Cordon Bleu Père Dodu  Dinde - Comté x2 - 200g","p":2.35,"u":"11,75 €/KG","img":"https://fd5-photos.leclercdrive.fr/image.ashx?id=2957179&use=l&cat=p&typeid=i","cat":333683},{"id":31035,"n":"Chips La classique Vico Nature - 135g","p":1.2,"u":"8,89 €/KG","img":"https://fd5-photos.leclercdrive.fr/image.ashx?id=2917801&use=l&cat=p&typeid=i","cat":284447},{"id":31044,"n":"Haricots verts Notre Jardin Extra fins - 5 Fagots - 220g","p":2.15,"u":"9,77 €/KG","img":"https://fd5-photos.leclercdrive.fr/image.ashx?id=2050657&use=l&cat=p&typeid=i","cat":312606},{"id":31046,"n":"Assortiment crackers Tokapi Emmental - 100g","p":0.64,"u":"6,40 €/KG","img":"https://fd5-photos.leclercdrive.fr/image.ashx?id=2034386&use=l&cat=p&typeid=i","cat":297000},{"id":31050,"n":"Biscuits pavot citron GERBLE  - 4x4  200g","p":1.4,"u":"7,00 €/KG","img":"https://fd5-photos.leclercdrive.fr/image.ashx?id=2967001&use=l&cat=p&typeid=i","cat":318651},{"id":31052,"n":"Biscuits figue et son GERBLE   - 5x5, 210g","p":1.34,"u":"6,38 €/KG","img":"https://fd5-photos.leclercdrive.fr/image.ashx?id=2662319&use=l&cat=p&typeid=i","cat":318651},{"id":31054,"n":"Bouillon Cube Maggi Vollaile - x12 cubes - 120g","p":1.42,"u":"11,83 €/KG","img":"https://fd5-photos.leclercdrive.fr/image.ashx?id=2736982&use=l&cat=p&typeid=i","cat":288379},{"id":31055,"n":"Bouillon Cube Légumes Maggi Déshydraté - x10 - 105g","p":1.67,"u":"15,90 €/KG","img":"https://fd5-photos.leclercdrive.fr/image.ashx?id=2737000&use=l&cat=p&typeid=i","cat":288379},{"id":31058,"n":"Pâtes Barilla Capellini n°1 - 500g","p":0.91,"u":"1,82 €/KG","img":"https://fd5-photos.leclercdrive.fr/image.ashx?id=2392194&use=l&cat=p&typeid=i","cat":284427},{"id":31059,"n":"Pâtes Cheveux d'ange Panzani 1kg","p":2.27,"u":"2,27 €/KG","img":"https://fd5-photos.leclercdrive.fr/image.ashx?id=2896075&use=l&cat=p&typeid=i","cat":284427},{"id":31068,"n":"Chocolat Pâtissier Tablette dOr Lait - 170g","p":1.99,"u":"11,71 €/KG","img":"https://fd5-photos.leclercdrive.fr/image.ashx?id=2635916&use=l&cat=p&typeid=i","cat":285562},{"id":31069,"n":"Chocolat Pâtissier Tablette dOr Chocolat Blanc - 180g","p":2.03,"u":"11,28 €/KG","img":"https://fd5-photos.leclercdrive.fr/image.ashx?id=2562879&use=l&cat=p&typeid=i","cat":285562},{"id":31073,"n":"Chocolat noir Alter Eco Fève de cacao bio 100g","p":2.59,"u":"25,90 €/KG","img":"https://fd5-photos.leclercdrive.fr/image.ashx?id=2921888&use=l&cat=p&typeid=i","cat":284956},{"id":31079,"n":"Biscuits cookies bio bjorg  chocolat noisette - 200g","p":3.22,"u":"16,10 €/KG","img":"https://fd5-photos.leclercdrive.fr/image.ashx?id=2652215&use=l&cat=p&typeid=i","cat":325066},{"id":31084,"n":"Crackers Tokapi Sésame et pavot - 100g","p":0.69,"u":"6,90 €/KG","img":"https://fd5-photos.leclercdrive.fr/image.ashx?id=1921880&use=l&cat=p&typeid=i","cat":297000},{"id":31085,"n":"Kit sushi Tanoshi 289g","p":6.09,"u":"21,07 €/KG","img":"https://fd5-photos.leclercdrive.fr/image.ashx?id=2939406&use=l&cat=p&typeid=i","cat":288992},{"id":31086,"n":"Capsules Nescafé Dolce Gusto  Lungo Décaféiné - x16","p":4.39,"u":"39,20 €/KG","img":"https://fd5-photos.leclercdrive.fr/image.ashx?id=2836676&use=l&cat=p&typeid=i","cat":293239},{"id":31088,"n":"Coeurs d'artichaut Notre Jardin 245g","p":3.49,"u":"14,24 €/KG","img":"https://fd5-photos.leclercdrive.fr/image.ashx?id=2607918&use=l&cat=p&typeid=i","cat":312611},{"id":31091,"n":"Croquettes chat Plénima Premium Poulet - Chat adulte - 450g","p":1.79,"u":"3,98 €/KG","img":"https://fd5-photos.leclercdrive.fr/image.ashx?id=1943379&use=l&cat=p&typeid=i","cat":284680},{"id":31092,"n":"Croquettes chats Ultima Boule de poils - Dinde - 1.5kg","p":7.16,"u":"4,77 €/KG","img":"https://fd5-photos.leclercdrive.fr/image.ashx?id=2921900&use=l&cat=p&typeid=i","cat":284680},{"id":31095,"n":"Filets maquereaux Pêche Océan Citron olives - 176g","p":1.78,"u":"10,11 €/KG","img":"https://fd5-photos.leclercdrive.fr/image.ashx?id=2515679&use=l&cat=p&typeid=i","cat":303868},{"id":31098,"n":"Capsules Nescafé Dolce Gusto  Café au Lait - x16","p":4.39,"u":"27,44 €/KG","img":"https://fd5-photos.leclercdrive.fr/image.ashx?id=2946637&use=l&cat=p&typeid=i","cat":293239},{"id":31101,"n":"Filets maquereaux Pêche Océan Sauce escabèche - 169g","p":1.15,"u":"6,80 €/KG","img":"https://fd5-photos.leclercdrive.fr/image.ashx?id=2394666&use=l&cat=p&typeid=i","cat":303868},{"id":31105,"n":"Gaufrettes P'tit Déli Praliné noisette x15 110g","p":0.87,"u":"7,91 €/KG","img":"https://fd5-photos.leclercdrive.fr/image.ashx?id=2418245&use=l&cat=p&typeid=i","cat":284488},{"id":31106,"n":"Gaufrettes P'tit Déli Chocolat x15 110g","p":1.1,"u":"10,00 €/KG","img":"https://fd5-photos.leclercdrive.fr/image.ashx?id=2436020&use=l&cat=p&typeid=i","cat":284488},{"id":31107,"n":"Gâteau P'tit Déli Tout chocolat 300g","p":2.15,"u":"7,17 €/KG","img":"https://fd5-photos.leclercdrive.fr/image.ashx?id=2562707&use=l&cat=p&typeid=i","cat":294776},{"id":31109,"n":"Gaufrettes P'tit Déli Framboise 160g","p":2.15,"u":"13,44 €/KG","img":"https://fd5-photos.leclercdrive.fr/image.ashx?id=2915290&use=l&cat=p&typeid=i","cat":284489},{"id":31110,"n":"Bonbons Confiséo Acacia assortiment fruit - 300g","p":1.91,"u":"6,37 €/KG","img":"https://fd5-photos.leclercdrive.fr/image.ashx?id=2934679&use=l&cat=p&typeid=i","cat":304252},{"id":31113,"n":"Haricots rouges Notre Jardin 500g","p":1.37,"u":"2,74 €/KG","img":"https://fd5-photos.leclercdrive.fr/image.ashx?id=2988054&use=l&cat=p&typeid=i","cat":312606},{"id":31116,"n":"Pâtes bio Jardin Bio' Tire-bouchon semi-complet  500g","p":1.68,"u":"3,36 €/KG","img":"https://fd5-photos.leclercdrive.fr/image.ashx?id=2961116&use=l&cat=p&typeid=i","cat":284427},{"id":31118,"n":"Madeleines P'tit Déli Coquilles 250g","p":0.99,"u":"3,96 €/KG","img":"https://fd5-photos.leclercdrive.fr/image.ashx?id=2999499&use=l&cat=p&typeid=i","cat":284492},{"id":31119,"n":"Tartelettes P'tit Déli Chocolat noisettes - 150g","p":1.29,"u":"8,60 €/KG","img":"https://fd5-photos.leclercdrive.fr/image.ashx?id=2345556&use=l&cat=p&typeid=i","cat":284488},{"id":31132,"n":"Tartine croustillante Epi d'Or Céréales - 250g","p":1.41,"u":"5,64 €/KG","img":"https://fd5-photos.leclercdrive.fr/image.ashx?id=2535256&use=l&cat=p&typeid=i","cat":284479},{"id":31133,"n":"Tartine croustillante Epi d'Or Seigle - 250g","p":1.29,"u":"5,16 €/KG","img":"https://fd5-photos.leclercdrive.fr/image.ashx?id=2533325&use=l&cat=p&typeid=i","cat":284479},{"id":31135,"n":"Terrine de lapin Côté Table A la moutarde - 180g","p":2.49,"u":"13,83 €/KG","img":"https://fd5-photos.leclercdrive.fr/image.ashx?id=1862576&use=l&cat=p&typeid=i","cat":305149},{"id":31136,"n":"Pâtes Torti Panzani 3 Minutes - 1Kg","p":2.28,"u":"2,28 €/KG","img":"https://fd5-photos.leclercdrive.fr/image.ashx?id=2896099&use=l&cat=p&typeid=i","cat":284427},{"id":31139,"n":"Tortillas chips Tables du Monde Chili - 200g","p":1.39,"u":"6,95 €/KG","img":"https://fd5-photos.leclercdrive.fr/image.ashx?id=2661544&use=l&cat=p&typeid=i","cat":288993},{"id":31143,"n":"Lait concentré sucré Délisse 397g","p":1.35,"u":"3,40 €/KG","img":"https://fd5-photos.leclercdrive.fr/image.ashx?id=2576588&use=l&cat=p&typeid=i","cat":299162},{"id":31146,"n":"Madeleines P'tit Déli Longues fourrées 240g","p":2.35,"u":"9,79 €/KG","img":"https://fd5-photos.leclercdrive.fr/image.ashx?id=2754204&use=l&cat=p&typeid=i","cat":284492},{"id":31149,"n":"Les p'tites spirales P'tit Déli Fraise 150g","p":1.55,"u":"10,33 €/KG","img":"https://fd5-photos.leclercdrive.fr/image.ashx?id=2660419&use=l&cat=p&typeid=i","cat":284495},{"id":31151,"n":"Financier P'tit Déli Aux amandes 200g","p":2.09,"u":"10,45 €/KG","img":"https://fd5-photos.leclercdrive.fr/image.ashx?id=2683913&use=l&cat=p&typeid=i","cat":284487},{"id":31153,"n":"Moutarde gourmande Rustica 340g","p":1.59,"u":"4,68 €/KG","img":"https://fd5-photos.leclercdrive.fr/image.ashx?id=2666563&use=l&cat=p&typeid=i","cat":288850},{"id":31156,"n":"Café Soluble Nescafé x25 - 50g","p":2.08,"u":"41,60 €/KG","img":"https://fd5-photos.leclercdrive.fr/image.ashx?id=2485131&use=l&cat=p&typeid=i","cat":284843},{"id":31158,"n":"Wasabi Tanoshi Moutarde verte japonaise - tube de 43g","p":3.35,"u":"77,91 €/KG","img":"https://fd5-photos.leclercdrive.fr/image.ashx?id=2921145&use=l&cat=p&typeid=i","cat":288992},{"id":31166,"n":"Pousses d'haricots  Bio Village Haricots Mungo Bio - 175g","p":1.34,"u":"7,66 €/KG","img":"https://fd5-photos.leclercdrive.fr/image.ashx?id=2573214&use=l&cat=p&typeid=i","cat":312611},{"id":31171,"n":"Pop corn sucrés Tokapi Micro-ondable - 3x90g","p":1.25,"u":"4,63 €/KG","img":"https://fd5-photos.leclercdrive.fr/image.ashx?id=2987154&use=l&cat=p&typeid=i","cat":304249},{"id":31174,"n":"Pâtes penne rigate Panzani 1kg","p":1.77,"u":"1,77 €/KG","img":"https://fd5-photos.leclercdrive.fr/image.ashx?id=2876020&use=l&cat=p&typeid=i","cat":284427},{"id":31177,"n":"Miettes de thon Saupiquet Tomate - 160g","p":1.65,"u":"10,31 €/KG","img":"https://fd5-photos.leclercdrive.fr/image.ashx?id=2402868&use=l&cat=p&typeid=i","cat":303867},{"id":31178,"n":"Pois apéritif Tanoshi wasabi - sachet 100g","p":1.82,"u":"18,20 €/KG","img":"https://fd5-photos.leclercdrive.fr/image.ashx?id=2928522&use=l&cat=p&typeid=i","cat":288992},{"id":31183,"n":"Pain campagnard Schar 240g","p":3.3,"u":"13,75 €/KG","img":"https://fd5-photos.leclercdrive.fr/image.ashx?id=2267978&use=l&cat=p&typeid=i","cat":325069},{"id":31191,"n":"Riz sushi Tanoshi 450g","p":2.95,"u":"6,56 €/KG","img":"https://fd5-photos.leclercdrive.fr/image.ashx?id=2955788&use=l&cat=p&typeid=i","cat":288992},{"id":31200,"n":"AOP Bordeaux rouge Baron de Lestac - BIB 3L","p":15.04,"u":"5,01 €/L","img":"https://fd5-photos.leclercdrive.fr/image.ashx?id=2420910&use=l&cat=p&typeid=i","cat":289560},{"id":31211,"n":"Grana Padano AOP Casa Azzurra Râpé -  100g","p":1.88,"u":"18,80 €/KG","img":"https://fd5-photos.leclercdrive.fr/image.ashx?id=2284730&use=l&cat=p&typeid=i","cat":314035},{"id":31212,"n":"Mozzarella vache Casa Azzurra Cylindre - 250g","p":2.2,"u":"8,80 €/KG","img":"https://fd5-photos.leclercdrive.fr/image.ashx?id=2050339&use=l&cat=p&typeid=i","cat":314026},{"id":31223,"n":"Bain Dissolvant Inell Bain sans acétone - 75ml","p":3.99,"u":"53,20 €/L","img":"https://fd5-photos.leclercdrive.fr/image.ashx?id=2244820&use=l&cat=p&typeid=i","cat":325347},{"id":31264,"n":"Terreau horticole Beaux Jours 70L","p":9.7,"u":"0,14 €/L","img":"https://fd5-photos.leclercdrive.fr/image.ashx?id=2162363&use=l&cat=p&typeid=i","cat":335919},{"id":31265,"n":"Friandises chats Félix Original  Party mix - 60g","p":1.15,"u":"19,17 €/KG","img":"https://fd5-photos.leclercdrive.fr/image.ashx?id=2683346&use=l&cat=p&typeid=i","cat":285285},{"id":31266,"n":"Friandises chats Félix Grillade - 60g","p":1.12,"u":"18,67 €/KG","img":"https://fd5-photos.leclercdrive.fr/image.ashx?id=2336614&use=l&cat=p&typeid=i","cat":285285},{"id":31267,"n":"Friandises chats Félix Saveur océane Party mix  - 60g","p":1.15,"u":"19,17 €/KG","img":"https://fd5-photos.leclercdrive.fr/image.ashx?id=2910210&use=l&cat=p&typeid=i","cat":285285},{"id":31288,"n":"Emmental râpé Entremont Spécial pizza 125g","p":1.79,"u":"14,32 €/KG","img":"https://fd5-photos.leclercdrive.fr/image.ashx?id=2785793&use=l&cat=p&typeid=i","cat":314035},{"id":31289,"n":"Emmental râpé Entremont 3x70g","p":2.28,"u":"10,86 €/KG","img":"https://fd5-photos.leclercdrive.fr/image.ashx?id=2983150&use=l&cat=p&typeid=i","cat":314035},{"id":31297,"n":"Fromage crémeux Les Croisés 36%mg - 200g","p":2.43,"u":"12,15 €/KG","img":"https://fd5-photos.leclercdrive.fr/image.ashx?id=2037379&use=l&cat=p&typeid=i","cat":329558},{"id":31301,"n":"Steak haché Férial  15%mg - X10 - 1kg","p":11.9,"u":"11,90 €/KG","img":"https://fd5-photos.leclercdrive.fr/image.ashx?id=3004657&use=l&cat=p&typeid=i","cat":319778},{"id":31372,"n":"Agneau souris *** à rôtir - 800g","p":21.95,"u":"27,44 €/KG","img":"https://fd5-photos.leclercdrive.fr/image.ashx?id=2117939&use=l&cat=p&typeid=i","cat":284330},{"id":31389,"n":"Menus gourmands Tous mes amis pour chatons - 12x100g","p":4.29,"u":"3,58 €/KG","img":"https://fd5-photos.leclercdrive.fr/image.ashx?id=2027595&use=l&cat=p&typeid=i","cat":285286},{"id":31414,"n":"Pâtes Alpina Savoie Chanterelles Crozets - 400g","p":2.74,"u":"6,85 €/KG","img":"https://fd5-photos.leclercdrive.fr/image.ashx?id=2795063&use=l&cat=p&typeid=i","cat":284427},{"id":31416,"n":"Chocolat noir Villars 72% -100g","p":2.3,"u":"23,00 €/KG","img":"https://fd5-photos.leclercdrive.fr/image.ashx?id=2464270&use=l&cat=p&typeid=i","cat":284956},{"id":31425,"n":"Liégois de fruits Andros Abricot coulis framboise 4x100g","p":2.01,"u":"5,03 €/KG","img":"https://fd5-photos.leclercdrive.fr/image.ashx?id=2575645&use=l&cat=p&typeid=i","cat":285042},{"id":31441,"n":"Plat bébé Blédina 12 mois  Courgette riz veau - 2x200g","p":2.78,"u":"6,95 €/KG","img":"https://fd5-photos.leclercdrive.fr/image.ashx?id=2975074&use=l&cat=p&typeid=i","cat":312237},{"id":31447,"n":"Tablette Chocolat Lait Crunch Céréales Croustillantes 2x100g","p":2.65,"u":"13,25 €/KG","img":"https://fd5-photos.leclercdrive.fr/image.ashx?id=2899740&use=l&cat=p&typeid=i","cat":284497},{"id":31449,"n":"Tortillas chips Eco+ Nature - 300g","p":0.94,"u":"3,13 €/KG","img":"https://fd5-photos.leclercdrive.fr/image.ashx?id=2669729&use=l&cat=p&typeid=i","cat":287899},{"id":31450,"n":"Délice de jambon Tulip 340g","p":3.33,"u":"9,79 €/KG","img":"https://fd5-photos.leclercdrive.fr/image.ashx?id=2465592&use=l&cat=p&typeid=i","cat":305149},{"id":31458,"n":"Moutarde de Dijon Rustica  Fine et forte - 160g","p":0.95,"u":"5,94 €/KG","img":"https://fd5-photos.leclercdrive.fr/image.ashx?id=2954367&use=l&cat=p&typeid=i","cat":288850},{"id":31590,"n":"Cahier de musique 48 pages 17x22","p":0.99,"img":"https://fd5-photos.leclercdrive.fr/image.ashx?id=1690925&use=l&cat=p&typeid=i","cat":284697},{"id":31641,"n":"Poulet basquaise Côté Table Riz 285g","p":1.81,"u":"6,35 €/KG","img":"https://fd5-photos.leclercdrive.fr/image.ashx?id=2476149&use=l&cat=p&typeid=i","cat":284953},{"id":31652,"n":"Beurre Tendre Elle&Vire Doux - 82% MG - 250g","p":2.78,"u":"11,12 €/KG","img":"https://fd5-photos.leclercdrive.fr/image.ashx?id=2574374&use=l&cat=p&typeid=i","cat":284379},{"id":31656,"n":"Cornichons Rustica Aigre Doux - 360g","p":1.63,"u":"4,53 €/KG","img":"https://fd5-photos.leclercdrive.fr/image.ashx?id=2916698&use=l&cat=p&typeid=i","cat":284458},{"id":31659,"n":"Sirop La Maison Guiot Cerise - 70cl","p":3.26,"u":"4,66 €/L","img":"https://fd5-photos.leclercdrive.fr/image.ashx?id=2857201&use=l&cat=p&typeid=i","cat":295020},{"id":31660,"n":"Sirop La Maison Guiot Fraise des bois - 70cl","p":3.54,"u":"5,06 €/L","img":"https://fd5-photos.leclercdrive.fr/image.ashx?id=2857207&use=l&cat=p&typeid=i","cat":295020},{"id":31661,"n":"Sirop La Maison Guiot Pêche blanche - 70cl","p":3.08,"u":"4,40 €/L","img":"https://fd5-photos.leclercdrive.fr/image.ashx?id=2857198&use=l&cat=p&typeid=i","cat":295020},{"id":31680,"n":"Lingettes bébé Mots d'Enfants Ultra-douces - x24","p":1.25,"u":"0,05 €/P","img":"https://fd5-photos.leclercdrive.fr/image.ashx?id=2856501&use=l&cat=p&typeid=i","cat":284738},{"id":31682,"n":"Sachet repas chat Tous mes amis Viande en sauces - 4x100g","p":1.49,"u":"3,73 €/KG","img":"https://fd5-photos.leclercdrive.fr/image.ashx?id=2043005&use=l&cat=p&typeid=i","cat":285286},{"id":31709,"n":"Viande boeuf séchée Saint Azay 10 tranches - 80g","p":3.78,"u":"47,25 €/KG","img":"https://fd5-photos.leclercdrive.fr/image.ashx?id=2979568&use=l&cat=p&typeid=i","cat":316007},{"id":31710,"n":"Tiramisu Délisse 500g","p":2.99,"u":"5,98 €/KG","img":"https://fd5-photos.leclercdrive.fr/image.ashx?id=2415556&use=l&cat=p&typeid=i","cat":284419},{"id":31714,"n":"Pur jus de pomme Bio Village Bio - 6x20cl","p":3.25,"u":"2,71 €/L","img":"https://fd5-photos.leclercdrive.fr/image.ashx?id=2077442&use=l&cat=p&typeid=i","cat":284524},{"id":31717,"n":"Parmigiano Reg AOP Casa Azzurra Râpé -  60g","p":1.39,"u":"23,17 €/KG","img":"https://fd5-photos.leclercdrive.fr/image.ashx?id=2261951&use=l&cat=p&typeid=i","cat":314035},{"id":31724,"n":"Boisson Jafaden Cranberry Myrtille - 1L","p":1.77,"u":"1,77 €/L","img":"https://fd5-photos.leclercdrive.fr/image.ashx?id=2591403&use=l&cat=p&typeid=i","cat":284915},{"id":31725,"n":"Boisson énergisante X-tense Canette - 4x50cl","p":3.12,"pp":2.06,"u":"1,03 €/L","img":"https://fd5-photos.leclercdrive.fr/image.ashx?id=2956068&use=l&cat=p&typeid=i","cat":284533},{"id":31728,"n":"Jus de pomme Jafaden Nectar - 2L","p":2.15,"u":"1,08 €/L","img":"https://fd5-photos.leclercdrive.fr/image.ashx?id=2956077&use=l&cat=p&typeid=i","cat":284522},{"id":31729,"n":"Jus de pomme Jafaden A base de concentré - 1L","p":0.95,"u":"0,95 €/L","img":"https://fd5-photos.leclercdrive.fr/image.ashx?id=2550842&use=l&cat=p&typeid=i","cat":284522},{"id":31730,"n":"Pur jus de pomme Jafaden 1L","p":1.01,"u":"1,01 €/L","img":"https://fd5-photos.leclercdrive.fr/image.ashx?id=1936638&use=l&cat=p&typeid=i","cat":284522},{"id":31731,"n":"Thé glacé Fresh Tea Pêche - 1L","p":1.03,"u":"1,03 €/L","img":"https://fd5-photos.leclercdrive.fr/image.ashx?id=3002791&use=l&cat=p&typeid=i","cat":295019},{"id":31733,"n":"Pur jus multifruits Jafaden 1L","p":1.39,"u":"1,39 €/L","img":"https://fd5-photos.leclercdrive.fr/image.ashx?id=2890006&use=l&cat=p&typeid=i","cat":284917},{"id":31735,"n":"Nectar multifruits Jafaden 1L","p":1.75,"u":"1,75 €/L","img":"https://fd5-photos.leclercdrive.fr/image.ashx?id=2956089&use=l&cat=p&typeid=i","cat":284917},{"id":31737,"n":"Nectar Jafaden Passion - 1L","p":2.71,"u":"2,71 €/L","img":"https://fd5-photos.leclercdrive.fr/image.ashx?id=2959602&use=l&cat=p&typeid=i","cat":284916},{"id":31830,"n":"Sachet repas chat Tous mes amis Viande en sauce - 12x100g","p":3.65,"u":"3,04 €/KG","img":"https://fd5-photos.leclercdrive.fr/image.ashx?id=2677077&use=l&cat=p&typeid=i","cat":285286},{"id":31899,"n":"Huile OPTIMA Tramier  1L","p":4.78,"u":"4,78 €/L","img":"https://fd5-photos.leclercdrive.fr/image.ashx?id=2680407&use=l&cat=p&typeid=i","cat":284453},{"id":31915,"n":"Mayonnaise à la moutarde de Dij  de Dijon Rustica - 235 g","p":1.25,"u":"5,32 €/KG","img":"https://fd5-photos.leclercdrive.fr/image.ashx?id=2954355&use=l&cat=p&typeid=i","cat":298295},{"id":31918,"n":"Sucre Tablier Blanc En morceaux - 1kg","p":1.99,"u":"1,99 €/KG","img":"https://fd5-photos.leclercdrive.fr/image.ashx?id=3010425&use=l&cat=p&typeid=i","cat":284502},{"id":31920,"n":"Matière grasse Rustica à tartiner 50%MG Omega 3 - 500g","p":1.98,"u":"3,96 €/KG","img":"https://fd5-photos.leclercdrive.fr/image.ashx?id=2904556&use=l&cat=p&typeid=i","cat":315229},{"id":31924,"n":"Déodorant bille Manava Peaux sensibles 50ml","p":1.15,"u":"23,00 €/L","img":"https://fd5-photos.leclercdrive.fr/image.ashx?id=2481222&use=l&cat=p&typeid=i","cat":284595},{"id":31934,"n":"Spray coiffant Vitanove Fixation forte - 250ml","p":1.19,"u":"4,76 €/L","img":"https://fd5-photos.leclercdrive.fr/image.ashx?id=2331697&use=l&cat=p&typeid=i","cat":284609},{"id":31935,"n":"Spray coiffant Vitanove Fixation extra forte - 250ml","p":1.39,"u":"5,56 €/L","img":"https://fd5-photos.leclercdrive.fr/image.ashx?id=2331700&use=l&cat=p&typeid=i","cat":284609},{"id":31936,"n":"Spray coiffant Vitanove Fixation extrême - 250ml","p":1.43,"u":"5,72 €/L","img":"https://fd5-photos.leclercdrive.fr/image.ashx?id=2331703&use=l&cat=p&typeid=i","cat":284609},{"id":31937,"n":"Laque Vitanove Fixation normale 300ml","p":1.95,"u":"6,50 €/L","img":"https://fd5-photos.leclercdrive.fr/image.ashx?id=2616739&use=l&cat=p&typeid=i","cat":284609},{"id":31965,"n":"Nettoyant spray Clair Cuisine et salle de bain 750ml","p":1.49,"u":"1,99 €/L","img":"https://fd5-photos.leclercdrive.fr/image.ashx?id=2466151&use=l&cat=p&typeid=i","cat":325357},{"id":31967,"n":"Gel nettoyant Clair Anticalcaire - 500ml","p":1.26,"u":"2,52 €/L","img":"https://fd5-photos.leclercdrive.fr/image.ashx?id=2634872&use=l&cat=p&typeid=i","cat":325362},{"id":31968,"n":"Crème Dépilatoire Siliss Sous la douche - 250ml","p":3.39,"u":"13,56 €/L","img":"https://fd5-photos.leclercdrive.fr/image.ashx?id=2842286&use=l&cat=p&typeid=i","cat":325351},{"id":31970,"n":"Soin visage Carré Homme Anti-âge anti-fatigue Q10- 50ml","p":3.7,"u":"74,00 €/L","img":"https://fd5-photos.leclercdrive.fr/image.ashx?id=2809689&use=l&cat=p&typeid=i","cat":284622},{"id":31976,"n":"Sucre vanillé bio Bio Village 6x7.5g","p":1.85,"u":"41,11 €/KG","img":"https://fd5-photos.leclercdrive.fr/image.ashx?id=2166521&use=l&cat=p&typeid=i","cat":294686},{"id":31981,"n":"Couches bébé Mots d'Enfants T4+ Ultra confort - 9/20kg - x24","p":5.8,"u":"0,24 €/P","img":"https://fd5-photos.leclercdrive.fr/image.ashx?id=2699459&use=l&cat=p&typeid=i","cat":284737},{"id":31982,"n":"Couches bébé Mots d'Enfants -T5 Ultra confort - 11/25kg - x23","p":5.66,"u":"0,25 €/P","img":"https://fd5-photos.leclercdrive.fr/image.ashx?id=2699462&use=l&cat=p&typeid=i","cat":284737},{"id":31983,"n":"Cidre rosé Les Goelleries 2.5%vol. - 75cl","p":2.29,"u":"3,05 €/L","img":"https://fd5-photos.leclercdrive.fr/image.ashx?id=2842295&use=l&cat=p&typeid=i","cat":334880},{"id":31985,"n":"Couches bébé Mots d'Enfants -T4 Ultra confort - 7/18kg - x26","p":5.55,"u":"0,21 €/P","img":"https://fd5-photos.leclercdrive.fr/image.ashx?id=2699456&use=l&cat=p&typeid=i","cat":284737},{"id":31988,"n":"Sachet repas chat Tous mes amis Poissons en gelée - 4x100g","p":1.33,"u":"3,33 €/KG","img":"https://fd5-photos.leclercdrive.fr/image.ashx?id=2043002&use=l&cat=p&typeid=i","cat":285286},{"id":32054,"n":"Eau minérale gazeuse St Diery  Naturelle - 6x50cl","p":1.45,"u":"0,48 €/L","img":"https://fd5-photos.leclercdrive.fr/image.ashx?id=2423532&use=l&cat=p&typeid=i","cat":284536},{"id":32059,"n":"Sachet repas chat Tous mes amis Viande en geléé - 12x100g","p":3.65,"u":"3,04 €/KG","img":"https://fd5-photos.leclercdrive.fr/image.ashx?id=2027598&use=l&cat=p&typeid=i","cat":285286},{"id":32064,"n":"Mousse à raser Carré Homme Sensible - 250ml","p":1.39,"u":"5,56 €/L","img":"https://fd5-photos.leclercdrive.fr/image.ashx?id=2704681&use=l&cat=p&typeid=i","cat":284617},{"id":32087,"n":"Yaourts vanille Soignon au lait de chèvre - 4x125g","p":2.6,"u":"5,20 €/KG","img":"https://fd5-photos.leclercdrive.fr/image.ashx?id=2518247&use=l&cat=p&typeid=i","cat":314998},{"id":32093,"n":"Poulet rôti Marie Pommes de terres fondantes 900g","p":4.43,"u":"4,92 €/KG","img":"https://fd5-photos.leclercdrive.fr/image.ashx?id=2996788&use=l&cat=p&typeid=i","cat":284254},{"id":32098,"n":"Biscuits Dinosaurus Lotus  Chocolat noir - 225g","p":2.15,"u":"9,56 €/KG","img":"https://fd5-photos.leclercdrive.fr/image.ashx?id=2859812&use=l&cat=p&typeid=i","cat":284488},{"id":32103,"n":"Goûter laitier Récré O'Lé Gourdes Chocolat - 4x85g","p":1.91,"u":"5,62 €/KG","img":"https://fd5-photos.leclercdrive.fr/image.ashx?id=3008824&use=l&cat=p&typeid=i","cat":284506},{"id":32104,"n":"Goûter laitier Récré O'Lé Gourdes Saveur Vanille - 4x85g","p":1.94,"u":"5,71 €/KG","img":"https://fd5-photos.leclercdrive.fr/image.ashx?id=3008827&use=l&cat=p&typeid=i","cat":284506},{"id":32115,"n":"Ananas morceaux Découpe fraîche  350g","p":3.35,"u":"9,57 €/KG","img":"https://fd5-photos.leclercdrive.fr/image.ashx?id=635043&use=l&cat=p&typeid=i","cat":290298},{"id":32121,"n":"Champignon Découpe fraîche   170grs","p":3.9,"u":"22,94 €/KG","img":"https://fd5-photos.leclercdrive.fr/image.ashx?id=635019&use=l&cat=p&typeid=i","cat":290299},{"id":32125,"n":"Mélange Fruité Tokapi Fruits et graines - 110g","p":1.65,"u":"15,00 €/KG","img":"https://fd5-photos.leclercdrive.fr/image.ashx?id=2794003&use=l&cat=p&typeid=i","cat":284448},{"id":32129,"n":"AOC Entre-Deux-Mers vin blanc Chantet Blanet - BIB 3L","p":12.99,"u":"4,33 €/L","img":"https://fd5-photos.leclercdrive.fr/image.ashx?id=2895783&use=l&cat=p&typeid=i","cat":289560},{"id":32144,"n":"Lait demi-écrémé Grandlait Candia Bouteille - 50cl","p":1.1,"u":"2,20 €/L","img":"https://fd5-photos.leclercdrive.fr/image.ashx?id=2915125&use=l&cat=p&typeid=i","cat":284377},{"id":32145,"n":"Beurre de Baratte d'Isigny NRT AOP Demi-sel 80% MG 250g","p":3.08,"u":"12,32 €/KG","img":"https://fd5-photos.leclercdrive.fr/image.ashx?id=2657289&use=l&cat=p&typeid=i","cat":284379},{"id":32152,"n":"Ardoise double face Esquisse Rouge - Feutre et effacette","p":1.55,"img":"https://fd5-photos.leclercdrive.fr/image.ashx?id=2943334&use=l&cat=p&typeid=i","cat":334133},{"id":32162,"n":"Protège-document Anis - A4 - 120 vues","p":3.49,"img":"https://fd5-photos.leclercdrive.fr/image.ashx?id=1698751&use=l&cat=p&typeid=i","cat":284745},{"id":32163,"n":"Protège-documents Rouge - A4 - 120 vues","p":3.49,"img":"https://fd5-photos.leclercdrive.fr/image.ashx?id=2943340&use=l&cat=p&typeid=i","cat":284745},{"id":32181,"n":"Trousse dentaire Petit Dentamyl 2-6ans","p":2.5,"img":"https://fd5-photos.leclercdrive.fr/image.ashx?id=2072888&use=l&cat=p&typeid=i","cat":288897},{"id":32182,"n":"Trousse dentaire Petit Dentamyl 2-6ans","p":2.5,"img":"https://fd5-photos.leclercdrive.fr/image.ashx?id=2153159&use=l&cat=p&typeid=i","cat":288897},{"id":32183,"n":"Couches bébé Mots d'Enfants T4+ Douceur - 9/20kg - x70 changes","p":10.8,"u":"0,15 €/P","img":"https://fd5-photos.leclercdrive.fr/image.ashx?id=2904574&use=l&cat=p&typeid=i","cat":284737},{"id":32186,"n":"Couches bébé Mots d'Enfants T5 Douceur - 11/25kg - x66","p":10.7,"u":"0,16 €/P","img":"https://fd5-photos.leclercdrive.fr/image.ashx?id=2907195&use=l&cat=p&typeid=i","cat":284737},{"id":32202,"n":"Couches bébé Mots d'Enfants T3 Douceur - 4/9kg - x90 changes","p":11.4,"u":"0,13 €/P","img":"https://fd5-photos.leclercdrive.fr/image.ashx?id=2904571&use=l&cat=p&typeid=i","cat":284737},{"id":32213,"n":"Bacon fumé Herta Barquette 100g","p":1.88,"u":"18,80 €/KG","img":"https://fd5-photos.leclercdrive.fr/image.ashx?id=2876236&use=l&cat=p&typeid=i","cat":316011},{"id":32247,"n":"Baguette Tradition 3x250g + 1 baguette offerte","p":3.15,"u":"3,15 €/KG","img":"https://fd5-photos.leclercdrive.fr/image.ashx?id=2442057&use=l&cat=p&typeid=i","cat":284359},{"id":32255,"n":"Déodorant Manava Pierre d'alun/Aloé véra - 200ml","p":1.44,"u":"7,20 €/L","img":"https://fd5-photos.leclercdrive.fr/image.ashx?id=2710494&use=l&cat=p&typeid=i","cat":284595},{"id":32258,"n":"Couches bébé Mots d'Enfants -T3 Ultra confort - 4/9kg - x29","p":5.99,"u":"0,21 €/P","img":"https://fd5-photos.leclercdrive.fr/image.ashx?id=2699453&use=l&cat=p&typeid=i","cat":284737},{"id":32267,"n":"Emmental fromage rapé Les Croisés - 325g","p":2.65,"u":"8,15 €/KG","img":"https://fd5-photos.leclercdrive.fr/image.ashx?id=2805027&use=l&cat=p&typeid=i","cat":314035},{"id":32268,"n":"Bûche de chèvre Les Croisés Non affiné 19%mg - 150g","p":1.89,"u":"12,60 €/KG","img":"https://fd5-photos.leclercdrive.fr/image.ashx?id=2919613&use=l&cat=p&typeid=i","cat":314031},{"id":32269,"n":"Maasdam fromage bloc  Les Croisés - 330g","p":2.47,"u":"7,48 €/KG","img":"https://fd5-photos.leclercdrive.fr/image.ashx?id=2081690&use=l&cat=p&typeid=i","cat":314034},{"id":32271,"n":"Pizza Turini Jambon emmental - 200g","p":1.22,"u":"6,10 €/KG","img":"https://fd5-photos.leclercdrive.fr/image.ashx?id=3010581&use=l&cat=p&typeid=i","cat":333679},{"id":32280,"n":"Vin blanc Domaine Pietrella Corse - 75cl","p":10.58,"u":"14,11 €/L","img":"https://fd5-photos.leclercdrive.fr/image.ashx?id=830136&use=l&cat=p&typeid=i","cat":289557},{"id":32286,"n":"Papillons d'Alsace NRT 250g","p":1.39,"u":"5,56 €/KG","img":"https://fd5-photos.leclercdrive.fr/image.ashx?id=2839992&use=l&cat=p&typeid=i","cat":284427},{"id":32291,"n":"Bonbons sans sucres Confiséo Aux plantes - 150g","p":2.49,"u":"16,60 €/KG","img":"https://fd5-photos.leclercdrive.fr/image.ashx?id=2934700&use=l&cat=p&typeid=i","cat":304252},{"id":32293,"n":"Sucre de canne Tablier Blanc Cassonade 750g","p":1.55,"u":"2,07 €/KG","img":"https://fd5-photos.leclercdrive.fr/image.ashx?id=2501676&use=l&cat=p&typeid=i","cat":284502},{"id":32301,"n":"Biscuit Petit beurre P'tit Déli Tablette chocolat blanc - 150g","p":1.49,"u":"9,93 €/KG","img":"https://fd5-photos.leclercdrive.fr/image.ashx?id=2517772&use=l&cat=p&typeid=i","cat":284488},{"id":32304,"n":"Aubergines Notre Jardin Grillées 600g","p":3.49,"u":"5,82 €/KG","img":"https://fd5-photos.leclercdrive.fr/image.ashx?id=2255307&use=l&cat=p&typeid=i","cat":319805},{"id":32307,"n":"Le Rossignol Les Croisés 29%mg - 250g","p":2.16,"u":"8,64 €/KG","img":"https://fd5-photos.leclercdrive.fr/image.ashx?id=2343100&use=l&cat=p&typeid=i","cat":329558},{"id":32316,"n":"Gin Brighton's London Dry 37.5%vol - 1L","p":15.69,"u":"15,69 €/L","img":"https://fd5-photos.leclercdrive.fr/image.ashx?id=2907189&use=l&cat=p&typeid=i","cat":284550},{"id":32319,"n":"Pétillant Gibus Pomme pêche sans alcool 75cl","p":2.45,"u":"3,27 €/L","img":"https://fd5-photos.leclercdrive.fr/image.ashx?id=1887592&use=l&cat=p&typeid=i","cat":289460},{"id":32320,"n":"AOC Champagne Blanc de Blancs Brut Pol Carson - 75cl","p":21.99,"u":"29,32 €/L","img":"https://fd5-photos.leclercdrive.fr/image.ashx?id=2994809&use=l&cat=p&typeid=i","cat":284542},{"id":32322,"n":"AOC Crémant de Limoux brut rosé Prieur Barsanne - 75cl","p":5.75,"u":"7,67 €/L","img":"https://fd5-photos.leclercdrive.fr/image.ashx?id=2671405&use=l&cat=p&typeid=i","cat":284545},{"id":32335,"n":"100% Pur jus d'orange Jafaden Très pulpé - 1L","p":2.61,"u":"2,61 €/L","img":"https://fd5-photos.leclercdrive.fr/image.ashx?id=2869272&use=l&cat=p&typeid=i","cat":284521},{"id":32339,"n":"Sirop Frucci Pamplemousse Rose - 75cl","p":3.65,"u":"4,87 €/L","img":"https://fd5-photos.leclercdrive.fr/image.ashx?id=2909900&use=l&cat=p&typeid=i","cat":295020},{"id":32352,"n":"Emmental fromage râpé bio Bio village - 200g","p":2.31,"u":"11,55 €/KG","img":"https://fd5-photos.leclercdrive.fr/image.ashx?id=1972558&use=l&cat=p&typeid=i","cat":314035},{"id":32353,"n":"Mozzarella Les Croisés - 3x125g","p":2.75,"u":"7,33 €/KG","img":"https://fd5-photos.leclercdrive.fr/image.ashx?id=2130008&use=l&cat=p&typeid=i","cat":314026},{"id":32357,"n":"Yaourts en gourde Délisse 3 Abricots + 3 Fraises - 6x90g","p":2.89,"u":"5,35 €/KG","img":"https://fd5-photos.leclercdrive.fr/image.ashx?id=2699565&use=l&cat=p&typeid=i","cat":284415},{"id":32371,"n":"Petits pots  Babybio Bio Carotte quinoa - 8mois 2x200g","p":2.57,"u":"6,43 €/KG","img":"https://fd5-photos.leclercdrive.fr/image.ashx?id=2834512&use=l&cat=p&typeid=i","cat":312239},{"id":32372,"n":"Petits pots Babybio Bio Légumes veau - 8 mois 2x200g","p":3.22,"u":"8,05 €/KG","img":"https://fd5-photos.leclercdrive.fr/image.ashx?id=2838308&use=l&cat=p&typeid=i","cat":312236},{"id":32373,"n":"Petits pots Babybio Bio Légume canard - 8mois 2x200g","p":3.19,"u":"15,95 €/KG","img":"https://fd5-photos.leclercdrive.fr/image.ashx?id=2912200&use=l&cat=p&typeid=i","cat":312236},{"id":32380,"n":"Farine de blé Eco+ 1kg","p":0.57,"u":"0,57 €/KG","img":"https://fd5-photos.leclercdrive.fr/image.ashx?id=2694416&use=l&cat=p&typeid=i","cat":284503},{"id":32385,"n":"Asperges blanches très grosses En bocal - 395G","p":5.45,"u":"13,80 €/KG","img":"https://fd5-photos.leclercdrive.fr/image.ashx?id=2049013&use=l&cat=p&typeid=i","cat":312611},{"id":32386,"n":"Mélange forestier Notre Jardin 225g","p":2.57,"u":"11,42 €/KG","img":"https://fd5-photos.leclercdrive.fr/image.ashx?id=2804329&use=l&cat=p&typeid=i","cat":312612},{"id":32387,"n":"Ratatouille Notre Jardin A la provençale - 375g","p":1.06,"u":"2,83 €/KG","img":"https://fd5-photos.leclercdrive.fr/image.ashx?id=2526294&use=l&cat=p&typeid=i","cat":312612},{"id":32388,"n":"Maïs Notre Jardin Aux 2 poivrons - 270g","p":1.19,"u":"4,41 €/KG","img":"https://fd5-photos.leclercdrive.fr/image.ashx?id=2988057&use=l&cat=p&typeid=i","cat":312611},{"id":32389,"n":"Cuisse poulet blanc Volandrie x2 - 500g","p":2.85,"u":"5,70 €/KG","img":"https://fd5-photos.leclercdrive.fr/image.ashx?id=2647880&use=l&cat=p&typeid=i","cat":284336},{"id":32390,"n":"Cuisse poulet jaune Volandrie x2 - 500g","p":2.85,"u":"5,70 €/KG","img":"https://fd5-photos.leclercdrive.fr/image.ashx?id=2804187&use=l&cat=p&typeid=i","cat":284336},{"id":32391,"n":"Poulet blanc St Charmin Entier - 1.25kg","p":8.99,"pp":7.19,"u":"5,75 €/KG","img":"https://fd5-photos.leclercdrive.fr/image.ashx?id=2486092&use=l&cat=p&typeid=i","cat":284336},{"id":32392,"n":"Cuisse de poulet St Charmin Blanc Val de Loire x2 - 480g","p":4.08,"u":"8,50 €/KG","img":"https://fd5-photos.leclercdrive.fr/image.ashx?id=1921500&use=l&cat=p&typeid=i","cat":284336},{"id":32393,"n":"Filet de poulet St Charmin Blanc Val de Loire x2 - 240g","p":5.49,"u":"22,88 €/KG","img":"https://fd5-photos.leclercdrive.fr/image.ashx?id=1921506&use=l&cat=p&typeid=i","cat":284336},{"id":32417,"n":"Cahier Esquisse - 96 pages 24x32cm","p":1.49,"img":"https://fd5-photos.leclercdrive.fr/image.ashx?id=2943349&use=l&cat=p&typeid=i","cat":284697},{"id":32436,"n":"AOP Côtes du Rhône rosé Cellier des Dauphins - BIB 3L","p":11.2,"u":"3,73 €/L","img":"https://fd5-photos.leclercdrive.fr/image.ashx?id=2829985&use=l&cat=p&typeid=i","cat":289560},{"id":32444,"n":"AOP Cabernet d'Anjou vin rosé  Soupçon de Fruit  - 75cl","p":5.66,"u":"7,55 €/L","img":"https://fd5-photos.leclercdrive.fr/image.ashx?id=2432388&use=l&cat=p&typeid=i","cat":289558},{"id":32452,"n":"Lait de montagne Délisse UHT Bouteille -  6x1L","p":6.66,"u":"1,11 €/L","img":"https://fd5-photos.leclercdrive.fr/image.ashx?id=2929937&use=l&cat=p&typeid=i","cat":284377},{"id":32453,"n":"Lait de montagne Délisse Brique UHT -  6x1L","p":6.54,"u":"1,09 €/L","img":"https://fd5-photos.leclercdrive.fr/image.ashx?id=2366289&use=l&cat=p&typeid=i","cat":284377},{"id":32473,"n":"Sacs collecteur 160L Poubel'sak x10","p":4.43,"u":"0,44 €/P","img":"https://fd5-photos.leclercdrive.fr/image.ashx?id=1867456&use=l&cat=p&typeid=i","cat":285168},{"id":32476,"n":"Sacs poubelles 10L Poubel'sak Blanc - x20","p":0.68,"u":"0,03 €/P","img":"https://fd5-photos.leclercdrive.fr/image.ashx?id=1893430&use=l&cat=p&typeid=i","cat":285168},{"id":32477,"n":"Protège-document Turquoise - A4 - 120 vues","p":3.49,"img":"https://fd5-photos.leclercdrive.fr/image.ashx?id=1698754&use=l&cat=p&typeid=i","cat":284745},{"id":32492,"n":"Crème glacée L'Angelys Vanille - 450g","p":5.37,"u":"11,93 €/KG","img":"https://fd5-photos.leclercdrive.fr/image.ashx?id=2963574&use=l&cat=p&typeid=i","cat":284263},{"id":32493,"n":"Crème glacée L'Angelys Caramel beurre salé - 450g","p":4.4,"u":"9,78 €/KG","img":"https://fd5-photos.leclercdrive.fr/image.ashx?id=2883188&use=l&cat=p&typeid=i","cat":284263},{"id":32497,"n":"Recharge Savon Mains Dettol Parfum Citron 250ml","p":3.38,"u":"13,52 €/L","img":"https://fd5-photos.leclercdrive.fr/image.ashx?id=2962020&use=l&cat=p&typeid=i","cat":284597},{"id":32516,"n":"Saumon fumé Bio Bio Village Atlantique x4T - 120g","p":5.77,"u":"48,08 €/KG","img":"https://fd5-photos.leclercdrive.fr/image.ashx?id=2627209&use=l&cat=p&typeid=i","cat":285188},{"id":32523,"n":"Endive  1 p","p":0.49,"img":"https://fd5-photos.leclercdrive.fr/image.ashx?id=657630&use=l&cat=p&typeid=i","cat":284352},{"id":32555,"n":"Fromage Maasdam Les Croisés tranches x14 - 27.1%mg - 350g","p":3.23,"u":"9,23 €/KG","img":"https://fd5-photos.leclercdrive.fr/image.ashx?id=2026322&use=l&cat=p&typeid=i","cat":314028},{"id":32556,"n":"Gouda Les Croisés 30.5%mg portion - 250g","p":3.25,"u":"13,00 €/KG","img":"https://fd5-photos.leclercdrive.fr/image.ashx?id=2900121&use=l&cat=p&typeid=i","cat":314034},{"id":32557,"n":"Edam Les Croisés 23.7%mg portion - 250g","p":3.09,"u":"12,36 €/KG","img":"https://fd5-photos.leclercdrive.fr/image.ashx?id=2900124&use=l&cat=p&typeid=i","cat":314034},{"id":32558,"n":"Mimolette Les Croisés 23.7%mg portion - 250g","p":2.97,"u":"11,88 €/KG","img":"https://fd5-photos.leclercdrive.fr/image.ashx?id=2796049&use=l&cat=p&typeid=i","cat":314034},{"id":32631,"n":"Biscuits palmier Bio Village Bio - 100g","p":1.27,"u":"12,70 €/KG","img":"https://fd5-photos.leclercdrive.fr/image.ashx?id=2610729&use=l&cat=p&typeid=i","cat":284487},{"id":32643,"n":"Pruneaux d'Agen Couleurs Vives Dénoyautés - 500g","p":3.99,"u":"7,98 €/KG","img":"https://fd5-photos.leclercdrive.fr/image.ashx?id=2124107&use=l&cat=p&typeid=i","cat":284357},{"id":32663,"n":"Endive à braiser   4p","p":2.55,"u":"0,64 €/P","img":"https://fd5-photos.leclercdrive.fr/image.ashx?id=641572&use=l&cat=p&typeid=i","cat":284352},{"id":32690,"n":"Tranches de fromage Leerdammer Le Léger - 8 Tranches - 200g","p":3.29,"u":"16,45 €/KG","img":"https://fd5-photos.leclercdrive.fr/image.ashx?id=2507581&use=l&cat=p&typeid=i","cat":314028},{"id":32703,"n":"Fondant chocolat Gü Dessert 2x100g","p":3.3,"u":"16,50 €/KG","img":"https://fd5-photos.leclercdrive.fr/image.ashx?id=2851273&use=l&cat=p&typeid=i","cat":284419},{"id":32707,"n":"Poisson pané  Cabillaud Findus MSC x4 - 400g","p":6.17,"u":"15,43 €/KG","img":"https://fd5-photos.leclercdrive.fr/image.ashx?id=2650666&use=l&cat=p&typeid=i","cat":319788},{"id":32724,"n":"Pain grillé bio Bio Village Céréales et graines - 225g","p":1.59,"u":"7,07 €/KG","img":"https://fd5-photos.leclercdrive.fr/image.ashx?id=2595119&use=l&cat=p&typeid=i","cat":284479},{"id":32728,"n":"Lait demi écrémé Eco+ Brique 1L","p":0.92,"u":"0,92 €/L","img":"https://fd5-photos.leclercdrive.fr/image.ashx?id=2925952&use=l&cat=p&typeid=i","cat":284377},{"id":32765,"n":"Bonbons Copains Copines Planch' acid goût fruit 225g","p":1.11,"u":"4,93 €/KG","img":"https://fd5-photos.leclercdrive.fr/image.ashx?id=2934709&use=l&cat=p&typeid=i","cat":304250},{"id":32786,"n":"Déodorant bille Manava Pierre d'alun - 50ml","p":0.99,"u":"19,80 €/L","img":"https://fd5-photos.leclercdrive.fr/image.ashx?id=2481219&use=l&cat=p&typeid=i","cat":284595},{"id":32802,"n":"Coeur de laitue Florette Florette - 320g","p":2.7,"u":"8,44 €/KG","img":"https://fd5-photos.leclercdrive.fr/image.ashx?id=2090057&use=l&cat=p&typeid=i","cat":284353},{"id":32804,"n":"Poulet jaune St Charmin Val de Loire - 1.25kg","p":8.99,"pp":7.19,"u":"5,75 €/KG","img":"https://fd5-photos.leclercdrive.fr/image.ashx?id=2933304&use=l&cat=p&typeid=i","cat":284336},{"id":32806,"n":"Cuisse poulet jaune St Charmin Val de Loire x2 - 480g","p":4.08,"u":"8,50 €/KG","img":"https://fd5-photos.leclercdrive.fr/image.ashx?id=2933307&use=l&cat=p&typeid=i","cat":284336},{"id":32809,"n":"Filets de poulet St Charmin Val de Loire x2 - 240g","p":5.49,"u":"22,88 €/KG","img":"https://fd5-photos.leclercdrive.fr/image.ashx?id=2933310&use=l&cat=p&typeid=i","cat":284336},{"id":32817,"n":"Eau minérale Mont Blanc 6x1.5L","p":3.36,"u":"0,37 €/L","img":"https://fd5-photos.leclercdrive.fr/image.ashx?id=2401110&use=l&cat=p&typeid=i","cat":284535},{"id":32829,"n":"Litière chats Tous mes Amis Optimale - 5L","p":4.5,"u":"0,90 €/L","img":"https://fd5-photos.leclercdrive.fr/image.ashx?id=2055220&use=l&cat=p&typeid=i","cat":284683},{"id":32841,"n":"Magret de canard gras Piazza volailles - 360g","p":10.85,"u":"28,55 €/KG","img":"https://fd5-photos.leclercdrive.fr/image.ashx?id=643153&use=l&cat=p&typeid=i","cat":284339},{"id":32842,"n":"Haut de cuisse de poulet Pizza volailles - 750g","p":5.89,"u":"7,85 €/KG","img":"https://fd5-photos.leclercdrive.fr/image.ashx?id=646941&use=l&cat=p&typeid=i","cat":284336},{"id":32878,"n":"Biscuits fins P'tit Déli Assortiment - 400g","p":4.57,"u":"11,43 €/KG","img":"https://fd5-photos.leclercdrive.fr/image.ashx?id=2563154&use=l&cat=p&typeid=i","cat":284490},{"id":32901,"n":"Escalopes de dinde Volandrie x2 - 240g","p":3.49,"u":"14,54 €/KG","img":"https://fd5-photos.leclercdrive.fr/image.ashx?id=2048860&use=l&cat=p&typeid=i","cat":284337},{"id":32902,"n":"Escalope de dinde Volandrie Extra fines x2 - 240g","p":3.49,"u":"14,54 €/KG","img":"https://fd5-photos.leclercdrive.fr/image.ashx?id=2048863&use=l&cat=p&typeid=i","cat":284337},{"id":32915,"n":"Oignons frits Colona 100g","p":1.42,"u":"14,20 €/KG","img":"https://fd5-photos.leclercdrive.fr/image.ashx?id=2687230&use=l&cat=p&typeid=i","cat":298297},{"id":32925,"n":"Levure boulangère 42g","p":0.75,"u":"17,86 €/KG","img":"https://fd5-photos.leclercdrive.fr/image.ashx?id=2352489&use=l&cat=p&typeid=i","cat":294686},{"id":32934,"n":"Bière blanche 1664 Blanc 5° - 12x25cl","p":8.94,"u":"2,98 €/L","img":"https://fd5-photos.leclercdrive.fr/image.ashx?id=2886696&use=l&cat=p&typeid=i","cat":334878},{"id":32949,"n":"Gel Douche Fa Cap tonique mixte flacon- 250ml","p":1.69,"u":"6,76 €/L","img":"https://fd5-photos.leclercdrive.fr/image.ashx?id=2995418&use=l&cat=p&typeid=i","cat":284594},{"id":32954,"n":"Bûche glacée Eskiss Poire Chocolat - 549g","p":5.13,"u":"9,34 €/KG","img":"https://fd5-photos.leclercdrive.fr/image.ashx?id=2968988&use=l&cat=p&typeid=i","cat":284266},{"id":32957,"n":"Poitrine fumée Herta 2x100g","p":2.84,"u":"14,20 €/KG","img":"https://fd5-photos.leclercdrive.fr/image.ashx?id=2787773&use=l&cat=p&typeid=i","cat":316011},{"id":32969,"n":"Mousse à raser Carré Homme Menthol 250ml","p":1.39,"u":"5,56 €/L","img":"https://fd5-photos.leclercdrive.fr/image.ashx?id=2704705&use=l&cat=p&typeid=i","cat":284617},{"id":32970,"n":"Lingettes Bionaïa Démaquillantes Bio x25","p":1.04,"u":"0,04 €/P","img":"https://fd5-photos.leclercdrive.fr/image.ashx?id=2376025&use=l&cat=p&typeid=i","cat":284603},{"id":32971,"n":"Mousse à raser Carré Homme Protectrice 250ml","p":1.12,"u":"4,48 €/L","img":"https://fd5-photos.leclercdrive.fr/image.ashx?id=2842289&use=l&cat=p&typeid=i","cat":284617},{"id":32972,"n":"Gel nettoyant Inell Visage 3 en 1 - 150ml","p":2.95,"u":"19,67 €/L","img":"https://fd5-photos.leclercdrive.fr/image.ashx?id=2644849&use=l&cat=p&typeid=i","cat":284603},{"id":32973,"n":"Eau micellaire Inell 500ml","p":2.36,"u":"4,72 €/L","img":"https://fd5-photos.leclercdrive.fr/image.ashx?id=1938870&use=l&cat=p&typeid=i","cat":284603},{"id":32981,"n":"Biscuits sec thé P'tit Déli 340g","p":1.21,"u":"3,56 €/KG","img":"https://fd5-photos.leclercdrive.fr/image.ashx?id=2679488&use=l&cat=p&typeid=i","cat":284487},{"id":32982,"n":"Pâtes coquillettes Turini Les 3 min - 1kg","p":1.43,"u":"1,43 €/KG","img":"https://fd5-photos.leclercdrive.fr/image.ashx?id=2607530&use=l&cat=p&typeid=i","cat":284427},{"id":32985,"n":"Riz long Comptoir du Grain Cuisson rapide - 2kg","p":3.36,"u":"1,68 €/KG","img":"https://fd5-photos.leclercdrive.fr/image.ashx?id=2226197&use=l&cat=p&typeid=i","cat":284428},{"id":32986,"n":"Pâtes penne Turini Les 3 min - 500g","p":0.99,"u":"1,98 €/KG","img":"https://fd5-photos.leclercdrive.fr/image.ashx?id=2744240&use=l&cat=p&typeid=i","cat":284427},{"id":33004,"n":"Mousse au chocolat Marie Morin A l'ancienne - 2x100g","p":3.36,"u":"16,80 €/KG","img":"https://fd5-photos.leclercdrive.fr/image.ashx?id=2631687&use=l&cat=p&typeid=i","cat":284417},{"id":33017,"n":"Eau gazeuse  Badoit rouge fortement pétillante - 6x1l","p":3.53,"u":"0,59 €/L","img":"https://fd5-photos.leclercdrive.fr/image.ashx?id=2831783&use=l&cat=p&typeid=i","cat":284536},{"id":33019,"n":"Crème Nourrissante Nivea Visage Corps Mains - 150ml","p":1.88,"u":"12,53 €/L","img":"https://fd5-photos.leclercdrive.fr/image.ashx?id=2600536&use=l&cat=p&typeid=i","cat":325350},{"id":33027,"n":"Roti de boeuf cuit Tradilège VBF - 120g","p":3.49,"u":"29,08 €/KG","img":"https://fd5-photos.leclercdrive.fr/image.ashx?id=2753584&use=l&cat=p&typeid=i","cat":316009},{"id":33034,"n":"AOC Crémant Bourgogne brut Veuve Ambal - Tastevine - 75cl","p":8.47,"u":"11,29 €/L","img":"https://fd5-photos.leclercdrive.fr/image.ashx?id=1965240&use=l&cat=p&typeid=i","cat":284545},{"id":33036,"n":"Beurre allégé Les Croisés Doux - 60% MG - 250g","p":1.87,"u":"7,48 €/KG","img":"https://fd5-photos.leclercdrive.fr/image.ashx?id=2893319&use=l&cat=p&typeid=i","cat":284379},{"id":33046,"n":"Tuiles Tokapi Epicé - 170g","p":1.39,"u":"8,18 €/KG","img":"https://fd5-photos.leclercdrive.fr/image.ashx?id=2641277&use=l&cat=p&typeid=i","cat":287899},{"id":33047,"n":"AOC Bordeaux vin rouge Chantet Blanet - BIB 5L","p":15.49,"u":"3,10 €/L","img":"https://fd5-photos.leclercdrive.fr/image.ashx?id=2952391&use=l&cat=p&typeid=i","cat":289560},{"id":33049,"n":"Salade Notre Jardin Laitue iceberg - 90g","p":0.59,"u":"6,56 €/KG","img":"https://fd5-photos.leclercdrive.fr/image.ashx?id=2662586&use=l&cat=p&typeid=i","cat":284353},{"id":33063,"n":"Lait de toilette Mots d'Enfants Extra-doux - 750ml","p":3.69,"u":"4,92 €/L","img":"https://fd5-photos.leclercdrive.fr/image.ashx?id=2266495&use=l&cat=p&typeid=i","cat":284741},{"id":33097,"n":"Steak haché façon bouchère 560g Férial - 15%mg - X4","p":9.45,"u":"16,88 €/KG","img":"https://fd5-photos.leclercdrive.fr/image.ashx?id=3004660&use=l&cat=p&typeid=i","cat":319778},{"id":33098,"n":"Viande hachée Férial 15%mg - 400G","p":5.49,"u":"13,73 €/KG","img":"https://fd5-photos.leclercdrive.fr/image.ashx?id=2966517&use=l&cat=p&typeid=i","cat":319779},{"id":33113,"n":"Courgette  1.5kg","p":5.6,"u":"3,73 €/KG","img":"https://fd5-photos.leclercdrive.fr/image.ashx?id=1632027&use=l&cat=p&typeid=i","cat":284352},{"id":33117,"n":"Marrons glacés Artisan Provençal - 160g","p":11.42,"u":"71,38 €/KG","img":"https://fd5-photos.leclercdrive.fr/image.ashx?id=1611470&use=l&cat=p&typeid=i","cat":327603},{"id":33150,"n":"Blanquette Weight Watchers Poulet 300g","p":3.14,"u":"10,47 €/KG","img":"https://fd5-photos.leclercdrive.fr/image.ashx?id=2880739&use=l&cat=p&typeid=i","cat":333665},{"id":33151,"n":"Préparation culinaire Soja Délisse - 5%mg - 3x20cl","p":1.89,"u":"3,15 €/L","img":"https://fd5-photos.leclercdrive.fr/image.ashx?id=2970741&use=l&cat=p&typeid=i","cat":316069},{"id":33155,"n":"Pommes Ariane 1.5kg","p":3.57,"u":"2,38 €/KG","img":"https://fd5-photos.leclercdrive.fr/image.ashx?id=1635354&use=l&cat=p&typeid=i","cat":284356},{"id":33197,"n":"Café moulu Plantation Colombie - 250g","p":3.87,"u":"15,48 €/KG","img":"https://fd5-photos.leclercdrive.fr/image.ashx?id=2824268&use=l&cat=p&typeid=i","cat":284750},{"id":33199,"n":"Sirop Eco+ Fraise - 1L","p":2.43,"u":"2,43 €/L","img":"https://fd5-photos.leclercdrive.fr/image.ashx?id=2959701&use=l&cat=p&typeid=i","cat":295020},{"id":33200,"n":"Sirop menthe Eco+ 1L","p":1.41,"u":"1,41 €/L","img":"https://fd5-photos.leclercdrive.fr/image.ashx?id=2909831&use=l&cat=p&typeid=i","cat":295020},{"id":33201,"n":"Sirop Eco+ Pêche - 1L","p":2.58,"u":"2,58 €/L","img":"https://fd5-photos.leclercdrive.fr/image.ashx?id=2901422&use=l&cat=p&typeid=i","cat":295020},{"id":33207,"n":"Gaufres fourrées vergeoises NRT 280g","p":3.59,"u":"12,82 €/KG","img":"https://fd5-photos.leclercdrive.fr/image.ashx?id=790418&use=l&cat=p&typeid=i","cat":294777},{"id":33210,"n":"Panais  500g","p":3.25,"u":"6,50 €/KG","img":"https://fd5-photos.leclercdrive.fr/image.ashx?id=1632611&use=l&cat=p&typeid=i","cat":284352},{"id":33219,"n":"Truite fumée Ovive Aquitaine 4 tranches - 120g","p":5.38,"u":"44,83 €/KG","img":"https://fd5-photos.leclercdrive.fr/image.ashx?id=2996941&use=l&cat=p&typeid=i","cat":285188},{"id":33236,"n":"Jambon Tranché Fin FleuryMichon à l'italienne x6 - 180g","p":3.51,"u":"19,50 €/KG","img":"https://fd5-photos.leclercdrive.fr/image.ashx?id=2889292&use=l&cat=p&typeid=i","cat":316009},{"id":33251,"n":"Déodorant Manava peux sensibles Anti-transpirant spray - 200ml","p":1.29,"u":"6,45 €/L","img":"https://fd5-photos.leclercdrive.fr/image.ashx?id=2886454&use=l&cat=p&typeid=i","cat":284595},{"id":33252,"n":"Mini feuilletés Côté Table Escargot x16 - 170g","p":5.49,"u":"32,29 €/KG","img":"https://fd5-photos.leclercdrive.fr/image.ashx?id=2600408&use=l&cat=p&typeid=i","cat":319774},{"id":33255,"n":"Pâtes farfalle Turini Les 3 min - 500g","p":1.07,"u":"2,14 €/KG","img":"https://fd5-photos.leclercdrive.fr/image.ashx?id=2669723&use=l&cat=p&typeid=i","cat":284427},{"id":33256,"n":"Sachet cuisson Rustica Poulet herbes de provence - 34g","p":0.6,"u":"17,65 €/KG","img":"https://fd5-photos.leclercdrive.fr/image.ashx?id=1886674&use=l&cat=p&typeid=i","cat":288380},{"id":33258,"n":"Sachet cuisson Rustica Poulet ail et oignon - 36g","p":0.59,"u":"16,39 €/KG","img":"https://fd5-photos.leclercdrive.fr/image.ashx?id=1886680&use=l&cat=p&typeid=i","cat":288380},{"id":33259,"n":"Sachet cuisson Rustica Poulet paprika et tomates - 34g","p":0.67,"u":"19,71 €/KG","img":"https://fd5-photos.leclercdrive.fr/image.ashx?id=2578632&use=l&cat=p&typeid=i","cat":288380},{"id":33260,"n":"Sachet cuisson Rustica Porc goût barbecue - 28g","p":0.61,"u":"21,79 €/KG","img":"https://fd5-photos.leclercdrive.fr/image.ashx?id=1886677&use=l&cat=p&typeid=i","cat":288380},{"id":33262,"n":"Céréales Corn Flakes Kellogg's 500g","p":2.31,"u":"4,62 €/KG","img":"https://fd5-photos.leclercdrive.fr/image.ashx?id=2522005&use=l&cat=p&typeid=i","cat":309513},{"id":33264,"n":"Ananas Fruistar En morceaux - 650g","p":6.56,"u":"10,09 €/KG","img":"https://fd5-photos.leclercdrive.fr/image.ashx?id=2185822&use=l&cat=p&typeid=i","cat":284268},{"id":33266,"n":"Céréales Smacks Kellogg's 400g","p":2.29,"u":"5,73 €/KG","img":"https://fd5-photos.leclercdrive.fr/image.ashx?id=2584235&use=l&cat=p&typeid=i","cat":309513},{"id":33268,"n":"Cassolette Côté Table Fruits de mer 2x110g","p":3.99,"u":"18,14 €/KG","img":"https://fd5-photos.leclercdrive.fr/image.ashx?id=2234972&use=l&cat=p&typeid=i","cat":284254},{"id":33269,"n":"Pommes de terre Pom'lisse Grenaille - 450g","p":2.49,"u":"5,53 €/KG","img":"https://fd5-photos.leclercdrive.fr/image.ashx?id=2704708&use=l&cat=p&typeid=i","cat":319792},{"id":33274,"n":"Pâtes spaghetti Turini Les 3 min - 1kg","p":1.55,"u":"1,55 €/KG","img":"https://fd5-photos.leclercdrive.fr/image.ashx?id=2607533&use=l&cat=p&typeid=i","cat":284427},{"id":33278,"n":"AOC Bergerac vin rouge Terrasses d'Autan - BIB 5L","p":14.99,"u":"3,00 €/L","img":"https://fd5-photos.leclercdrive.fr/image.ashx?id=2748049&use=l&cat=p&typeid=i","cat":289560},{"id":33287,"n":"Pâtes Torsettes Turini 3 min - 1kg","p":1.63,"u":"1,63 €/KG","img":"https://fd5-photos.leclercdrive.fr/image.ashx?id=2744237&use=l&cat=p&typeid=i","cat":284427},{"id":33293,"n":"Pruneaux d'Agen Couleurs Vives Pasteurisés - 500g","p":3.39,"u":"6,78 €/KG","img":"https://fd5-photos.leclercdrive.fr/image.ashx?id=2874380&use=l&cat=p&typeid=i","cat":284357},{"id":33297,"n":"Mini fondue Les Croisés Aux 3 fromages - 150g","p":2.25,"u":"15,00 €/KG","img":"https://fd5-photos.leclercdrive.fr/image.ashx?id=2791797&use=l&cat=p&typeid=i","cat":314037},{"id":33299,"n":"Sérum physiologique Mots d'Enfants 5ml x40","p":2.19,"u":"10,95 €/L","img":"https://fd5-photos.leclercdrive.fr/image.ashx?id=3014209&use=l&cat=p&typeid=i","cat":284741},{"id":33301,"n":"Soda light  Pulp'Orange Orange Bouteille - 1,5L","p":1.39,"u":"0,93 €/L","img":"https://fd5-photos.leclercdrive.fr/image.ashx?id=2922412&use=l&cat=p&typeid=i","cat":284532},{"id":33302,"n":"Pâtes cannelloni Turini 250g","p":0.99,"u":"3,96 €/KG","img":"https://fd5-photos.leclercdrive.fr/image.ashx?id=2980468&use=l&cat=p&typeid=i","cat":284427},{"id":33304,"n":"Soja cuisine Bio Village Fluide bio - 3x20cl","p":1.61,"u":"2,68 €/L","img":"https://fd5-photos.leclercdrive.fr/image.ashx?id=2493679&use=l&cat=p&typeid=i","cat":316069},{"id":33305,"n":"Mélange Cocktail Tokapi Ananas et raisins - 120g","p":1.53,"u":"12,75 €/KG","img":"https://fd5-photos.leclercdrive.fr/image.ashx?id=2795559&use=l&cat=p&typeid=i","cat":284448},{"id":33306,"n":"Sucre pure canne Bio Village En poudre bio - 500g","p":1.66,"u":"3,32 €/KG","img":"https://fd5-photos.leclercdrive.fr/image.ashx?id=3010443&use=l&cat=p&typeid=i","cat":284502},{"id":33307,"n":"Semoule de blé fine Comptoir du Grain - 500g","p":0.96,"u":"1,92 €/KG","img":"https://fd5-photos.leclercdrive.fr/image.ashx?id=3012842&use=l&cat=p&typeid=i","cat":284429},{"id":33334,"n":"Crème hydratante Mots d'Enfants Bébé - 100ml","p":2.38,"u":"23,80 €/L","img":"https://fd5-photos.leclercdrive.fr/image.ashx?id=3014218&use=l&cat=p&typeid=i","cat":284741},{"id":33335,"n":"Eau nettoyante Mots d'Enfants Hydratante - 750ml","p":3.15,"u":"4,20 €/L","img":"https://fd5-photos.leclercdrive.fr/image.ashx?id=3015075&use=l&cat=p&typeid=i","cat":284741},{"id":33336,"n":"Gel lavant bébé Mots d'Enfants Corps et cheveux - 750ml","p":3.15,"u":"4,20 €/L","img":"https://fd5-photos.leclercdrive.fr/image.ashx?id=3014224&use=l&cat=p&typeid=i","cat":284740},{"id":33371,"n":"Pizza Reine à cuire  650g","p":7.95,"u":"12,23 €/KG","img":"https://fd5-photos.leclercdrive.fr/image.ashx?id=2124389&use=l&cat=p&typeid=i","cat":333679},{"id":33399,"n":"Pâte d'amande 40% Vahiné Tricolore 150g","p":2.32,"u":"15,47 €/KG","img":"https://fd5-photos.leclercdrive.fr/image.ashx?id=2014370&use=l&cat=p&typeid=i","cat":284504},{"id":33442,"n":"Cocktail fruits de mer Escal 900g","p":11.36,"u":"12,62 €/KG","img":"https://fd5-photos.leclercdrive.fr/image.ashx?id=2438609&use=l&cat=p&typeid=i","cat":319787},{"id":33498,"n":"Jus de pomme pétillant Champomy Gold Pomme Pêche - 75cl","p":3.06,"u":"4,08 €/L","img":"https://fd5-photos.leclercdrive.fr/image.ashx?id=2688629&use=l&cat=p&typeid=i","cat":289460},{"id":33499,"n":"Jus de pomme pétillant Champomy Pink Pomme Raisin - 75cl","p":3.28,"u":"4,37 €/L","img":"https://fd5-photos.leclercdrive.fr/image.ashx?id=2688638&use=l&cat=p&typeid=i","cat":289460},{"id":33503,"n":"Salade & Cie Sodebo Antibes Thon riz - 320g","p":2.99,"u":"9,34 €/KG","img":"https://fd5-photos.leclercdrive.fr/image.ashx?id=2799431&use=l&cat=p&typeid=i","cat":333657},{"id":33577,"n":"Confit d'oignons Labeyrie 50g","p":1.39,"u":"27,80 €/KG","img":"https://fd5-photos.leclercdrive.fr/image.ashx?id=2923510&use=l&cat=p&typeid=i","cat":316008},{"id":33579,"n":"Fromage à tartiner Boursin Echalote ciboulette 10 portions","p":2.84,"u":"17,75 €/KG","img":"https://fd5-photos.leclercdrive.fr/image.ashx?id=2962056&use=l&cat=p&typeid=i","cat":314029},{"id":33582,"n":"Fromage à tartiner Boursin Poivre - 150g","p":2.09,"u":"13,93 €/KG","img":"https://fd5-photos.leclercdrive.fr/image.ashx?id=2962284&use=l&cat=p&typeid=i","cat":314029},{"id":33583,"n":"Dés de fromage salade Boursin Figue et 3 noix - 120g","p":2.33,"u":"19,42 €/KG","img":"https://fd5-photos.leclercdrive.fr/image.ashx?id=2865668&use=l&cat=p&typeid=i","cat":314027},{"id":33594,"n":"Cacahuètes  Benenuts Grillées salées - 220g","p":1.15,"u":"5,23 €/KG","img":"https://fd5-photos.leclercdrive.fr/image.ashx?id=2418762&use=l&cat=p&typeid=i","cat":284448},{"id":33595,"n":"Monster Munch Salé - 85g","p":0.96,"u":"11,29 €/KG","img":"https://fd5-photos.leclercdrive.fr/image.ashx?id=2971598&use=l&cat=p&typeid=i","cat":284449},{"id":33596,"n":"Monster Munch Jambon fromage - 85g","p":1.03,"u":"12,12 €/KG","img":"https://fd5-photos.leclercdrive.fr/image.ashx?id=2971604&use=l&cat=p&typeid=i","cat":284449},{"id":33600,"n":"Monster Munch Ketchup - 85g","p":0.97,"u":"11,41 €/KG","img":"https://fd5-photos.leclercdrive.fr/image.ashx?id=2996932&use=l&cat=p&typeid=i","cat":284449},{"id":33667,"n":"Crème de cassis Auguste Mugniot 15%vol. - 70cl","p":4.89,"u":"6,99 €/L","img":"https://fd5-photos.leclercdrive.fr/image.ashx?id=1211501&use=l&cat=p&typeid=i","cat":286032},{"id":33680,"n":"Croquettes grands chiens Lydog Boeuf Volaille - 14.5kg","p":18.7,"u":"1,29 €/KG","img":"https://fd5-photos.leclercdrive.fr/image.ashx?id=2054975&use=l&cat=p&typeid=i","cat":284672},{"id":33696,"n":"Coq'ailes Maître Coq Grillé - 250g","p":3.47,"u":"13,88 €/KG","img":"https://fd5-photos.leclercdrive.fr/image.ashx?id=2848794&use=l&cat=p&typeid=i","cat":333685},{"id":33744,"n":"AOP Côtes du Rhône vin rouge Bernard Cordelier - 75cl","p":1.99,"u":"2,65 €/L","img":"https://fd5-photos.leclercdrive.fr/image.ashx?id=2967531&use=l&cat=p&typeid=i","cat":289556},{"id":33745,"n":"IGP Pays d'Oc rosé Cinsault  Syrah Ormes de Cambras - BIB 5L","p":16.79,"u":"3,36 €/L","img":"https://fd5-photos.leclercdrive.fr/image.ashx?id=2445118&use=l&cat=p&typeid=i","cat":289560},{"id":33749,"n":"IGP Terres du Midi Listel Vin rosé 12% vol - BIB 3L","p":13.53,"u":"4,51 €/L","img":"https://fd5-photos.leclercdrive.fr/image.ashx?id=2883468&use=l&cat=p&typeid=i","cat":289560},{"id":33754,"n":"Vin de l'Union Européenne blanc François d'Aubigné - 75cl","p":1.99,"u":"2,65 €/L","img":"https://fd5-photos.leclercdrive.fr/image.ashx?id=2753357&use=l&cat=p&typeid=i","cat":289557},{"id":33755,"n":"AOP Monbazillac vin blanc Bernard Cordelier - 75 cl","p":5.99,"u":"7,99 €/L","img":"https://fd5-photos.leclercdrive.fr/image.ashx?id=2970610&use=l&cat=p&typeid=i","cat":289557},{"id":33773,"n":"Biscuits petit dej P'tit Déli  Multi céréales - 400g","p":1.84,"u":"4,60 €/KG","img":"https://fd5-photos.leclercdrive.fr/image.ashx?id=2999505&use=l&cat=p&typeid=i","cat":284491},{"id":33792,"n":"Crème mains bio Bio NaÏa Hydratante - 100ml","p":1.99,"u":"19,90 €/L","img":"https://fd5-photos.leclercdrive.fr/image.ashx?id=2558811&use=l&cat=p&typeid=i","cat":325354},{"id":33801,"n":"Crème protectrice - change Mots d'Enfants - 100ml","p":1.99,"u":"19,90 €/L","img":"https://fd5-photos.leclercdrive.fr/image.ashx?id=2320468&use=l&cat=p&typeid=i","cat":284741},{"id":33802,"n":"Lait Démaquillant bio Bio Naïa Visage 250ml","p":2.56,"u":"10,24 €/L","img":"https://fd5-photos.leclercdrive.fr/image.ashx?id=2399752&use=l&cat=p&typeid=i","cat":284603},{"id":33804,"n":"Déodorant Manava Douceur satin 200ml","p":1.44,"u":"7,20 €/L","img":"https://fd5-photos.leclercdrive.fr/image.ashx?id=2835202&use=l&cat=p&typeid=i","cat":284595},{"id":33805,"n":"Lingettes désinfectantes Clair Anti-bactériennes x40","p":1.05,"u":"0,03 €/P","img":"https://fd5-photos.leclercdrive.fr/image.ashx?id=2768095&use=l&cat=p&typeid=i","cat":325358},{"id":33811,"n":"Pastis de Marseille 45%vol - 1L","p":16.35,"u":"16,35 €/L","img":"https://fd5-photos.leclercdrive.fr/image.ashx?id=2637817&use=l&cat=p&typeid=i","cat":284548},{"id":33816,"n":"Bâtonnets Dentastix Pedigree Moyen chien x56 - 1440g","p":12.52,"u":"8,94 €/KG","img":"https://fd5-photos.leclercdrive.fr/image.ashx?id=2980185&use=l&cat=p&typeid=i","cat":294527},{"id":33820,"n":"Friandises chat Catisfactions Saumon - 60g","p":1.17,"u":"19,50 €/KG","img":"https://fd5-photos.leclercdrive.fr/image.ashx?id=2912605&use=l&cat=p&typeid=i","cat":285285},{"id":33822,"n":"Pina Colada Jafaden  Cocktail sans alcool 1L","p":2.57,"u":"2,57 €/L","img":"https://fd5-photos.leclercdrive.fr/image.ashx?id=2956104&use=l&cat=p&typeid=i","cat":284549},{"id":33824,"n":"Pur jus multifruits Jafaden  Orange Carotte Banane - 1L","p":2.29,"u":"2,29 €/L","img":"https://fd5-photos.leclercdrive.fr/image.ashx?id=2841157&use=l&cat=p&typeid=i","cat":284917},{"id":33847,"n":"Pur jus multifruits Jafaden Orange Ananas Mangue - 1L","p":2.29,"u":"2,29 €/L","img":"https://fd5-photos.leclercdrive.fr/image.ashx?id=2841160&use=l&cat=p&typeid=i","cat":284917},{"id":33848,"n":"Pur jus multifruits Jafaden  Orange Clémentine Banane - 1L","p":2.35,"u":"2,35 €/L","img":"https://fd5-photos.leclercdrive.fr/image.ashx?id=2841163&use=l&cat=p&typeid=i","cat":284917},{"id":33849,"n":"Shampooing bio Bio naïa 250ml","p":1.8,"u":"7,20 €/L","img":"https://fd5-photos.leclercdrive.fr/image.ashx?id=2822117&use=l&cat=p&typeid=i","cat":284606},{"id":33850,"n":"Eponges multi-usage Mamison Vertes - X6","p":1.75,"u":"0,29 €/P","img":"https://fd5-photos.leclercdrive.fr/image.ashx?id=2175768&use=l&cat=p&typeid=i","cat":284667},{"id":33852,"n":"Cubes allume-feu Silex x72 cubes","p":3.05,"u":"0,04 €/P","img":"https://fd5-photos.leclercdrive.fr/image.ashx?id=1304486&use=l&cat=p&typeid=i","cat":300578},{"id":33882,"n":"Farfalle Bio Village Bio Au blé complet - 500g","p":1.95,"u":"3,90 €/KG","img":"https://fd5-photos.leclercdrive.fr/image.ashx?id=2625373&use=l&cat=p&typeid=i","cat":284427},{"id":33885,"n":"Olives noires  Rustica Dénoyautées - 180g","p":1.23,"u":"6,83 €/KG","img":"https://fd5-photos.leclercdrive.fr/image.ashx?id=1698893&use=l&cat=p&typeid=i","cat":284458},{"id":33887,"n":"Pains grillés complet Epi d'or 400g","p":1.57,"u":"3,93 €/KG","img":"https://fd5-photos.leclercdrive.fr/image.ashx?id=2982610&use=l&cat=p&typeid=i","cat":284479},{"id":33889,"n":"Pain précuit Epi d'or Petits pains x6 - 300g","p":0.99,"u":"3,30 €/KG","img":"https://fd5-photos.leclercdrive.fr/image.ashx?id=1905869&use=l&cat=p&typeid=i","cat":325069},{"id":33891,"n":"Paëlla royale Côté Table 300g","p":3.39,"u":"11,30 €/KG","img":"https://fd5-photos.leclercdrive.fr/image.ashx?id=2393872&use=l&cat=p&typeid=i","cat":284953},{"id":33892,"n":"Poule au riz Côté table 300g","p":2.31,"u":"7,70 €/KG","img":"https://fd5-photos.leclercdrive.fr/image.ashx?id=2393875&use=l&cat=p&typeid=i","cat":284953},{"id":33893,"n":"Penne Bio Village  Bio - 500g","p":0.89,"u":"1,78 €/KG","img":"https://fd5-photos.leclercdrive.fr/image.ashx?id=2625370&use=l&cat=p&typeid=i","cat":284427},{"id":33898,"n":"Confit de canard du Sud-Ouest Nos régions ont du talent -225g","p":4.99,"u":"22,18 €/KG","img":"https://fd5-photos.leclercdrive.fr/image.ashx?id=2017274&use=l&cat=p&typeid=i","cat":284339},{"id":33909,"n":"P'tit sablé P'tit Déli Au sel de Guérande 130g","p":1.09,"u":"8,38 €/KG","img":"https://fd5-photos.leclercdrive.fr/image.ashx?id=2666566&use=l&cat=p&typeid=i","cat":284487},{"id":33910,"n":"Biscuit Petit beurre P'tit Déli Chocolat noir pocket - 250g","p":2.39,"u":"9,56 €/KG","img":"https://fd5-photos.leclercdrive.fr/image.ashx?id=2919616&use=l&cat=p&typeid=i","cat":284488},{"id":33914,"n":"Tartines craquante  Sans Gluten - 2x125g","p":2.59,"u":"10,36 €/KG","img":"https://fd5-photos.leclercdrive.fr/image.ashx?id=2518550&use=l&cat=p&typeid=i","cat":318654},{"id":33915,"n":"Veau aux légumes Côté table Barquette 280g","p":2.29,"u":"8,18 €/KG","img":"https://fd5-photos.leclercdrive.fr/image.ashx?id=2476152&use=l&cat=p&typeid=i","cat":284953},{"id":33917,"n":"Thon entier Pêche Océan Huile d'olive - 160g","p":2.29,"u":"14,31 €/KG","img":"https://fd5-photos.leclercdrive.fr/image.ashx?id=2942199&use=l&cat=p&typeid=i","cat":303867},{"id":33918,"n":"Pâtes torsettes Turini Blé complet - 500g","p":0.99,"u":"1,98 €/KG","img":"https://fd5-photos.leclercdrive.fr/image.ashx?id=2607527&use=l&cat=p&typeid=i","cat":284427},{"id":33919,"n":"Son de blé Bio Village Sachet Bio - 250g","p":0.99,"u":"3,96 €/KG","img":"https://fd5-photos.leclercdrive.fr/image.ashx?id=2798383&use=l&cat=p&typeid=i","cat":309512},{"id":33921,"n":"Boisson énergisante X-tense Bouteille - 1L","p":1.8,"u":"1,80 €/L","img":"https://fd5-photos.leclercdrive.fr/image.ashx?id=2919619&use=l&cat=p&typeid=i","cat":284533},{"id":33923,"n":"Filets d'Anchois Pêche Océan Marinés Nature - 100g","p":1.99,"u":"19,90 €/KG","img":"https://fd5-photos.leclercdrive.fr/image.ashx?id=2992513&use=l&cat=p&typeid=i","cat":285190},{"id":33924,"n":"Betterave Notre Jardin Rouge entière - 250g","p":0.65,"u":"2,60 €/KG","img":"https://fd5-photos.leclercdrive.fr/image.ashx?id=2587106&use=l&cat=p&typeid=i","cat":284352},{"id":33925,"n":"Hachés au thon Pêche Océan Albacore à la tomate - 200g","p":2.7,"u":"13,50 €/KG","img":"https://fd5-photos.leclercdrive.fr/image.ashx?id=2953629&use=l&cat=p&typeid=i","cat":284344},{"id":33982,"n":"Soupe de poisson NRT à la Sétoise - 780g","p":3.99,"u":"5,12 €/KG","img":"https://fd5-photos.leclercdrive.fr/image.ashx?id=2834335&use=l&cat=p&typeid=i","cat":285192},{"id":33988,"n":"Bloc WC Syphon Activ' Effect Marine x1","p":1.58,"img":"https://fd5-photos.leclercdrive.fr/image.ashx?id=2302690&use=l&cat=p&typeid=i","cat":284662},{"id":33989,"n":"Coq au vin Côté Table 400g","p":2.54,"u":"6,35 €/KG","img":"https://fd5-photos.leclercdrive.fr/image.ashx?id=2977876&use=l&cat=p&typeid=i","cat":284441},{"id":33992,"n":"Soda Coca-Cola Zéro Cherry  Bouteille - 1,25L","p":1.67,"u":"1,34 €/L","img":"https://fd5-photos.leclercdrive.fr/image.ashx?id=2678158&use=l&cat=p&typeid=i","cat":284530},{"id":34007,"n":"Bâtonnets Dentastix Pedigree  Fresh Moyen chien x7 - 180g","p":2.48,"u":"13,78 €/KG","img":"https://fd5-photos.leclercdrive.fr/image.ashx?id=2850171&use=l&cat=p&typeid=i","cat":294527},{"id":34069,"n":"Pois gourmand  250g","p":3.75,"u":"15,00 €/KG","img":"https://fd5-photos.leclercdrive.fr/image.ashx?id=1633235&use=l&cat=p&typeid=i","cat":284352},{"id":34072,"n":"Tomates cerises mélangées Barquette 400g","p":3.51,"u":"8,78 €/KG","img":"https://fd5-photos.leclercdrive.fr/image.ashx?id=1633238&use=l&cat=p&typeid=i","cat":284352},{"id":34106,"n":"Dosettes café Plantation  Classique - x36 - 250g","p":3.72,"u":"14,88 €/KG","img":"https://fd5-photos.leclercdrive.fr/image.ashx?id=2622109&use=l&cat=p&typeid=i","cat":293238},{"id":34107,"n":"Dosettes café Plantation  Corsé - x36 - 250g","p":3.72,"u":"14,88 €/KG","img":"https://fd5-photos.leclercdrive.fr/image.ashx?id=2622112&use=l&cat=p&typeid=i","cat":293238},{"id":34169,"n":"Porc : Rôti fumé 850g","p":16.18,"u":"19,04 €/KG","img":"https://fd5-photos.leclercdrive.fr/image.ashx?id=2223890&use=l&cat=p&typeid=i","cat":284331},{"id":34175,"n":"Bouillon de boeuf Jardin Bio' Bio cube sans huile palme - x8","p":1.7,"u":"21,25 €/KG","img":"https://fd5-photos.leclercdrive.fr/image.ashx?id=2535532&use=l&cat=p&typeid=i","cat":288379},{"id":34176,"n":"Bouillon de légumes Jardin Bio' Bio cube sans huile palme x10","p":1.91,"u":"21,22 €/KG","img":"https://fd5-photos.leclercdrive.fr/image.ashx?id=2990844&use=l&cat=p&typeid=i","cat":288379},{"id":34177,"n":"Effilés aux legumes Purina One Poulet / Boeufs - 4x85g","p":1.96,"u":"5,76 €/KG","img":"https://fd5-photos.leclercdrive.fr/image.ashx?id=2467483&use=l&cat=p&typeid=i","cat":285286},{"id":34178,"n":"Sachet repas chats Purina One Viandes et Poissons - 4x85g","p":1.93,"u":"5,68 €/KG","img":"https://fd5-photos.leclercdrive.fr/image.ashx?id=2467486&use=l&cat=p&typeid=i","cat":285286},{"id":34183,"n":"Tortilla Tables du monde Oignons 500g","p":2.89,"u":"5,78 €/KG","img":"https://fd5-photos.leclercdrive.fr/image.ashx?id=794123&use=l&cat=p&typeid=i","cat":333673},{"id":34196,"n":"Gratin Fleury Michon Choux-fleur jambon 280g","p":3.5,"u":"12,50 €/KG","img":"https://fd5-photos.leclercdrive.fr/image.ashx?id=3003293&use=l&cat=p&typeid=i","cat":333665},{"id":34199,"n":"Filet poulet jaune Douce France x2 - 300g","p":4.45,"u":"14,83 €/KG","img":"https://fd5-photos.leclercdrive.fr/image.ashx?id=2305326&use=l&cat=p&typeid=i","cat":284336},{"id":34203,"n":"Tortilla Tables du monde Nature 500g","p":2.89,"u":"5,78 €/KG","img":"https://fd5-photos.leclercdrive.fr/image.ashx?id=654051&use=l&cat=p&typeid=i","cat":333673},{"id":34204,"n":"Lait corps bio Bio naïa 250ml","p":3.53,"u":"14,12 €/L","img":"https://fd5-photos.leclercdrive.fr/image.ashx?id=2431131&use=l&cat=p&typeid=i","cat":325349},{"id":34241,"n":"Manchons de poulet Côté Croc Barbecue - 250g","p":2.49,"u":"9,96 €/KG","img":"https://fd5-photos.leclercdrive.fr/image.ashx?id=2560482&use=l&cat=p&typeid=i","cat":333685},{"id":34248,"n":"Chocolats Schoko-bons Kinder 500g","p":7.51,"u":"15,02 €/KG","img":"https://fd5-photos.leclercdrive.fr/image.ashx?id=2323799&use=l&cat=p&typeid=i","cat":327592},{"id":34258,"n":"Bière blonde spéciale 5 Lager Canette - 5%vol. - 50cl","p":0.79,"u":"1,58 €/L","img":"https://fd5-photos.leclercdrive.fr/image.ashx?id=2954094&use=l&cat=p&typeid=i","cat":334853},{"id":34326,"n":"Dosettes café Plantation  Caramel - x10 - 70g","p":1.63,"u":"23,29 €/KG","img":"https://fd5-photos.leclercdrive.fr/image.ashx?id=2824277&use=l&cat=p&typeid=i","cat":293238},{"id":34327,"n":"Dosettes café Plantation Noisette - x10 - 70g","p":1.82,"u":"26,00 €/KG","img":"https://fd5-photos.leclercdrive.fr/image.ashx?id=2664578&use=l&cat=p&typeid=i","cat":293238},{"id":34331,"n":"Boisson à base de vin rosé Very Cerise - 75cl","p":2.93,"u":"3,91 €/L","img":"https://fd5-photos.leclercdrive.fr/image.ashx?id=2443877&use=l&cat=p&typeid=i","cat":304569},{"id":34333,"n":"Boisson à base de vin rosé Very Framboise - 75cl","p":3.16,"u":"4,21 €/L","img":"https://fd5-photos.leclercdrive.fr/image.ashx?id=2446632&use=l&cat=p&typeid=i","cat":304569},{"id":34334,"n":"Boisson à base de vin blanc  Very Pech'- Pêche - 75cl","p":2.97,"u":"3,96 €/L","img":"https://fd5-photos.leclercdrive.fr/image.ashx?id=2443874&use=l&cat=p&typeid=i","cat":304569},{"id":34350,"n":"Shampooing sec Vitanove Cheveux normaux - 150ml","p":1.87,"u":"12,47 €/L","img":"https://fd5-photos.leclercdrive.fr/image.ashx?id=2669720&use=l&cat=p&typeid=i","cat":289143},{"id":34361,"n":"Préparation pain Tablier Blanc Farine pour pain nature - 1kg","p":1.35,"u":"1,35 €/KG","img":"https://fd5-photos.leclercdrive.fr/image.ashx?id=2832951&use=l&cat=p&typeid=i","cat":284503},{"id":34406,"n":"Dosettes café Plantation  Décaféiné - x36 - 250g","p":3.99,"u":"15,96 €/KG","img":"https://fd5-photos.leclercdrive.fr/image.ashx?id=2824274&use=l&cat=p&typeid=i","cat":293238},{"id":34500,"n":"Dosettes café Plantation  Classique - x48 - 336g","p":4.95,"u":"14,73 €/KG","img":"https://fd5-photos.leclercdrive.fr/image.ashx?id=2824271&use=l&cat=p&typeid=i","cat":293238},{"id":34519,"n":"Vin mousseux brut rosé  produit en Allemagne -75cl","p":2.98,"u":"3,97 €/L","img":"https://fd5-photos.leclercdrive.fr/image.ashx?id=2523359&use=l&cat=p&typeid=i","cat":284544},{"id":34521,"n":"Bière blonde Falsbourg 4.2%vol. - 24x25cl","p":8.55,"u":"1,43 €/L","img":"https://fd5-photos.leclercdrive.fr/image.ashx?id=2637910&use=l&cat=p&typeid=i","cat":334873},{"id":34546,"n":"Poireaux Découpe fraîche   300g","p":3.15,"u":"10,50 €/KG","img":"https://fd5-photos.leclercdrive.fr/image.ashx?id=657602&use=l&cat=p&typeid=i","cat":290299},{"id":34658,"n":"Dosettes Bio Village Amerique Latine Bio - x18 - 125g","p":2.99,"u":"23,92 €/KG","img":"https://fd5-photos.leclercdrive.fr/image.ashx?id=3003067&use=l&cat=p&typeid=i","cat":293238},{"id":34659,"n":"Mini chinois Epi d'Or Nature x6 - 300g","p":1.8,"u":"6,00 €/KG","img":"https://fd5-photos.leclercdrive.fr/image.ashx?id=2860739&use=l&cat=p&typeid=i","cat":296366},{"id":34660,"n":"Pruneaux d'Agen Couleurs Vives Dénoyautés - 250g","p":2.99,"u":"11,96 €/KG","img":"https://fd5-photos.leclercdrive.fr/image.ashx?id=2093129&use=l&cat=p&typeid=i","cat":284357},{"id":34661,"n":"Eau de source Zilia 12x33cl","p":4.2,"u":"1,06 €/L","img":"https://fd5-photos.leclercdrive.fr/image.ashx?id=2634704&use=l&cat=p&typeid=i","cat":284535},{"id":34663,"n":"Soupe potiron poireau céleri Découpe fraîche - 500g","p":3.99,"u":"7,98 €/KG","img":"https://fd5-photos.leclercdrive.fr/image.ashx?id=658147&use=l&cat=p&typeid=i","cat":290299},{"id":34664,"n":"Soupe carotte navet poireau  céleri - Découpe fraîche - 500g","p":4.15,"u":"8,30 €/KG","img":"https://fd5-photos.leclercdrive.fr/image.ashx?id=658143&use=l&cat=p&typeid=i","cat":290299},{"id":34666,"n":"Soupe carotte courgette celeri découpe fraiche - 500g","p":4.5,"u":"9,00 €/KG","img":"https://fd5-photos.leclercdrive.fr/image.ashx?id=658135&use=l&cat=p&typeid=i","cat":290299},{"id":34670,"n":"Oignons jaunes Filière Panier du Primeur Filet 1kg","p":1.99,"u":"1,99 €/KG","img":"https://fd5-photos.leclercdrive.fr/image.ashx?id=2953734&use=l&cat=p&typeid=i","cat":284352},{"id":34671,"n":"Echalote traditionnelle filière Panier du Primeur Filet 250g","p":0.99,"u":"3,96 €/KG","img":"https://fd5-photos.leclercdrive.fr/image.ashx?id=2965500&use=l&cat=p&typeid=i","cat":284352},{"id":34672,"n":"Ail blanc Panier du Primeur A mijoter et à confire x3","p":2.99,"u":"1,00 €/P","img":"https://fd5-photos.leclercdrive.fr/image.ashx?id=2958720&use=l&cat=p&typeid=i","cat":284352},{"id":34679,"n":"Eponges grattantes Mamison Couleurs pop x2","p":1.38,"u":"0,69 €/P","img":"https://fd5-photos.leclercdrive.fr/image.ashx?id=2207724&use=l&cat=p&typeid=i","cat":284667},{"id":34684,"n":"Eponges grattantes Mamison Fibres naturelles X2","p":1.28,"u":"0,64 €/P","img":"https://fd5-photos.leclercdrive.fr/image.ashx?id=2387088&use=l&cat=p&typeid=i","cat":284667},{"id":34694,"n":"Briochettes pépites Epi d'Or Chocolat - x12 500g","p":2.79,"u":"5,58 €/KG","img":"https://fd5-photos.leclercdrive.fr/image.ashx?id=2867910&use=l&cat=p&typeid=i","cat":293505},{"id":34697,"n":"Granulés Eparcyl Sachet 200g","p":8.54,"u":"42,70 €/KG","img":"https://fd5-photos.leclercdrive.fr/image.ashx?id=2352585&use=l&cat=p&typeid=i","cat":284662},{"id":34718,"n":"Épinards à cuire Panier Primeur 400g","p":1.99,"u":"4,98 €/KG","img":"https://fd5-photos.leclercdrive.fr/image.ashx?id=2635538&use=l&cat=p&typeid=i","cat":284353},{"id":34763,"n":"Huile Cheveux Elsève Sublimateur Cheveu sec - 100ml","p":10.41,"u":"104,10 €/L","img":"https://fd5-photos.leclercdrive.fr/image.ashx?id=2870671&use=l&cat=p&typeid=i","cat":284608},{"id":34813,"n":"Thé Britley Citron - x25 - 40g","p":0.88,"u":"22,00 €/KG","img":"https://fd5-photos.leclercdrive.fr/image.ashx?id=2897784&use=l&cat=p&typeid=i","cat":293233},{"id":34841,"n":"Rillettes Tradilège poulet rôti 220g","p":1.79,"u":"8,14 €/KG","img":"https://fd5-photos.leclercdrive.fr/image.ashx?id=2930924&use=l&cat=p&typeid=i","cat":316008},{"id":34845,"n":"IGP Vinaigre balsamique Maille 50cl","p":3.12,"u":"6,24 €/L","img":"https://fd5-photos.leclercdrive.fr/image.ashx?id=2866178&use=l&cat=p&typeid=i","cat":298543},{"id":34887,"n":"Rôti de porc dans le filet 600g","p":7.24,"u":"12,07 €/KG","img":"https://fd5-photos.leclercdrive.fr/image.ashx?id=619042&use=l&cat=p&typeid=i","cat":284331},{"id":34889,"n":"Gigot d'agneau*** à griller - 2x160g","p":12.95,"u":"40,47 €/KG","img":"https://fd5-photos.leclercdrive.fr/image.ashx?id=667388&use=l&cat=p&typeid=i","cat":284330},{"id":34908,"n":"Fromage frais Petit Yoplait Nature 3.8%MG - 6x60g","p":1.23,"u":"3,42 €/KG","img":"https://fd5-photos.leclercdrive.fr/image.ashx?id=2811026&use=l&cat=p&typeid=i","cat":284409},{"id":34910,"n":"Fromage Blanc Calin Nature 3.2%MG - 450g","p":1.73,"u":"3,84 €/KG","img":"https://fd5-photos.leclercdrive.fr/image.ashx?id=2973721&use=l&cat=p&typeid=i","cat":284409},{"id":34915,"n":"Fromage frais Petit Yoplait Nature 3.8%MG - 12x60g","p":1.65,"u":"2,29 €/KG","img":"https://fd5-photos.leclercdrive.fr/image.ashx?id=2811029&use=l&cat=p&typeid=i","cat":284409},{"id":34919,"n":"Fromage frais Petit Yoplait Nature 0%MG - 12x60g","p":2.14,"u":"2,97 €/KG","img":"https://fd5-photos.leclercdrive.fr/image.ashx?id=2811023&use=l&cat=p&typeid=i","cat":315000},{"id":34928,"n":"Bière blonde Falsbourg 4.2%vol. - 10x25cl","p":4.59,"u":"1,84 €/L","img":"https://fd5-photos.leclercdrive.fr/image.ashx?id=2637907&use=l&cat=p&typeid=i","cat":334873},{"id":34943,"n":"Blanc de poulet Fleury Michon rôti à la broche x4 - 120g","p":1.51,"u":"12,58 €/KG","img":"https://fd5-photos.leclercdrive.fr/image.ashx?id=2977288&use=l&cat=p&typeid=i","cat":316010},{"id":34952,"n":"Ratatouille à la Provençale NRT 650g","p":3.3,"u":"5,08 €/KG","img":"https://fd5-photos.leclercdrive.fr/image.ashx?id=2791105&use=l&cat=p&typeid=i","cat":312612},{"id":34971,"n":"Bière ambrée Kwak 33cl","p":2.31,"u":"7,00 €/L","img":"https://fd5-photos.leclercdrive.fr/image.ashx?id=1881584&use=l&cat=p&typeid=i","cat":334872},{"id":34973,"n":"Bière Trois Monts Grande réserve 9.5%vol. - 75cl","p":3.03,"u":"4,04 €/L","img":"https://fd5-photos.leclercdrive.fr/image.ashx?id=2548376&use=l&cat=p&typeid=i","cat":334852},{"id":34975,"n":"Bière Cuvée des Trolls Blonde - 7.5%vol. - 75cl","p":4.45,"u":"5,93 €/L","img":"https://fd5-photos.leclercdrive.fr/image.ashx?id=2611083&use=l&cat=p&typeid=i","cat":334872},{"id":34982,"n":"Bûche chèvre Soignon 200g","p":2.13,"u":"10,65 €/KG","img":"https://fd5-photos.leclercdrive.fr/image.ashx?id=2995325&use=l&cat=p&typeid=i","cat":314031},{"id":34992,"n":"St Jacques gratinées Tipiak Fondue de poireaux 310g","p":4.08,"u":"13,16 €/KG","img":"https://fd5-photos.leclercdrive.fr/image.ashx?id=2642525&use=l&cat=p&typeid=i","cat":319775},{"id":34999,"n":"Nuggets Croustillant Père Dodu  Poulet x10 - 200g","p":2.11,"u":"10,55 €/KG","img":"https://fd5-photos.leclercdrive.fr/image.ashx?id=2956975&use=l&cat=p&typeid=i","cat":333684},{"id":35006,"n":"Aiguillettes canard Volandrie 210g","p":4.85,"u":"23,10 €/KG","img":"https://fd5-photos.leclercdrive.fr/image.ashx?id=2358351&use=l&cat=p&typeid=i","cat":284339},{"id":35008,"n":"Céréales Special K Kellogg's Nature - 750g","p":4.21,"u":"5,61 €/KG","img":"https://fd5-photos.leclercdrive.fr/image.ashx?id=2586288&use=l&cat=p&typeid=i","cat":309512},{"id":35010,"n":"Mélange safran Ducros 14 doses -  8.4g","p":3.02,"u":"377,50 €/KG","img":"https://fd5-photos.leclercdrive.fr/image.ashx?id=2486590&use=l&cat=p&typeid=i","cat":298297},{"id":35018,"n":"Bouillon de poule Jardin Bio' Bio cube sans huile palme - x8","p":1.65,"u":"20,63 €/KG","img":"https://fd5-photos.leclercdrive.fr/image.ashx?id=2535004&use=l&cat=p&typeid=i","cat":288379},{"id":35025,"n":"Infusion bio Jardin Bio' Verveine citronée x20 28g","p":2.27,"u":"81,07 €/KG","img":"https://fd5-photos.leclercdrive.fr/image.ashx?id=2985312&use=l&cat=p&typeid=i","cat":293234},{"id":35026,"n":"Concentré de tomate Jardin Bio Bio Double concentré - 200g","p":1.59,"u":"7,95 €/KG","img":"https://fd5-photos.leclercdrive.fr/image.ashx?id=2535469&use=l&cat=p&typeid=i","cat":288384},{"id":35027,"n":"Dessert fruitier bio Jardin Bio Pomme poire 680g","p":2.69,"u":"3,96 €/KG","img":"https://fd5-photos.leclercdrive.fr/image.ashx?id=2939877&use=l&cat=p&typeid=i","cat":284508},{"id":35031,"n":"Batonnets Fritelle Lay's Goût nature - 80g","p":0.73,"u":"9,13 €/KG","img":"https://fd5-photos.leclercdrive.fr/image.ashx?id=2140635&use=l&cat=p&typeid=i","cat":284449},{"id":35034,"n":"Eau minérale gazeuse Perrier  Canettes - 6x33cl","p":2.66,"u":"1,34 €/L","img":"https://fd5-photos.leclercdrive.fr/image.ashx?id=2672554&use=l&cat=p&typeid=i","cat":284536},{"id":35039,"n":"Dosettes café Plantation Corsé - x48 - 336g","p":4.95,"u":"14,73 €/KG","img":"https://fd5-photos.leclercdrive.fr/image.ashx?id=2622115&use=l&cat=p&typeid=i","cat":293238},{"id":35046,"n":"Sangria Festalie 7%vol. - 3L","p":3.65,"u":"1,22 €/L","img":"https://fd5-photos.leclercdrive.fr/image.ashx?id=2515497&use=l&cat=p&typeid=i","cat":286032},{"id":35047,"n":"Vodka Novotna Pure grain - 37.5%vol - 50cl","p":8.67,"u":"17,34 €/L","img":"https://fd5-photos.leclercdrive.fr/image.ashx?id=1654468&use=l&cat=p&typeid=i","cat":284550},{"id":35049,"n":"Scotch Whisky Baird's 40%vol - 50cl","p":9.51,"u":"19,02 €/L","img":"https://fd5-photos.leclercdrive.fr/image.ashx?id=2913687&use=l&cat=p&typeid=i","cat":284547},{"id":35089,"n":"Chips extra craquantes Vico Nature - 270g","p":1.86,"u":"6,89 €/KG","img":"https://fd5-photos.leclercdrive.fr/image.ashx?id=2917807&use=l&cat=p&typeid=i","cat":284447},{"id":35103,"n":"Eau minérale Mont Roucous 6x1L","p":2.59,"u":"0,43 €/L","img":"https://fd5-photos.leclercdrive.fr/image.ashx?id=2970954&use=l&cat=p&typeid=i","cat":284535},{"id":35108,"n":"Bière blonde Affligem 6,7%vol. - 12x25cl","p":9.11,"u":"3,04 €/L","img":"https://fd5-photos.leclercdrive.fr/image.ashx?id=2639405&use=l&cat=p&typeid=i","cat":334852},{"id":35117,"n":"Riste d'aubergines provençale NRT - 650g","p":3.99,"u":"6,14 €/KG","img":"https://fd5-photos.leclercdrive.fr/image.ashx?id=2771387&use=l&cat=p&typeid=i","cat":284441},{"id":35138,"n":"Yaourt SMARTIES Vanille bonbons chocolat 4x120g","p":2.21,"u":"4,60 €/KG","img":"https://fd5-photos.leclercdrive.fr/image.ashx?id=2571038&use=l&cat=p&typeid=i","cat":284414},{"id":35146,"n":"Fromages râpé spécial Pizza  Les Croisés - 125g","p":1.62,"u":"12,96 €/KG","img":"https://fd5-photos.leclercdrive.fr/image.ashx?id=2946175&use=l&cat=p&typeid=i","cat":314035},{"id":35147,"n":"Fromage Cheddar Burger Les Croisés 20 Tranches - 340g","p":1.99,"u":"5,85 €/KG","img":"https://fd5-photos.leclercdrive.fr/image.ashx?id=2946844&use=l&cat=p&typeid=i","cat":314028},{"id":35148,"n":"Fromage Emmental Croque Les Croisés 20 Tranches - 340g","p":2.01,"u":"5,91 €/KG","img":"https://fd5-photos.leclercdrive.fr/image.ashx?id=2946847&use=l&cat=p&typeid=i","cat":314028},{"id":35155,"n":"Tablette de chocolat noir Lindt Fleur de sel - 100g","p":2.15,"u":"21,50 €/KG","img":"https://fd5-photos.leclercdrive.fr/image.ashx?id=2681595&use=l&cat=p&typeid=i","cat":284956},{"id":35159,"n":"Croco Haribo Sachet bonbons - 280g","p":1.42,"u":"5,07 €/KG","img":"https://fd5-photos.leclercdrive.fr/image.ashx?id=2446467&use=l&cat=p&typeid=i","cat":304250},{"id":35160,"n":"Croissants Pasquier x16 - 640g","p":3.6,"u":"5,63 €/KG","img":"https://fd5-photos.leclercdrive.fr/image.ashx?id=2853056&use=l&cat=p&typeid=i","cat":296366},{"id":35173,"n":"Joker Le Fruit Jus multifruits  1,5L","p":2.63,"u":"1,75 €/L","img":"https://fd5-photos.leclercdrive.fr/image.ashx?id=2785727&use=l&cat=p&typeid=i","cat":284917},{"id":35174,"n":"Jus d'orange Joker Le Fruit 1,5L","p":3.54,"u":"2,36 €/L","img":"https://fd5-photos.leclercdrive.fr/image.ashx?id=2785733&use=l&cat=p&typeid=i","cat":284521},{"id":35182,"n":"Boisson énergisante Monster Original - 50cl","p":1.36,"u":"2,72 €/L","img":"https://fd5-photos.leclercdrive.fr/image.ashx?id=2510163&use=l&cat=p&typeid=i","cat":284533},{"id":35183,"n":"Boisson énergisante Monster Original Canette - 4x50cl","p":5.19,"u":"2,60 €/L","img":"https://fd5-photos.leclercdrive.fr/image.ashx?id=2210242&use=l&cat=p&typeid=i","cat":284533},{"id":35185,"n":"Eau aromatisée Volvic Juicy Citronnade - 1,5L","p":1.68,"u":"1,12 €/L","img":"https://fd5-photos.leclercdrive.fr/image.ashx?id=3011008&use=l&cat=p&typeid=i","cat":284537},{"id":35230,"n":"Nonnettes de Dijon NRT Orange - 200g","p":3.99,"u":"19,95 €/KG","img":"https://fd5-photos.leclercdrive.fr/image.ashx?id=2622326&use=l&cat=p&typeid=i","cat":284493},{"id":35262,"n":"yaourt aux fruits bifidus activia 0%mg - 12x125g","p":4.91,"u":"3,27 €/KG","img":"https://fd5-photos.leclercdrive.fr/image.ashx?id=2741697&use=l&cat=p&typeid=i","cat":315000},{"id":35274,"n":"Cervelas Supérieur Herta 200g","p":1.67,"u":"8,35 €/KG","img":"https://fd5-photos.leclercdrive.fr/image.ashx?id=2310281&use=l&cat=p&typeid=i","cat":316012},{"id":35285,"n":"Petits muffins Bonne Maman Chocolat - 235g","p":2.2,"u":"9,36 €/KG","img":"https://fd5-photos.leclercdrive.fr/image.ashx?id=2744052&use=l&cat=p&typeid=i","cat":284495},{"id":35296,"n":"Filet poulet Tradilège rôti sans nitrite 4 tranches - 120g","p":1.89,"u":"15,75 €/KG","img":"https://fd5-photos.leclercdrive.fr/image.ashx?id=2989790&use=l&cat=p&typeid=i","cat":316010},{"id":35300,"n":"Jambon supérieur Tradilège À l'étouffée 6 tranches - 240g","p":2.92,"u":"12,17 €/KG","img":"https://fd5-photos.leclercdrive.fr/image.ashx?id=2991521&use=l&cat=p&typeid=i","cat":316009},{"id":35308,"n":"Beurre Tendre Elle&Vire Demi-Sel - 80% MG - 250g","p":2.71,"u":"10,84 €/KG","img":"https://fd5-photos.leclercdrive.fr/image.ashx?id=2604773&use=l&cat=p&typeid=i","cat":284379},{"id":35309,"n":"Beurre Tendre Elle&Vire Doux - 82% MG - 250g","p":2.71,"u":"10,84 €/KG","img":"https://fd5-photos.leclercdrive.fr/image.ashx?id=2765629&use=l&cat=p&typeid=i","cat":284379},{"id":35326,"n":"Miel du Gatinais  Nos Régions ont du Talent 375g","p":5.49,"u":"14,64 €/KG","img":"https://fd5-photos.leclercdrive.fr/image.ashx?id=2771393&use=l&cat=p&typeid=i","cat":287643},{"id":35333,"n":"Bain de bouche Sanogyl Multi Protection - 500ml","p":3.63,"u":"7,26 €/L","img":"https://fd5-photos.leclercdrive.fr/image.ashx?id=2638256&use=l&cat=p&typeid=i","cat":284613},{"id":35353,"n":"Cire sculptante Studio Line Indestructible - 75ml","p":3.86,"u":"51,47 €/L","img":"https://fd5-photos.leclercdrive.fr/image.ashx?id=2872925&use=l&cat=p&typeid=i","cat":284609},{"id":35358,"n":"Crème décolorante Expert Veet Visage et Corps 2x75ml","p":9.14,"u":"60,93 €/L","img":"https://fd5-photos.leclercdrive.fr/image.ashx?id=2909995&use=l&cat=p&typeid=i","cat":325351},{"id":35359,"n":"Cire cheveux Taft  Effet brillance - 75 ml","p":3.77,"u":"50,27 €/L","img":"https://fd5-photos.leclercdrive.fr/image.ashx?id=2897928&use=l&cat=p&typeid=i","cat":284609},{"id":35388,"n":"Déodorant Compressé Monsavon Anti-Transpirant Coton 100ml","p":2.15,"u":"21,50 €/L","img":"https://fd5-photos.leclercdrive.fr/image.ashx?id=2797437&use=l&cat=p&typeid=i","cat":284595},{"id":35398,"n":"Eau Micellaire Garnier Peaux Sensibles - 400ml","p":3.0,"u":"7,50 €/L","img":"https://fd5-photos.leclercdrive.fr/image.ashx?id=2926593&use=l&cat=p&typeid=i","cat":284603},{"id":35414,"n":"Lessive en poudre Skip 39 lavages - 2,730kg","p":13.15,"u":"4,82 €/KG","img":"https://fd5-photos.leclercdrive.fr/image.ashx?id=2738242&use=l&cat=p&typeid=i","cat":284642},{"id":35425,"n":"Déodorant spray Monsavon Fleur de cerisier - 100ml","p":2.71,"u":"27,10 €/L","img":"https://fd5-photos.leclercdrive.fr/image.ashx?id=2904628&use=l&cat=p&typeid=i","cat":284595},{"id":35433,"n":"Tampons Doulys Compact Super plus - x20","p":2.6,"u":"0,13 €/P","img":"https://fd5-photos.leclercdrive.fr/image.ashx?id=2965509&use=l&cat=p&typeid=i","cat":284626},{"id":35450,"n":"Recharge Savon Mains Dettol Aloe Vera Hydratant 250ml","p":3.46,"u":"13,84 €/L","img":"https://fd5-photos.leclercdrive.fr/image.ashx?id=2879134&use=l&cat=p&typeid=i","cat":284597},{"id":35479,"n":"Déodorant Bille Femme Nivea Black&White Original - 50ml","p":1.88,"u":"37,60 €/L","img":"https://fd5-photos.leclercdrive.fr/image.ashx?id=2985471&use=l&cat=p&typeid=i","cat":284595},{"id":35503,"n":"Gel à raser Williams Peaux sensibles 200ml","p":2.42,"u":"12,10 €/L","img":"https://fd5-photos.leclercdrive.fr/image.ashx?id=1966625&use=l&cat=p&typeid=i","cat":284617},{"id":35530,"n":"Mouchoirs en papier Lotus Boîte x1 - 80 mouchoirs","p":1.47,"u":"0,02 €/P","img":"https://fd5-photos.leclercdrive.fr/image.ashx?id=2867368&use=l&cat=p&typeid=i","cat":284638},{"id":35533,"n":"Papier toilette Aquatube Lotus Violet ou blanc - x6","p":2.72,"u":"0,45 €/P","img":"https://fd5-photos.leclercdrive.fr/image.ashx?id=2646380&use=l&cat=p&typeid=i","cat":284634},{"id":35537,"n":"Recharge savon mains Palmolive Antibactérien -  250ml","p":0.61,"u":"2,44 €/L","img":"https://fd5-photos.leclercdrive.fr/image.ashx?id=2833180&use=l&cat=p&typeid=i","cat":284597},{"id":35646,"n":"Bière blonde Falsbourg Canette - 4.2%vol. - 50cl","p":0.69,"u":"1,38 €/L","img":"https://fd5-photos.leclercdrive.fr/image.ashx?id=2637904&use=l&cat=p&typeid=i","cat":334853},{"id":35647,"n":"Bière blonde Falsbourg Canette - 4.2%vol. - 6x33cl","p":2.69,"u":"1,36 €/L","img":"https://fd5-photos.leclercdrive.fr/image.ashx?id=2637913&use=l&cat=p&typeid=i","cat":334853},{"id":35649,"n":"Petits boudins créole Tradilège Au piment de Cayenne - 300g","p":3.44,"u":"11,47 €/KG","img":"https://fd5-photos.leclercdrive.fr/image.ashx?id=3001223&use=l&cat=p&typeid=i","cat":316012},{"id":35650,"n":"Minis boudins blancs Tradilège Noix de muscade et porto - 300g","p":3.99,"u":"13,30 €/KG","img":"https://fd5-photos.leclercdrive.fr/image.ashx?id=3001226&use=l&cat=p&typeid=i","cat":316012},{"id":35658,"n":"Lamelles d'encornets  500g","p":4.5,"u":"9,00 €/KG","img":"https://fd5-photos.leclercdrive.fr/image.ashx?id=619902&use=l&cat=p&typeid=i","cat":284342},{"id":35711,"n":"Porc : Filet mignon x2 800g","p":15.32,"u":"19,15 €/KG","img":"https://fd5-photos.leclercdrive.fr/image.ashx?id=760077&use=l&cat=p&typeid=i","cat":284331},{"id":35716,"n":"Gourdes Goûters lactés Délisse Vanille - 4x85g","p":1.81,"u":"5,32 €/KG","img":"https://fd5-photos.leclercdrive.fr/image.ashx?id=2681427&use=l&cat=p&typeid=i","cat":284506},{"id":35720,"n":"Barquette chat Sheba Poissons en terrine - 12x85g","p":6.02,"u":"5,90 €/KG","img":"https://fd5-photos.leclercdrive.fr/image.ashx?id=2759637&use=l&cat=p&typeid=i","cat":285286},{"id":35722,"n":"Cocktail Mojito Saint James 14.9%vol - 70cl","p":6.23,"u":"8,90 €/L","img":"https://fd5-photos.leclercdrive.fr/image.ashx?id=2983174&use=l&cat=p&typeid=i","cat":284551},{"id":35723,"n":"Liqueur Curaçao bleu Giffard 25%vol. - 50cl","p":6.84,"u":"13,68 €/L","img":"https://fd5-photos.leclercdrive.fr/image.ashx?id=1650446&use=l&cat=p&typeid=i","cat":286032},{"id":35727,"n":"Spécialité au soja nature Nat & Vie - 6x100g","p":1.62,"u":"4,05 €/P","img":"https://fd5-photos.leclercdrive.fr/image.ashx?id=2901452&use=l&cat=p&typeid=i","cat":316071},{"id":35728,"n":"Spécialité au soja Nat & Vie Framboise-passion 4x100g","p":1.42,"u":"3,55 €/KG","img":"https://fd5-photos.leclercdrive.fr/image.ashx?id=2901455&use=l&cat=p&typeid=i","cat":316071},{"id":35729,"n":"Tiramisu Délisse Au café - 4x80g","p":2.49,"u":"7,78 €/KG","img":"https://fd5-photos.leclercdrive.fr/image.ashx?id=2711604&use=l&cat=p&typeid=i","cat":284419},{"id":35730,"n":"Crème dessert Délisse Vanille Billes 3 chocolats 4x117g","p":2.15,"u":"4,59 €/KG","img":"https://fd5-photos.leclercdrive.fr/image.ashx?id=2965503&use=l&cat=p&typeid=i","cat":285041},{"id":35731,"n":"Crème dessert Chocolat Délisse Mix'n croc color 4x120g","p":2.09,"u":"4,35 €/KG","img":"https://fd5-photos.leclercdrive.fr/image.ashx?id=2965506&use=l&cat=p&typeid=i","cat":285041},{"id":35735,"n":"Bière blanche Hilbörg Canette - 4.5%vol. - 50cl","p":0.99,"u":"1,98 €/L","img":"https://fd5-photos.leclercdrive.fr/image.ashx?id=2913693&use=l&cat=p&typeid=i","cat":334853},{"id":35760,"n":"Céréales Miel Pops Kellogg's 620g","p":3.21,"u":"5,18 €/KG","img":"https://fd5-photos.leclercdrive.fr/image.ashx?id=2596952&use=l&cat=p&typeid=i","cat":309513},{"id":35761,"n":"Céréales Frosties Kellogg's 620g","p":3.21,"u":"5,18 €/KG","img":"https://fd5-photos.leclercdrive.fr/image.ashx?id=2589768&use=l&cat=p&typeid=i","cat":309513},{"id":35785,"n":"Bière belge Rince Cochon Fruits rouges - 7.5%vol. - 50cl","p":2.23,"u":"4,46 €/L","img":"https://fd5-photos.leclercdrive.fr/image.ashx?id=1741472&use=l&cat=p&typeid=i","cat":334853},{"id":35788,"n":"Café Soluble Nescafé 200g","p":5.42,"u":"27,10 €/KG","img":"https://fd5-photos.leclercdrive.fr/image.ashx?id=2810627&use=l&cat=p&typeid=i","cat":284843},{"id":35790,"n":"Nettoyant ménager Uni Vert Multi-surfaces 1L","p":1.53,"u":"1,53 €/L","img":"https://fd5-photos.leclercdrive.fr/image.ashx?id=2520837&use=l&cat=p&typeid=i","cat":284907},{"id":35791,"n":"Flammekueche d'Alsace NRT 600g","p":4.35,"u":"7,25 €/KG","img":"https://fd5-photos.leclercdrive.fr/image.ashx?id=2743894&use=l&cat=p&typeid=i","cat":333680},{"id":35815,"n":"Matière grasse St Hubert  Omega 3 - 52% MG - 255g","p":1.74,"u":"6,82 €/KG","img":"https://fd5-photos.leclercdrive.fr/image.ashx?id=2734093&use=l&cat=p&typeid=i","cat":315229},{"id":35816,"n":"Matière grasse St Hubert Omega3 52% MG - demi-sel - 255g","p":1.91,"u":"7,49 €/KG","img":"https://fd5-photos.leclercdrive.fr/image.ashx?id=2734096&use=l&cat=p&typeid=i","cat":315229},{"id":35817,"n":"Mélange de matières grasses Le Fleurier - 53%mg - 510g","p":3.63,"u":"7,12 €/KG","img":"https://fd5-photos.leclercdrive.fr/image.ashx?id=2978023&use=l&cat=p&typeid=i","cat":315229},{"id":35820,"n":"Liquide pour cuisson Rustica végétal - 500ml","p":2.09,"u":"4,18 €/L","img":"https://fd5-photos.leclercdrive.fr/image.ashx?id=2903950&use=l&cat=p&typeid=i","cat":315229},{"id":35822,"n":"Roquefort AOP Bio Bio village - 100g","p":2.89,"u":"28,90 €/KG","img":"https://fd5-photos.leclercdrive.fr/image.ashx?id=2646023&use=l&cat=p&typeid=i","cat":314032},{"id":35823,"n":"Roquefort AOP en portions Les Croisés - 25gx4 -100g","p":2.31,"u":"23,10 €/KG","img":"https://fd5-photos.leclercdrive.fr/image.ashx?id=2645945&use=l&cat=p&typeid=i","cat":314032},{"id":35824,"n":"Fromage à tartiner Les Croisés Allégé Nature - 150g","p":1.24,"u":"8,27 €/KG","img":"https://fd5-photos.leclercdrive.fr/image.ashx?id=1676064&use=l&cat=p&typeid=i","cat":314029},{"id":35825,"n":"Fromage Pavé d'Affinois Original - 200g","p":2.25,"u":"11,25 €/KG","img":"https://fd5-photos.leclercdrive.fr/image.ashx?id=3002078&use=l&cat=p&typeid=i","cat":314033},{"id":35830,"n":"Yaourt La Laitière   Fruits panachés - 8x125g","p":3.38,"u":"3,38 €/KG","img":"https://fd5-photos.leclercdrive.fr/image.ashx?id=2744590&use=l&cat=p&typeid=i","cat":286006},{"id":35833,"n":"Yaourt La Laitière Citron - 4x125g","p":1.75,"u":"3,50 €/KG","img":"https://fd5-photos.leclercdrive.fr/image.ashx?id=2904065&use=l&cat=p&typeid=i","cat":286006},{"id":35837,"n":"Fromage blanc Bio Vrai Nature - 3.6%mg - 500g","p":2.34,"u":"4,68 €/KG","img":"https://fd5-photos.leclercdrive.fr/image.ashx?id=2516278&use=l&cat=p&typeid=i","cat":284409},{"id":35838,"n":"Yaourts nature Vrai Bio - 4x125g","p":1.27,"u":"2,54 €/KG","img":"https://fd5-photos.leclercdrive.fr/image.ashx?id=2360707&use=l&cat=p&typeid=i","cat":284409},{"id":35846,"n":"Yaourt à boire Délisse Vanille - 850g","p":1.49,"u":"1,75 €/KG","img":"https://fd5-photos.leclercdrive.fr/image.ashx?id=2775890&use=l&cat=p&typeid=i","cat":284415},{"id":35850,"n":"Jambon fumé Tradilège Avec couenne -4 tranches - 160g","p":2.49,"u":"15,56 €/KG","img":"https://fd5-photos.leclercdrive.fr/image.ashx?id=2448327&use=l&cat=p&typeid=i","cat":316009},{"id":35906,"n":"Gourdes Goûters lactés Délisse Chocolat - 4x85g","p":1.75,"u":"5,15 €/KG","img":"https://fd5-photos.leclercdrive.fr/image.ashx?id=2681424&use=l&cat=p&typeid=i","cat":284506},{"id":35907,"n":"Cassoulet mitonné   William Saurin - 840g","p":3.85,"u":"4,58 €/KG","img":"https://fd5-photos.leclercdrive.fr/image.ashx?id=2890148&use=l&cat=p&typeid=i","cat":284440},{"id":35908,"n":"Cassoulet mitonné   William Saurin - 420g","p":1.68,"u":"4,00 €/KG","img":"https://fd5-photos.leclercdrive.fr/image.ashx?id=2890151&use=l&cat=p&typeid=i","cat":284441},{"id":35909,"n":"Test de grossesse Medicaid 1 pièce","p":0.93,"img":"https://fd5-photos.leclercdrive.fr/image.ashx?id=2432758&use=l&cat=p&typeid=i","cat":324482},{"id":35913,"n":"Vin d'Union Européenne rouge François D'Aubigné - BIB 5L","p":6.49,"u":"1,30 €/L","img":"https://fd5-photos.leclercdrive.fr/image.ashx?id=2931757&use=l&cat=p&typeid=i","cat":289560},{"id":35917,"n":"Bière blonde Forte Extra Strong Canette - 8.4%vol. - 50cl","p":1.15,"u":"2,30 €/L","img":"https://fd5-photos.leclercdrive.fr/image.ashx?id=2927998&use=l&cat=p&typeid=i","cat":334853},{"id":35918,"n":"Jus de pomme Jafaden A base de concentré - 6x20cl","p":1.32,"u":"1,10 €/L","img":"https://fd5-photos.leclercdrive.fr/image.ashx?id=2949185&use=l&cat=p&typeid=i","cat":284524},{"id":35919,"n":"Jus de raisin Jafaden Briquettes - 6x20cl","p":2.46,"u":"2,05 €/L","img":"https://fd5-photos.leclercdrive.fr/image.ashx?id=2989935&use=l&cat=p&typeid=i","cat":284915},{"id":35921,"n":"Pur jus de pomme Jafaden 1,5L","p":1.49,"u":"0,99 €/L","img":"https://fd5-photos.leclercdrive.fr/image.ashx?id=1936641&use=l&cat=p&typeid=i","cat":284522},{"id":35922,"n":"Bière blonde Forte Extra Strong Canette - 10%vol - 50cl","p":1.19,"u":"2,38 €/L","img":"https://fd5-photos.leclercdrive.fr/image.ashx?id=2928004&use=l&cat=p&typeid=i","cat":334853},{"id":35924,"n":"Cocktail Punch planteur Lagoa 15%vol - 70cl","p":4.29,"u":"6,13 €/L","img":"https://fd5-photos.leclercdrive.fr/image.ashx?id=2958338&use=l&cat=p&typeid=i","cat":284551},{"id":35927,"n":"Cocktail Mojito Lagoa 15%vol - 70cl","p":4.99,"u":"7,13 €/L","img":"https://fd5-photos.leclercdrive.fr/image.ashx?id=2958344&use=l&cat=p&typeid=i","cat":284551},{"id":35961,"n":"Vin rosé Réserve du Président IGP - 75cl","p":3.79,"u":"5,05 €/L","img":"https://fd5-photos.leclercdrive.fr/image.ashx?id=1872268&use=l&cat=p&typeid=i","cat":289558},{"id":35979,"n":"Gaufrettes amusantes Nord NRT 175g","p":2.45,"u":"14,00 €/KG","img":"https://fd5-photos.leclercdrive.fr/image.ashx?id=724000&use=l&cat=p&typeid=i","cat":284487},{"id":35995,"n":"Lait de toilette Mots d'Enfants Bio - 250ml","p":2.35,"u":"9,40 €/L","img":"https://fd5-photos.leclercdrive.fr/image.ashx?id=2485080&use=l&cat=p&typeid=i","cat":284741},{"id":36009,"n":"Bâtonnets Trium Vanille Amandes x4 - 314g","p":2.05,"u":"6,53 €/KG","img":"https://fd5-photos.leclercdrive.fr/image.ashx?id=2931775&use=l&cat=p&typeid=i","cat":284265},{"id":36010,"n":"Bâtonnets Trium Vanille chocolat blanc x4 -308g","p":2.59,"u":"8,41 €/KG","img":"https://fd5-photos.leclercdrive.fr/image.ashx?id=2920776&use=l&cat=p&typeid=i","cat":284265},{"id":36037,"n":"Crème UHT Elle&Vire Fluide Entière - 30% MG - 3x20cl","p":3.0,"u":"5,00 €/L","img":"https://fd5-photos.leclercdrive.fr/image.ashx?id=3008551&use=l&cat=p&typeid=i","cat":284381},{"id":36039,"n":"Crème légère fluide UHT Délisse 12%mg - 3x20cl","p":1.84,"u":"3,07 €/L","img":"https://fd5-photos.leclercdrive.fr/image.ashx?id=2905904&use=l&cat=p&typeid=i","cat":284381},{"id":36040,"n":"Spécialité laitière UHT Délisse Semi-épaisse 4%mg - 3x20cl","p":2.21,"u":"3,68 €/L","img":"https://fd5-photos.leclercdrive.fr/image.ashx?id=3002599&use=l&cat=p&typeid=i","cat":284381},{"id":36041,"n":"Crème semi-épaisse entière UHT Délisse 30%mg - 3x20cl","p":3.5,"u":"5,83 €/L","img":"https://fd5-photos.leclercdrive.fr/image.ashx?id=2494099&use=l&cat=p&typeid=i","cat":284381},{"id":36077,"n":"Lait de toilette bébé Eco+ 300ml","p":1.07,"u":"3,57 €/L","img":"https://fd5-photos.leclercdrive.fr/image.ashx?id=2690862&use=l&cat=p&typeid=i","cat":284741},{"id":36124,"n":"Haricots blancs Notre Jardin - 500g","p":1.03,"u":"2,06 €/KG","img":"https://fd5-photos.leclercdrive.fr/image.ashx?id=2988072&use=l&cat=p&typeid=i","cat":312606},{"id":36125,"n":"Haricots blancs Notre Jardin 250g","p":0.85,"u":"3,40 €/KG","img":"https://fd5-photos.leclercdrive.fr/image.ashx?id=3002602&use=l&cat=p&typeid=i","cat":312606},{"id":36127,"n":"Pommes bicolores Bio  1.5kg","p":4.59,"u":"3,06 €/KG","img":"https://fd5-photos.leclercdrive.fr/image.ashx?id=1636548&use=l&cat=p&typeid=i","cat":284356},{"id":36155,"n":"Filet de saumon sans flanc   500g","p":15.33,"u":"30,66 €/KG","img":"https://fd5-photos.leclercdrive.fr/image.ashx?id=619910&use=l&cat=p&typeid=i","cat":284342},{"id":36193,"n":"Dés de jambon Tradilège -25% de sel - 2x75g","p":1.5,"u":"10,00 €/KG","img":"https://fd5-photos.leclercdrive.fr/image.ashx?id=2925750&use=l&cat=p&typeid=i","cat":316011},{"id":36194,"n":"Dés de jambon Tradilège Maxi format 2x125g","p":2.47,"u":"9,88 €/KG","img":"https://fd5-photos.leclercdrive.fr/image.ashx?id=2970465&use=l&cat=p&typeid=i","cat":316011},{"id":36195,"n":"Emincés de poulet Tradilège Rôti - Maxi format 2x125g","p":3.59,"u":"14,36 €/KG","img":"https://fd5-photos.leclercdrive.fr/image.ashx?id=2994372&use=l&cat=p&typeid=i","cat":316011},{"id":36197,"n":"Truite fumée Landvika Mini tranches - 100g","p":2.82,"u":"28,20 €/KG","img":"https://fd5-photos.leclercdrive.fr/image.ashx?id=2159415&use=l&cat=p&typeid=i","cat":285188},{"id":36198,"n":"Lardons supérieurs Tradilège Fumés maxi format 2x200g","p":3.39,"u":"8,48 €/KG","img":"https://fd5-photos.leclercdrive.fr/image.ashx?id=2921381&use=l&cat=p&typeid=i","cat":316011},{"id":36199,"n":"Bougies Eco+ Blanche x10","p":2.97,"img":"https://fd5-photos.leclercdrive.fr/image.ashx?id=2635547&use=l&cat=p&typeid=i","cat":335913},{"id":36200,"n":"Coton Démaquillant Eco+ Prédécoupé - 200g","p":1.57,"u":"7,85 €/KG","img":"https://fd5-photos.leclercdrive.fr/image.ashx?id=2724535&use=l&cat=p&typeid=i","cat":285593},{"id":36201,"n":"Crème hydratante Eco+ Visage et corps - 250ml","p":1.59,"u":"6,36 €/L","img":"https://fd5-photos.leclercdrive.fr/image.ashx?id=2487410&use=l&cat=p&typeid=i","cat":325350},{"id":36202,"n":"Recharge crème lavante Eco+ Amande miel - 750ml","p":1.11,"u":"1,48 €/L","img":"https://fd5-photos.leclercdrive.fr/image.ashx?id=2933295&use=l&cat=p&typeid=i","cat":284597},{"id":36203,"n":"Gel douche Eco+ Peaux sensibles - 500ml","p":0.99,"u":"1,98 €/L","img":"https://fd5-photos.leclercdrive.fr/image.ashx?id=2174660&use=l&cat=p&typeid=i","cat":284594},{"id":36205,"n":"Recharge crème lavante Eco+ Fleuri - 750ml","p":1.11,"u":"1,48 €/L","img":"https://fd5-photos.leclercdrive.fr/image.ashx?id=2920903&use=l&cat=p&typeid=i","cat":284597},{"id":36206,"n":"Mousse à raser hydratante Eco+ Peaux normales - 300ml","p":0.85,"u":"2,83 €/L","img":"https://fd5-photos.leclercdrive.fr/image.ashx?id=2422683&use=l&cat=p&typeid=i","cat":284617},{"id":36267,"n":"Noix St Jacques NRT de Normandie - 300g","p":16.95,"u":"56,50 €/KG","img":"https://fd5-photos.leclercdrive.fr/image.ashx?id=1961976&use=l&cat=p&typeid=i","cat":319787},{"id":36308,"n":"Shampooing Nateïs Camomille abricot - 250ml","p":1.39,"u":"5,56 €/L","img":"https://fd5-photos.leclercdrive.fr/image.ashx?id=2626790&use=l&cat=p&typeid=i","cat":284606},{"id":36309,"n":"Shampooing Nateïs Cranberry Huile de jojoba 250ml","p":1.4,"u":"5,60 €/L","img":"https://fd5-photos.leclercdrive.fr/image.ashx?id=2358700&use=l&cat=p&typeid=i","cat":284606},{"id":36310,"n":"Shampooing Nateïs Argile Pamplemousse - 250ml","p":1.39,"u":"5,56 €/L","img":"https://fd5-photos.leclercdrive.fr/image.ashx?id=2358697&use=l&cat=p&typeid=i","cat":284606},{"id":36311,"n":"Shampooing Nateïs Huile d'argan - 250ml","p":1.29,"u":"5,16 €/L","img":"https://fd5-photos.leclercdrive.fr/image.ashx?id=2652906&use=l&cat=p&typeid=i","cat":284606},{"id":36312,"n":"Shampooing Nateïs Henné / Cassis - 250ml","p":1.57,"u":"6,28 €/L","img":"https://fd5-photos.leclercdrive.fr/image.ashx?id=2652903&use=l&cat=p&typeid=i","cat":284606},{"id":36313,"n":"Shampooing extra-doux Nateïs Karité / Huile d'avocat - 250ml","p":1.39,"u":"5,56 €/L","img":"https://fd5-photos.leclercdrive.fr/image.ashx?id=2345559&use=l&cat=p&typeid=i","cat":284606},{"id":36314,"n":"Shampooing Nateïs Fleur de tilleul pomme verte - 250ml","p":1.27,"u":"5,08 €/L","img":"https://fd5-photos.leclercdrive.fr/image.ashx?id=1898913&use=l&cat=p&typeid=i","cat":284606},{"id":36317,"n":"Dessert fruitier pomme Douceur Verger s/sucre 8x100g","p":1.99,"u":"2,49 €/KG","img":"https://fd5-photos.leclercdrive.fr/image.ashx?id=1957093&use=l&cat=p&typeid=i","cat":284416},{"id":36346,"n":"Rondelé au Bleu d'Aveyron 125g","p":1.67,"u":"13,36 €/KG","img":"https://fd5-photos.leclercdrive.fr/image.ashx?id=2877751&use=l&cat=p&typeid=i","cat":314029},{"id":36347,"n":"Rondelé aux Noix 125g","p":1.67,"u":"13,36 €/KG","img":"https://fd5-photos.leclercdrive.fr/image.ashx?id=2967732&use=l&cat=p&typeid=i","cat":314029},{"id":36348,"n":"Papier aluminium Alfapac Gaufré - Rouleau 20m","p":2.97,"img":"https://fd5-photos.leclercdrive.fr/image.ashx?id=2870446&use=l&cat=p&typeid=i","cat":334134},{"id":36354,"n":"Crème hydratante Mots d'Enfants Bio visage et corps - 75ml","p":2.19,"u":"29,20 €/L","img":"https://fd5-photos.leclercdrive.fr/image.ashx?id=3015078&use=l&cat=p&typeid=i","cat":284741},{"id":36355,"n":"Compote Douceur du Verger  Pomme Rhubarbe - 4x100g","p":1.28,"u":"3,20 €/KG","img":"https://fd5-photos.leclercdrive.fr/image.ashx?id=2554581&use=l&cat=p&typeid=i","cat":284416},{"id":36356,"n":"Compote Douceur du Verger Pomme Framboise - 4x100g","p":1.46,"u":"3,65 €/KG","img":"https://fd5-photos.leclercdrive.fr/image.ashx?id=724744&use=l&cat=p&typeid=i","cat":284416},{"id":36377,"n":"Canistrelli Biscuiterie d'afa Noisette 350g","p":3.72,"u":"10,63 €/KG","img":"https://fd5-photos.leclercdrive.fr/image.ashx?id=2453454&use=l&cat=p&typeid=i","cat":284487},{"id":36378,"n":"Jus d'Orange Pago A base concentré - 12x20cl","p":11.69,"u":"4,87 €/L","img":"https://fd5-photos.leclercdrive.fr/image.ashx?id=715133&use=l&cat=p&typeid=i","cat":284521},{"id":36380,"n":"Jus de fruits Pago orange Carotte Citron - 12x20cl","p":11.82,"u":"4,93 €/L","img":"https://fd5-photos.leclercdrive.fr/image.ashx?id=715189&use=l&cat=p&typeid=i","cat":284917},{"id":36381,"n":"Jus de fruit Pago Ananas 12x20cl","p":10.22,"u":"4,26 €/L","img":"https://fd5-photos.leclercdrive.fr/image.ashx?id=715129&use=l&cat=p&typeid=i","cat":284916},{"id":36382,"n":"Jus de fruit Pago Fraise - 12x20cl","p":15.46,"u":"6,44 €/L","img":"https://fd5-photos.leclercdrive.fr/image.ashx?id=715181&use=l&cat=p&typeid=i","cat":284915},{"id":36383,"n":"Huile olive Moulin de Prunete  Vierge extra - 75cl","p":17.59,"u":"23,45 €/L","img":"https://fd5-photos.leclercdrive.fr/image.ashx?id=720894&use=l&cat=p&typeid=i","cat":284453},{"id":36388,"n":"Bière ambrée corse Pietra 6° - 6x25cl","p":8.18,"u":"5,45 €/L","img":"https://fd5-photos.leclercdrive.fr/image.ashx?id=3011464&use=l&cat=p&typeid=i","cat":334872},{"id":36394,"n":"Yaourt aromatisé aux Fruits Panachés Frulos - 16x125g","p":2.82,"u":"1,41 €/KG","img":"https://fd5-photos.leclercdrive.fr/image.ashx?id=2799895&use=l&cat=p&typeid=i","cat":286006},{"id":36395,"n":"Yaourt Nature Sucré Yoplait - 12x125g","p":2.97,"u":"1,98 €/KG","img":"https://fd5-photos.leclercdrive.fr/image.ashx?id=2796827&use=l&cat=p&typeid=i","cat":284409},{"id":36396,"n":"Gâteau fourré Mini BN Chocolat 175g","p":1.88,"u":"10,74 €/KG","img":"https://fd5-photos.leclercdrive.fr/image.ashx?id=2746854&use=l&cat=p&typeid=i","cat":284488},{"id":36397,"n":"Biscuits Mini BN Goûter à la fraise - 175g","p":1.72,"u":"9,83 €/KG","img":"https://fd5-photos.leclercdrive.fr/image.ashx?id=2748212&use=l&cat=p&typeid=i","cat":284489},{"id":36399,"n":"Pizza La Pizz Sodebo Chèvre lardons - 470g","p":3.09,"u":"6,57 €/KG","img":"https://fd5-photos.leclercdrive.fr/image.ashx?id=2851494&use=l&cat=p&typeid=i","cat":333679},{"id":36402,"n":"Pizza Dolce Sodebo Prosciutto Jambon Mozza - 400g","p":3.86,"u":"9,65 €/KG","img":"https://fd5-photos.leclercdrive.fr/image.ashx?id=2919277&use=l&cat=p&typeid=i","cat":333679},{"id":36403,"n":"Pizza Dolce Sodebo Campanella Jambon Speck - 380g","p":3.87,"u":"10,18 €/KG","img":"https://fd5-photos.leclercdrive.fr/image.ashx?id=2921639&use=l&cat=p&typeid=i","cat":333679},{"id":36404,"n":"Pizza Dolce Sodebo Regina Jambon Champignons 400g","p":3.51,"u":"8,78 €/KG","img":"https://fd5-photos.leclercdrive.fr/image.ashx?id=3008251&use=l&cat=p&typeid=i","cat":333679},{"id":36412,"n":"Compote Douceur du Verger Coupelle pomme - 16x100g","p":3.09,"u":"1,93 €/KG","img":"https://fd5-photos.leclercdrive.fr/image.ashx?id=2663512&use=l&cat=p&typeid=i","cat":284508},{"id":36414,"n":"Compote Douceur du Verger Coupelle pomme - 8x100g","p":1.89,"u":"2,36 €/KG","img":"https://fd5-photos.leclercdrive.fr/image.ashx?id=2663506&use=l&cat=p&typeid=i","cat":284508},{"id":36416,"n":"Compote Douceur du Verger Coupelle pomme rhubarbe -4x100g","p":1.3,"u":"3,25 €/KG","img":"https://fd5-photos.leclercdrive.fr/image.ashx?id=2663521&use=l&cat=p&typeid=i","cat":284508},{"id":36417,"n":"Compote Douceur du Verger Gourdes multivariétés - 4x90g","p":1.69,"u":"4,69 €/KG","img":"https://fd5-photos.leclercdrive.fr/image.ashx?id=2805030&use=l&cat=p&typeid=i","cat":284508},{"id":36418,"n":"Compote Douceur du Verger Gourdes Pomme Poire - 4x90g","p":1.49,"u":"4,14 €/KG","img":"https://fd5-photos.leclercdrive.fr/image.ashx?id=2837054&use=l&cat=p&typeid=i","cat":284508},{"id":36419,"n":"Compote Douceur du Verger Coupelle pomme - 4x100g","p":0.99,"u":"2,48 €/KG","img":"https://fd5-photos.leclercdrive.fr/image.ashx?id=2663524&use=l&cat=p&typeid=i","cat":284508},{"id":36421,"n":"Fromage Petit Livarot NRT AOP  250g","p":4.99,"u":"19,96 €/KG","img":"https://fd5-photos.leclercdrive.fr/image.ashx?id=2070440&use=l&cat=p&typeid=i","cat":329558},{"id":36424,"n":"Brownie P'tit Deli Chocolat noisette 285g","p":1.85,"u":"6,49 €/KG","img":"https://fd5-photos.leclercdrive.fr/image.ashx?id=2892055&use=l&cat=p&typeid=i","cat":294776},{"id":36437,"n":"Friandises pour chien Lydog Assortiment sticks - x15 126g","p":1.33,"u":"10,56 €/KG","img":"https://fd5-photos.leclercdrive.fr/image.ashx?id=1947271&use=l&cat=p&typeid=i","cat":294527},{"id":36438,"n":"Sticks dentaires Lydog Petit chien - x7 110g","p":0.99,"u":"9,00 €/KG","img":"https://fd5-photos.leclercdrive.fr/image.ashx?id=2984498&use=l&cat=p&typeid=i","cat":294527},{"id":36440,"n":"Sticks dentaires Lydog Grand chien - x7 - 270g","p":2.09,"u":"7,74 €/KG","img":"https://fd5-photos.leclercdrive.fr/image.ashx?id=1947274&use=l&cat=p&typeid=i","cat":294527},{"id":36441,"n":"Aiguillettes poulet Tradilège Rôti - 2x75g","p":2.02,"u":"13,47 €/KG","img":"https://fd5-photos.leclercdrive.fr/image.ashx?id=2994375&use=l&cat=p&typeid=i","cat":316011},{"id":36445,"n":"Râpé de jambon Tradilège Fumé - 150g","p":1.79,"u":"11,93 €/KG","img":"https://fd5-photos.leclercdrive.fr/image.ashx?id=2970468&use=l&cat=p&typeid=i","cat":316011},{"id":36454,"n":"Pastilles NRT  Du Bassin de Vichy - 230g","p":0.98,"u":"4,26 €/KG","img":"https://fd5-photos.leclercdrive.fr/image.ashx?id=2771079&use=l&cat=p&typeid=i","cat":304252},{"id":36475,"n":"Thé glacé Fresh Tea Pêche - 6x25cl","p":2.88,"u":"1,92 €/L","img":"https://fd5-photos.leclercdrive.fr/image.ashx?id=2622263&use=l&cat=p&typeid=i","cat":295019},{"id":36498,"n":"IGP vin rouge Merlot Bio Pays d'Oc 13.5% vol - 75cl","p":3.88,"u":"5,17 €/L","img":"https://fd5-photos.leclercdrive.fr/image.ashx?id=2756900&use=l&cat=p&typeid=i","cat":289556},{"id":36504,"n":"Pizza La Pizz Sodebo Jambon emmental - 470g","p":2.63,"u":"5,60 €/KG","img":"https://fd5-photos.leclercdrive.fr/image.ashx?id=2886786&use=l&cat=p&typeid=i","cat":333679},{"id":36515,"n":"Dragées Choco Peanuts Cacahuètes - 300g","p":2.39,"u":"7,97 €/KG","img":"https://fd5-photos.leclercdrive.fr/image.ashx?id=2474063&use=l&cat=p&typeid=i","cat":304238},{"id":36607,"n":"Pavés de Saumon  2x140g","p":9.45,"u":"33,75 €/KG","img":"https://fd5-photos.leclercdrive.fr/image.ashx?id=618942&use=l&cat=p&typeid=i","cat":284342},{"id":36633,"n":"Glace Cône Nestlé Extrême Crème brulée x6 - 426g","p":3.65,"u":"8,57 €/KG","img":"https://fd5-photos.leclercdrive.fr/image.ashx?id=2831672&use=l&cat=p&typeid=i","cat":284264},{"id":36649,"n":"Infusion Tiséa pomme cannelle 25 sachets 55g","p":1.38,"u":"25,09 €/KG","img":"https://fd5-photos.leclercdrive.fr/image.ashx?id=2469562&use=l&cat=p&typeid=i","cat":293234},{"id":36650,"n":"Barres céréales Bio Village Bio Fraise x6 125g","p":1.79,"u":"14,32 €/KG","img":"https://fd5-photos.leclercdrive.fr/image.ashx?id=2807306&use=l&cat=p&typeid=i","cat":285869},{"id":36651,"n":"Barres céréales Bio Village Bio Chocolat noir x6 125g","p":1.95,"u":"15,60 €/KG","img":"https://fd5-photos.leclercdrive.fr/image.ashx?id=2807309&use=l&cat=p&typeid=i","cat":285869},{"id":36656,"n":"Soupe liquide Liebig  Velouté 10 légumes - Brique 1L","p":1.59,"u":"1,59 €/L","img":"https://fd5-photos.leclercdrive.fr/image.ashx?id=2892133&use=l&cat=p&typeid=i","cat":284462},{"id":36658,"n":"Soupe liquide Liebig  Mouliné 10 légumes - Brique 1L","p":1.59,"u":"1,59 €/L","img":"https://fd5-photos.leclercdrive.fr/image.ashx?id=2651396&use=l&cat=p&typeid=i","cat":284462},{"id":36666,"n":"Miel Languedoc-Roussillon Nos Régions ont du Talent 375g","p":5.99,"u":"15,97 €/KG","img":"https://fd5-photos.leclercdrive.fr/image.ashx?id=2771402&use=l&cat=p&typeid=i","cat":287643},{"id":36672,"n":"Repas Babybio Bio Dinde haricots verts 230g","p":2.19,"u":"9,52 €/KG","img":"https://fd5-photos.leclercdrive.fr/image.ashx?id=2859353&use=l&cat=p&typeid=i","cat":312237},{"id":36682,"n":"Aluminium Elembal Extra 20m","p":2.69,"u":"0,13 €/MT","img":"https://fd5-photos.leclercdrive.fr/image.ashx?id=2940908&use=l&cat=p&typeid=i","cat":334134},{"id":36704,"n":"Sucre en morceaux Daddy Demi-morceaux rond - 750g","p":1.48,"u":"1,97 €/KG","img":"https://fd5-photos.leclercdrive.fr/image.ashx?id=2907947&use=l&cat=p&typeid=i","cat":284502},{"id":36706,"n":"Sucre glace Daddy Sachet 1kg","p":2.37,"u":"2,37 €/KG","img":"https://fd5-photos.leclercdrive.fr/image.ashx?id=2973589&use=l&cat=p&typeid=i","cat":284502},{"id":36710,"n":"Sucre canne Béghin Say Pure - en morceaux - 750g","p":2.21,"u":"2,95 €/KG","img":"https://fd5-photos.leclercdrive.fr/image.ashx?id=2948830&use=l&cat=p&typeid=i","cat":284502},{"id":36711,"n":"Sucre cassonade Béghin Say En poudre - 750g","p":2.09,"u":"2,79 €/KG","img":"https://fd5-photos.leclercdrive.fr/image.ashx?id=2949928&use=l&cat=p&typeid=i","cat":284502},{"id":36714,"n":"Sucre en poudre Saint Louis 1kg","p":2.44,"u":"2,44 €/KG","img":"https://fd5-photos.leclercdrive.fr/image.ashx?id=2624242&use=l&cat=p&typeid=i","cat":284502},{"id":36720,"n":"Haricots blancs à la tomate 400 g","p":0.75,"u":"1,88 €/KG","img":"https://fd5-photos.leclercdrive.fr/image.ashx?id=2988078&use=l&cat=p&typeid=i","cat":312606},{"id":36721,"n":"Lait chat et chaton Whiskas 3x200ml","p":2.54,"u":"4,23 €/L","img":"https://fd5-photos.leclercdrive.fr/image.ashx?id=2759670&use=l&cat=p&typeid=i","cat":285285},{"id":36756,"n":"Haricots Blancs à la tomate 800g","p":1.08,"u":"1,35 €/KG","img":"https://fd5-photos.leclercdrive.fr/image.ashx?id=2988075&use=l&cat=p&typeid=i","cat":312606},{"id":36765,"n":"Viande bovine : Rôti**  750g","p":17.79,"u":"23,72 €/KG","img":"https://fd5-photos.leclercdrive.fr/image.ashx?id=1495743&use=l&cat=p&typeid=i","cat":284328},{"id":36811,"n":"Chewing-gum Freedent Fraise 5x10 dragées 70g","p":2.28,"u":"32,57 €/KG","img":"https://fd5-photos.leclercdrive.fr/image.ashx?id=2325485&use=l&cat=p&typeid=i","cat":304251},{"id":36819,"n":"Chocolat Noir After Eight Fourré Menthe - 300g","p":4.25,"u":"14,17 €/KG","img":"https://fd5-photos.leclercdrive.fr/image.ashx?id=2348782&use=l&cat=p&typeid=i","cat":284499},{"id":36821,"n":"Biscuits M&M's  x10 - 198g","p":2.36,"u":"11,92 €/KG","img":"https://fd5-photos.leclercdrive.fr/image.ashx?id=2148416&use=l&cat=p&typeid=i","cat":284488},{"id":36824,"n":"Tablette Villars Chocolat au lait & liqueur de poire 100g","p":3.27,"u":"32,70 €/KG","img":"https://fd5-photos.leclercdrive.fr/image.ashx?id=2656174&use=l&cat=p&typeid=i","cat":284497},{"id":36825,"n":"Tablette chocolat Minis Milka Chocolat au lait - 200g","p":4.08,"u":"20,40 €/KG","img":"https://fd5-photos.leclercdrive.fr/image.ashx?id=2188521&use=l&cat=p&typeid=i","cat":284497},{"id":36833,"n":"BB Crème teintée médium Inell Hydratante 5 en 1 - 50ml","p":3.45,"u":"69,00 €/L","img":"https://fd5-photos.leclercdrive.fr/image.ashx?id=2822120&use=l&cat=p&typeid=i","cat":325345},{"id":36834,"n":"BB Crème teintée clair Inell  Hydratante 5en1 - 50ml","p":3.45,"u":"69,00 €/L","img":"https://fd5-photos.leclercdrive.fr/image.ashx?id=2691649&use=l&cat=p&typeid=i","cat":325345},{"id":36835,"n":"Crochets anti-mites Insectivor Lavande 2x3ml","p":1.69,"u":"0,85 €/P","img":"https://fd5-photos.leclercdrive.fr/image.ashx?id=2849581&use=l&cat=p&typeid=i","cat":298368},{"id":36836,"n":"Gel douche Carré Homme Tonifiant 250ml","p":1.22,"u":"4,88 €/L","img":"https://fd5-photos.leclercdrive.fr/image.ashx?id=2927857&use=l&cat=p&typeid=i","cat":284619},{"id":36847,"n":"Tablette chocolat Milka Chocolat au lait/Oreo - 2x100g","p":2.97,"u":"14,85 €/KG","img":"https://fd5-photos.leclercdrive.fr/image.ashx?id=2382321&use=l&cat=p&typeid=i","cat":284497},{"id":36849,"n":"Recharges plumeaux Clair Jetables x10","p":4.46,"u":"0,45 €/P","img":"https://fd5-photos.leclercdrive.fr/image.ashx?id=2832948&use=l&cat=p&typeid=i","cat":325364},{"id":36853,"n":"Porc : Poitrine tranchée x4  400g","p":5.61,"u":"14,03 €/KG","img":"https://fd5-photos.leclercdrive.fr/image.ashx?id=2117982&use=l&cat=p&typeid=i","cat":284331},{"id":36878,"n":"IGP Côtes de Gascogne moelleux Terrasses d'Autan 11.5% - 75cl","p":3.99,"u":"5,32 €/L","img":"https://fd5-photos.leclercdrive.fr/image.ashx?id=2623407&use=l&cat=p&typeid=i","cat":289557},{"id":36886,"n":"Miel de montagne L'Apiculteur Crémeux - 500g","p":5.37,"u":"10,74 €/KG","img":"https://fd5-photos.leclercdrive.fr/image.ashx?id=2310926&use=l&cat=p&typeid=i","cat":287643},{"id":36903,"n":"Lentilles vertes NRT Du Centre-Val-de-Loire - 500g","p":1.99,"u":"3,98 €/KG","img":"https://fd5-photos.leclercdrive.fr/image.ashx?id=2771399&use=l&cat=p&typeid=i","cat":284430},{"id":36916,"n":"Brioche vendéenne IGP NRT Tranchée - 450g","p":3.24,"u":"7,20 €/KG","img":"https://fd5-photos.leclercdrive.fr/image.ashx?id=2791932&use=l&cat=p&typeid=i","cat":284478},{"id":36917,"n":"Canistrelli Corse NRT Amandes - 300g","p":3.65,"u":"12,17 €/KG","img":"https://fd5-photos.leclercdrive.fr/image.ashx?id=2954490&use=l&cat=p&typeid=i","cat":284487},{"id":36919,"n":"Rillettes de thon blanc NRT Au sel de Guérande - 125g","p":2.19,"u":"17,52 €/KG","img":"https://fd5-photos.leclercdrive.fr/image.ashx?id=2775451&use=l&cat=p&typeid=i","cat":303867},{"id":36920,"n":"Protège-slips Doulys Ultra-mince - Large - x30","p":0.82,"u":"0,03 €/P","img":"https://fd5-photos.leclercdrive.fr/image.ashx?id=2847967&use=l&cat=p&typeid=i","cat":284625},{"id":37014,"n":"Cuadro Novi Chocolat  noisettes - 150g","p":5.02,"u":"33,47 €/KG","img":"https://fd5-photos.leclercdrive.fr/image.ashx?id=2615167&use=l&cat=p&typeid=i","cat":327595},{"id":37025,"n":"Granulés de bois Pellex Poêles à granulés sac - 15kg","p":4.89,"u":"0,33 €/KG","img":"https://fd5-photos.leclercdrive.fr/image.ashx?id=2023646&use=l&cat=p&typeid=i","cat":300577},{"id":37030,"n":"Farine suprême Francine 1kg","p":1.7,"u":"1,70 €/KG","img":"https://fd5-photos.leclercdrive.fr/image.ashx?id=2902654&use=l&cat=p&typeid=i","cat":284503},{"id":37031,"n":"Huile d'olive Puget Vierge extra - 1,5L","p":17.47,"u":"11,65 €/L","img":"https://fd5-photos.leclercdrive.fr/image.ashx?id=2144452&use=l&cat=p&typeid=i","cat":284453},{"id":37032,"n":"Huile Fruit d'Or De Tournesol et Colza - 2L","p":9.46,"u":"4,73 €/L","img":"https://fd5-photos.leclercdrive.fr/image.ashx?id=2450874&use=l&cat=p&typeid=i","cat":284453},{"id":37033,"n":"Douceur Crème balsamique  Rustica - 25cl","p":1.79,"u":"7,16 €/L","img":"https://fd5-photos.leclercdrive.fr/image.ashx?id=2781877&use=l&cat=p&typeid=i","cat":284456},{"id":37035,"n":"Sauces Classic Mix Bénédicta 4 sauces de 85g - 330g","p":3.01,"u":"9,12 €/KG","img":"https://fd5-photos.leclercdrive.fr/image.ashx?id=2616171&use=l&cat=p&typeid=i","cat":318430},{"id":37049,"n":"Sauce Samourai Amora 255g","p":1.56,"u":"6,93 €/KG","img":"https://fd5-photos.leclercdrive.fr/image.ashx?id=2893838&use=l&cat=p&typeid=i","cat":318431},{"id":37053,"n":"Sucre pure canne Beghin Say Petits morceaux - 1kg","p":3.33,"u":"3,33 €/KG","img":"https://fd5-photos.leclercdrive.fr/image.ashx?id=2949922&use=l&cat=p&typeid=i","cat":284502},{"id":37054,"n":"Sucre pure canne Beghin Say Morceaux - 1kg","p":2.1,"u":"2,10 €/KG","img":"https://fd5-photos.leclercdrive.fr/image.ashx?id=2978688&use=l&cat=p&typeid=i","cat":284502},{"id":37105,"n":"Beurre de cacahuètes Skippy Creamy - 340g","p":4.77,"u":"14,03 €/KG","img":"https://fd5-photos.leclercdrive.fr/image.ashx?id=2652203&use=l&cat=p&typeid=i","cat":284481},{"id":37107,"n":"Gel lavant mains Manava Spécial cuisine - 300ml","p":0.99,"u":"3,30 €/L","img":"https://fd5-photos.leclercdrive.fr/image.ashx?id=2355151&use=l&cat=p&typeid=i","cat":284597},{"id":37149,"n":"Cookies Méga pépites P'tit Déli Chocolat noisettes 184g","p":1.51,"u":"8,21 €/KG","img":"https://fd5-photos.leclercdrive.fr/image.ashx?id=2116149&use=l&cat=p&typeid=i","cat":325066},{"id":37199,"n":"Poêlée Notre Jardin Parisienne 750g","p":2.24,"u":"2,99 €/KG","img":"https://fd5-photos.leclercdrive.fr/image.ashx?id=2865062&use=l&cat=p&typeid=i","cat":319823},{"id":37255,"n":"Céréales Extra Kellogg's Noisettes Caramelisées - 500g","p":3.48,"u":"6,96 €/KG","img":"https://fd5-photos.leclercdrive.fr/image.ashx?id=2736598&use=l&cat=p&typeid=i","cat":309512},{"id":37260,"n":"Boisson au thé Fresh Tea Citron vert - 1,5L","p":1.22,"u":"0,81 €/L","img":"https://fd5-photos.leclercdrive.fr/image.ashx?id=2622257&use=l&cat=p&typeid=i","cat":295019},{"id":37261,"n":"Boisson au thé Fresh Tea Mangue - 1,5L","p":1.24,"u":"0,83 €/L","img":"https://fd5-photos.leclercdrive.fr/image.ashx?id=2622260&use=l&cat=p&typeid=i","cat":295019},{"id":37262,"n":"Boisson au thé Fresh Tea Framboise - 1,5L","p":1.33,"u":"0,89 €/L","img":"https://fd5-photos.leclercdrive.fr/image.ashx?id=2622254&use=l&cat=p&typeid=i","cat":295019},{"id":37278,"n":"Orangina Pik Haribo Sachet bonbons acidulés - 250g","p":1.89,"u":"7,56 €/KG","img":"https://fd5-photos.leclercdrive.fr/image.ashx?id=2806090&use=l&cat=p&typeid=i","cat":304250},{"id":37281,"n":"Bonbons Longfizz Lutti 200g","p":1.45,"u":"7,25 €/KG","img":"https://fd5-photos.leclercdrive.fr/image.ashx?id=2962173&use=l&cat=p&typeid=i","cat":304250},{"id":37283,"n":"Compote bio Bio Village Pomme châtaigne - 4x100g","p":1.89,"u":"4,73 €/KG","img":"https://fd5-photos.leclercdrive.fr/image.ashx?id=725380&use=l&cat=p&typeid=i","cat":284416},{"id":37286,"n":"Paëlla royale Marie 900g","p":4.27,"u":"4,74 €/KG","img":"https://fd5-photos.leclercdrive.fr/image.ashx?id=2996770&use=l&cat=p&typeid=i","cat":284254},{"id":37289,"n":"Brocolis 500g","p":0.95,"u":"1,90 €/KG","img":"https://fd5-photos.leclercdrive.fr/image.ashx?id=565332&use=l&cat=p&typeid=i","cat":284352},{"id":37364,"n":"Endive perle du nord Spécial salade x4","p":2.94,"u":"0,74 €/P","img":"https://fd5-photos.leclercdrive.fr/image.ashx?id=612615&use=l&cat=p&typeid=i","cat":284352},{"id":37403,"n":"Sachet fraîcheur chien Pedigree  Mixte en sauce - 12x100g","p":5.02,"u":"4,18 €/KG","img":"https://fd5-photos.leclercdrive.fr/image.ashx?id=2870242&use=l&cat=p&typeid=i","cat":284673},{"id":37417,"n":"Boisson à base de vin rosé  Festalie - 75 cl","p":2.52,"u":"3,36 €/L","img":"https://fd5-photos.leclercdrive.fr/image.ashx?id=2436513&use=l&cat=p&typeid=i","cat":304569},{"id":37428,"n":"Pétillant Festalie sans alcool Framboise - 75cl","p":3.1,"u":"4,13 €/L","img":"https://fd5-photos.leclercdrive.fr/image.ashx?id=2017262&use=l&cat=p&typeid=i","cat":289460},{"id":37438,"n":"Papier cuisson Elembal Rouleau 15m","p":1.79,"img":"https://fd5-photos.leclercdrive.fr/image.ashx?id=2158218&use=l&cat=p&typeid=i","cat":334134},{"id":37452,"n":"Lardons de volaille Tradilège Nature 2x75g","p":1.75,"u":"11,67 €/KG","img":"https://fd5-photos.leclercdrive.fr/image.ashx?id=2882355&use=l&cat=p&typeid=i","cat":316011},{"id":37453,"n":"Lardons de volaille Tradilège Fumés 2x75g","p":1.75,"u":"11,67 €/KG","img":"https://fd5-photos.leclercdrive.fr/image.ashx?id=2882358&use=l&cat=p&typeid=i","cat":316011},{"id":37456,"n":"Saucisse fumée Tradilège VPF x3 375g","p":3.18,"u":"8,48 €/KG","img":"https://fd5-photos.leclercdrive.fr/image.ashx?id=2659085&use=l&cat=p&typeid=i","cat":316012},{"id":37457,"n":"Yaourt bio Les 2 Vaches brassé nature - 4x115g","p":1.46,"u":"3,17 €/KG","img":"https://fd5-photos.leclercdrive.fr/image.ashx?id=2571545&use=l&cat=p&typeid=i","cat":284409},{"id":37467,"n":"Infusion Tiséa Fruits rouges 25 sachets 40g","p":0.92,"u":"23,00 €/KG","img":"https://fd5-photos.leclercdrive.fr/image.ashx?id=2922506&use=l&cat=p&typeid=i","cat":293234},{"id":37468,"n":"Jambon cru Fine Fondante Aoste Sans conservateur - x6 - 100g","p":3.49,"u":"34,90 €/KG","img":"https://fd5-photos.leclercdrive.fr/image.ashx?id=2937172&use=l&cat=p&typeid=i","cat":316007},{"id":37515,"n":"Fondant de Charolais Convivial Steak : 4% mg - x4 480g","p":7.77,"u":"16,19 €/KG","img":"https://fd5-photos.leclercdrive.fr/image.ashx?id=1989060&use=l&cat=p&typeid=i","cat":319779},{"id":37517,"n":"Steack haché boucher Convivial 15% mg - x8 800g","p":12.74,"u":"15,93 €/KG","img":"https://fd5-photos.leclercdrive.fr/image.ashx?id=2960975&use=l&cat=p&typeid=i","cat":319778},{"id":37530,"n":"Porc : Filet sans os x4  500g","p":5.99,"u":"11,98 €/KG","img":"https://fd5-photos.leclercdrive.fr/image.ashx?id=2117976&use=l&cat=p&typeid=i","cat":284331},{"id":37531,"n":"Porc : Escalope de jambon x4 600g","p":5.79,"u":"9,65 €/KG","img":"https://fd5-photos.leclercdrive.fr/image.ashx?id=811106&use=l&cat=p&typeid=i","cat":284331},{"id":37540,"n":"Compote bébé Bio Village Bio Pomme vanille 4 mois 4x100g","p":1.99,"u":"4,98 €/KG","img":"https://fd5-photos.leclercdrive.fr/image.ashx?id=2704750&use=l&cat=p&typeid=i","cat":312387},{"id":37541,"n":"Compote bébé Bio Village Bio Pomme /Banane 4 mois 4x100g","p":1.89,"u":"4,73 €/KG","img":"https://fd5-photos.leclercdrive.fr/image.ashx?id=2704753&use=l&cat=p&typeid=i","cat":312387},{"id":37542,"n":"Compote bébé Bio Village bio Poire williams - 4 mois -4x100g","p":1.89,"u":"4,73 €/KG","img":"https://fd5-photos.leclercdrive.fr/image.ashx?id=2704747&use=l&cat=p&typeid=i","cat":312387},{"id":37580,"n":"Soupe Régal Soupe Légumes et vermicelles - 1L","p":1.84,"u":"1,84 €/L","img":"https://fd5-photos.leclercdrive.fr/image.ashx?id=2983802&use=l&cat=p&typeid=i","cat":284462},{"id":37593,"n":"Snacks chats Tous mes amis Poulet fromage - 60g","p":0.84,"u":"14,00 €/KG","img":"https://fd5-photos.leclercdrive.fr/image.ashx?id=1947280&use=l&cat=p&typeid=i","cat":285285},{"id":37594,"n":"Snacks chats Tous mes amis Boeuf - 60g","p":0.94,"u":"15,67 €/KG","img":"https://fd5-photos.leclercdrive.fr/image.ashx?id=2046107&use=l&cat=p&typeid=i","cat":285285},{"id":37595,"n":"Snacks chats Tous mes amis Saumon - 60g","p":0.89,"u":"14,83 €/KG","img":"https://fd5-photos.leclercdrive.fr/image.ashx?id=1938588&use=l&cat=p&typeid=i","cat":285285},{"id":37596,"n":"Snacks chats Tous mes amis Contre les boules de poils- 60g","p":0.99,"u":"16,50 €/KG","img":"https://fd5-photos.leclercdrive.fr/image.ashx?id=1947277&use=l&cat=p&typeid=i","cat":285285},{"id":37605,"n":"Protège-slips Doulys Extra fin - Plié - x32","p":1.36,"u":"0,04 €/P","img":"https://fd5-photos.leclercdrive.fr/image.ashx?id=2824757&use=l&cat=p&typeid=i","cat":284625},{"id":37615,"n":"Rasoirs jetables Eco+ x10","p":0.71,"u":"0,07 €/P","img":"https://fd5-photos.leclercdrive.fr/image.ashx?id=2913642&use=l&cat=p&typeid=i","cat":284616},{"id":37623,"n":"Trancetto Balconi Cacao x10 280g","p":1.28,"u":"4,57 €/KG","img":"https://fd5-photos.leclercdrive.fr/image.ashx?id=2878414&use=l&cat=p&typeid=i","cat":284495},{"id":37654,"n":"Ravioles du Dauphiné St Jean 500g","p":6.53,"u":"13,06 €/KG","img":"https://fd5-photos.leclercdrive.fr/image.ashx?id=2849794&use=l&cat=p&typeid=i","cat":284254},{"id":37702,"n":"Ananas rondelle Découpe fraîche  400g","p":3.99,"u":"9,98 €/KG","img":"https://fd5-photos.leclercdrive.fr/image.ashx?id=729091&use=l&cat=p&typeid=i","cat":290298},{"id":37712,"n":"Haricots Verts Cassegrain Extra Fins Cueillis main 390g","p":2.9,"u":"7,44 €/KG","img":"https://fd5-photos.leclercdrive.fr/image.ashx?id=2913025&use=l&cat=p&typeid=i","cat":312606},{"id":37713,"n":"Harissa Phare du Cap Bon Tube - 140g","p":0.71,"u":"5,07 €/KG","img":"https://fd5-photos.leclercdrive.fr/image.ashx?id=2239044&use=l&cat=p&typeid=i","cat":289013},{"id":37714,"n":"Harissa Phare du Cap Bon 140g","p":0.69,"u":"4,93 €/KG","img":"https://fd5-photos.leclercdrive.fr/image.ashx?id=1943910&use=l&cat=p&typeid=i","cat":298298},{"id":37774,"n":"Recharge Dentamyl Brosse à dents électrique x2","p":6.99,"u":"3,50 €/P","img":"https://fd5-photos.leclercdrive.fr/image.ashx?id=2790967&use=l&cat=p&typeid=i","cat":297133},{"id":37778,"n":"Lait corps Inell Réparateur - 250ml","p":2.33,"u":"9,32 €/L","img":"https://fd5-photos.leclercdrive.fr/image.ashx?id=2691664&use=l&cat=p&typeid=i","cat":325349},{"id":37842,"n":"Thé glacé zéro Fresh Tea  Pêche - 1,5L","p":1.28,"u":"0,85 €/L","img":"https://fd5-photos.leclercdrive.fr/image.ashx?id=2622266&use=l&cat=p&typeid=i","cat":295019},{"id":37843,"n":"100% Pur jus d'orange Jafaden Sans pulpe - 2L","p":3.54,"u":"1,77 €/L","img":"https://fd5-photos.leclercdrive.fr/image.ashx?id=2796052&use=l&cat=p&typeid=i","cat":284521},{"id":37846,"n":"Boisson à base de vin blanc pêche Festalie BIB 3L","p":7.89,"u":"2,63 €/L","img":"https://fd5-photos.leclercdrive.fr/image.ashx?id=1923586&use=l&cat=p&typeid=i","cat":304569},{"id":37857,"n":"Porc : Rôti dans l'échine  800g","p":7.75,"u":"9,69 €/KG","img":"https://fd5-photos.leclercdrive.fr/image.ashx?id=619038&use=l&cat=p&typeid=i","cat":284331},{"id":37862,"n":"Couches Bébé Eco+ T5 - x52 changes","p":6.94,"u":"0,13 €/P","img":"https://fd5-photos.leclercdrive.fr/image.ashx?id=2487144&use=l&cat=p&typeid=i","cat":284737},{"id":37863,"n":"Compresses stériles Primoplast Ultra-douces x20","p":2.6,"u":"0,13 €/P","img":"https://fd5-photos.leclercdrive.fr/image.ashx?id=2832960&use=l&cat=p&typeid=i","cat":284630},{"id":37864,"n":"Bouchons oreilles Primoplast Mousse x8","p":3.99,"u":"0,50 €/P","img":"https://fd5-photos.leclercdrive.fr/image.ashx?id=2856516&use=l&cat=p&typeid=i","cat":284630},{"id":37866,"n":"Lavette Mamisson Microfibre spécial vitres x1","p":0.85,"img":"https://fd5-photos.leclercdrive.fr/image.ashx?id=2595107&use=l&cat=p&typeid=i","cat":284667},{"id":37873,"n":"Sucre en poudre Beghin Say Extra fin étui bec verseur 1kg","p":2.47,"u":"2,47 €/KG","img":"https://fd5-photos.leclercdrive.fr/image.ashx?id=2527856&use=l&cat=p&typeid=i","cat":284502},{"id":37922,"n":"Crème UHT Elle&Vire Légère Semi épaisse 18%MG - 3x20cl","p":3.73,"u":"6,22 €/L","img":"https://fd5-photos.leclercdrive.fr/image.ashx?id=2811128&use=l&cat=p&typeid=i","cat":284381},{"id":37940,"n":"Beignets de calamar Pescanova A la Romaine 500g","p":3.31,"u":"6,62 €/KG","img":"https://fd5-photos.leclercdrive.fr/image.ashx?id=2983369&use=l&cat=p&typeid=i","cat":319788},{"id":37943,"n":"Chou fleur Découpe fraîche   300g","p":2.85,"u":"9,50 €/KG","img":"https://fd5-photos.leclercdrive.fr/image.ashx?id=733313&use=l&cat=p&typeid=i","cat":290299},{"id":38000,"n":"Shampooing douche Petit Manava Pomme-poire - 500ml","p":2.19,"u":"4,38 €/L","img":"https://fd5-photos.leclercdrive.fr/image.ashx?id=2403694&use=l&cat=p&typeid=i","cat":284606},{"id":38007,"n":"Viande bovine :Paleron *** à mijoter - 800g","p":20.9,"u":"26,13 €/KG","img":"https://fd5-photos.leclercdrive.fr/image.ashx?id=733217&use=l&cat=p&typeid=i","cat":284328},{"id":38022,"n":"Barquette allégée Elle&Vire Doux - 20% MG - 250g","p":2.06,"u":"8,24 €/KG","img":"https://fd5-photos.leclercdrive.fr/image.ashx?id=2763460&use=l&cat=p&typeid=i","cat":284379},{"id":38027,"n":"Quinoa gourmand Tipiak 400g","p":2.38,"u":"5,95 €/KG","img":"https://fd5-photos.leclercdrive.fr/image.ashx?id=2640617&use=l&cat=p&typeid=i","cat":284429},{"id":38032,"n":"Viande bovine jarret  *** avec os 800g à mijoter - 800g","p":10.84,"u":"13,55 €/KG","img":"https://fd5-photos.leclercdrive.fr/image.ashx?id=819496&use=l&cat=p&typeid=i","cat":284328},{"id":38033,"n":"Courge butternut 1p","p":3.25,"img":"https://fd5-photos.leclercdrive.fr/image.ashx?id=1631577&use=l&cat=p&typeid=i","cat":284352},{"id":38035,"n":"Shampooing Petit Nateis 2en1 Enfants - 250ml","p":1.35,"u":"5,40 €/L","img":"https://fd5-photos.leclercdrive.fr/image.ashx?id=1964975&use=l&cat=p&typeid=i","cat":284606},{"id":38036,"n":"Endive Bio  400g","p":4.48,"u":"11,20 €/KG","img":"https://fd5-photos.leclercdrive.fr/image.ashx?id=558004&use=l&cat=p&typeid=i","cat":284352},{"id":38054,"n":"Thé glacé pétillant Liptonic  Ice Tea Pêche - 1,5L","p":2.11,"u":"1,41 €/L","img":"https://fd5-photos.leclercdrive.fr/image.ashx?id=2159598&use=l&cat=p&typeid=i","cat":295019},{"id":38100,"n":"Chocolat en poudre Nesquik Boîte 490g","p":4.12,"u":"8,41 €/KG","img":"https://fd5-photos.leclercdrive.fr/image.ashx?id=3005305&use=l&cat=p&typeid=i","cat":293235},{"id":38138,"n":"Viande bovine bourguignon ***  à mijoter - 1kg","p":14.95,"u":"14,95 €/KG","img":"https://fd5-photos.leclercdrive.fr/image.ashx?id=659562&use=l&cat=p&typeid=i","cat":284328},{"id":38186,"n":"Canistrelli zilia Noisette - 300g","p":4.05,"u":"13,50 €/KG","img":"https://fd5-photos.leclercdrive.fr/image.ashx?id=2254280&use=l&cat=p&typeid=i","cat":284487},{"id":38194,"n":"AOP Corse Vin rouge Terra Vecchia - 75cl","p":8.92,"u":"11,89 €/L","img":"https://fd5-photos.leclercdrive.fr/image.ashx?id=2300833&use=l&cat=p&typeid=i","cat":289556},{"id":38195,"n":"Vin rouge Clos Culombu 75cl","p":15.0,"u":"20,00 €/L","img":"https://fd5-photos.leclercdrive.fr/image.ashx?id=830240&use=l&cat=p&typeid=i","cat":289556},{"id":38196,"n":"Vin rouge Clos Teddi Patrimonio - 75cl","p":13.95,"u":"18,60 €/L","img":"https://fd5-photos.leclercdrive.fr/image.ashx?id=1594251&use=l&cat=p&typeid=i","cat":289556},{"id":38197,"n":"AOP Vin rosé Domaine  Corse Terra Vecchia - 75cl","p":8.92,"u":"11,89 €/L","img":"https://fd5-photos.leclercdrive.fr/image.ashx?id=2023203&use=l&cat=p&typeid=i","cat":289558},{"id":38198,"n":"Vin rosé Clos Culombu Corse Bio - 75cl","p":14.29,"u":"19,05 €/L","img":"https://fd5-photos.leclercdrive.fr/image.ashx?id=830236&use=l&cat=p&typeid=i","cat":289558},{"id":38199,"n":"Vin rosé Clos Teddi Patrimonio - 75cl","p":14.4,"u":"19,20 €/L","img":"https://fd5-photos.leclercdrive.fr/image.ashx?id=1595354&use=l&cat=p&typeid=i","cat":289558},{"id":38202,"n":"Vin rosé Réserve des Agriate Patrimonio - 75cl","p":4.99,"u":"6,65 €/L","img":"https://fd5-photos.leclercdrive.fr/image.ashx?id=736025&use=l&cat=p&typeid=i","cat":289558},{"id":38203,"n":"Vin blanc Clos Teddi Patrimonio - 75cl","p":14.33,"u":"19,11 €/L","img":"https://fd5-photos.leclercdrive.fr/image.ashx?id=1594254&use=l&cat=p&typeid=i","cat":289557},{"id":38205,"n":"Vin blanc Terra Vecchia Corse AOP - 75cl","p":7.94,"u":"10,59 €/L","img":"https://fd5-photos.leclercdrive.fr/image.ashx?id=830160&use=l&cat=p&typeid=i","cat":289557},{"id":38206,"n":"Vin blanc Vico Corse - 75cl","p":7.0,"u":"9,33 €/L","img":"https://fd5-photos.leclercdrive.fr/image.ashx?id=830128&use=l&cat=p&typeid=i","cat":289557},{"id":38216,"n":"Fine liqueur de myrthe Casa Angeli - 37,5cl","p":14.95,"u":"39,87 €/L","img":"https://fd5-photos.leclercdrive.fr/image.ashx?id=735977&use=l&cat=p&typeid=i","cat":286032},{"id":38217,"n":"Limoncellu Casa Angeli 37,5cl","p":14.95,"u":"39,87 €/L","img":"https://fd5-photos.leclercdrive.fr/image.ashx?id=735973&use=l&cat=p&typeid=i","cat":286032},{"id":38220,"n":"Pansements Primoplast Anti-ampoules x6","p":3.15,"img":"https://fd5-photos.leclercdrive.fr/image.ashx?id=2955716&use=l&cat=p&typeid=i","cat":284630},{"id":38226,"n":"Compresses stériles Primoplast Gaze x60","p":4.99,"u":"0,08 €/P","img":"https://fd5-photos.leclercdrive.fr/image.ashx?id=2834181&use=l&cat=p&typeid=i","cat":284630},{"id":38227,"n":"Compresses stériles Primoplast Gaze x10","p":1.3,"u":"0,13 €/P","img":"https://fd5-photos.leclercdrive.fr/image.ashx?id=2856510&use=l&cat=p&typeid=i","cat":284630},{"id":38228,"n":"Vaseline Primoplast Tube 50ml","p":1.47,"u":"29,40 €/L","img":"https://fd5-photos.leclercdrive.fr/image.ashx?id=2856519&use=l&cat=p&typeid=i","cat":284630},{"id":38230,"n":"Mouchoirs blancs 4 plis Caresse Pock kid mouchoirs papier x10","p":1.12,"u":"0,11 €/P","img":"https://fd5-photos.leclercdrive.fr/image.ashx?id=2856687&use=l&cat=p&typeid=i","cat":284638},{"id":38232,"n":"Mouchoirs blancs 3 plis Caresse Boîte décor aléatoire Kids -x60","p":1.75,"u":"0,03 €/P","img":"https://fd5-photos.leclercdrive.fr/image.ashx?id=2814432&use=l&cat=p&typeid=i","cat":284638},{"id":38234,"n":"Dessert - P'tit Brassé Nestlé Banane - dès 6 mois - 4x100g","p":2.26,"u":"5,65 €/KG","img":"https://fd5-photos.leclercdrive.fr/image.ashx?id=2615131&use=l&cat=p&typeid=i","cat":312392},{"id":38235,"n":"Dessert - P'tit Brassé Nestlé Framboise - dès 6 mois - 4x100g","p":1.81,"u":"4,53 €/KG","img":"https://fd5-photos.leclercdrive.fr/image.ashx?id=2604876&use=l&cat=p&typeid=i","cat":312392},{"id":38236,"n":"Dessert - P'tit Brassé Nestlé Abricot - dès 6 mois - 4x100g","p":2.26,"u":"5,65 €/KG","img":"https://fd5-photos.leclercdrive.fr/image.ashx?id=2600569&use=l&cat=p&typeid=i","cat":312392},{"id":38237,"n":"Dessert - P'tit Brassé Nestlé Poire - dès 6 mois - 4x100g","p":2.26,"u":"5,65 €/KG","img":"https://fd5-photos.leclercdrive.fr/image.ashx?id=2615756&use=l&cat=p&typeid=i","cat":312392},{"id":38238,"n":"Dessert - P'tit Brassé Nestlé Fraise - dès 6 mois - 4x100g","p":1.79,"u":"4,48 €/KG","img":"https://fd5-photos.leclercdrive.fr/image.ashx?id=2510187&use=l&cat=p&typeid=i","cat":312392},{"id":38239,"n":"Dessert - P'tit Brassé Nestlé Myrtille - dès 6 mois - 4x100g","p":2.26,"u":"5,65 €/KG","img":"https://fd5-photos.leclercdrive.fr/image.ashx?id=2583235&use=l&cat=p&typeid=i","cat":312392},{"id":38286,"n":"Bière blonde Paulaner WeissBier 5.5%vol. - 50cl","p":1.66,"u":"3,32 €/L","img":"https://fd5-photos.leclercdrive.fr/image.ashx?id=2354620&use=l&cat=p&typeid=i","cat":334872},{"id":38297,"n":"Matière grasse St Hubert Omega3 52%mg - demi-sel - 510g","p":4.0,"u":"7,84 €/KG","img":"https://fd5-photos.leclercdrive.fr/image.ashx?id=2734099&use=l&cat=p&typeid=i","cat":315229},{"id":38298,"n":"Matière grasse St Hubert Omega 3 - 52%mg - doux - 510g","p":3.72,"u":"7,29 €/KG","img":"https://fd5-photos.leclercdrive.fr/image.ashx?id=2734108&use=l&cat=p&typeid=i","cat":315229},{"id":38304,"n":"Taboulé Pierre Martinet Au poulet - 300g","p":1.79,"u":"5,97 €/KG","img":"https://fd5-photos.leclercdrive.fr/image.ashx?id=2990529&use=l&cat=p&typeid=i","cat":333657},{"id":38322,"n":"Compote Douceur du Verger Gourdes multivariétés - 20x90g","p":5.95,"u":"3,31 €/KG","img":"https://fd5-photos.leclercdrive.fr/image.ashx?id=2837060&use=l&cat=p&typeid=i","cat":284508},{"id":38337,"n":"Huile sèche corps Inell Nourrissante - 150ml","p":3.82,"u":"25,47 €/L","img":"https://fd5-photos.leclercdrive.fr/image.ashx?id=2604349&use=l&cat=p&typeid=i","cat":325349},{"id":38342,"n":"Fromage Emmental Entremont Le Dégustation tranchés - 150g","p":2.0,"u":"13,33 €/KG","img":"https://fd5-photos.leclercdrive.fr/image.ashx?id=2951734&use=l&cat=p&typeid=i","cat":314028},{"id":38345,"n":"Vodka premium Grey Goose Original 40° - 70cl","p":36.99,"pp":32.99,"u":"47,13 €/L","img":"https://fd5-photos.leclercdrive.fr/image.ashx?id=2848331&use=l&cat=p&typeid=i","cat":284550},{"id":38373,"n":"Rasoirs jetables Siliss 3 lames x6","p":1.98,"u":"0,50 €/P","img":"https://fd5-photos.leclercdrive.fr/image.ashx?id=2873549&use=l&cat=p&typeid=i","cat":325352},{"id":38374,"n":"Brosse à dents Dentamyl Super pro interdent x1","p":1.3,"img":"https://fd5-photos.leclercdrive.fr/image.ashx?id=2790970&use=l&cat=p&typeid=i","cat":284614},{"id":38380,"n":"Rasoir Gillette Proglide Flexball manuel x1","p":10.32,"img":"https://fd5-photos.leclercdrive.fr/image.ashx?id=2682394&use=l&cat=p&typeid=i","cat":284616},{"id":38480,"n":"Pommes Golden des Alpes 2kg","p":5.85,"u":"2,93 €/KG","img":"https://fd5-photos.leclercdrive.fr/image.ashx?id=1630993&use=l&cat=p&typeid=i","cat":284356},{"id":38484,"n":"Porc : Côte sans os x2  300g","p":3.89,"u":"12,97 €/KG","img":"https://fd5-photos.leclercdrive.fr/image.ashx?id=2369762&use=l&cat=p&typeid=i","cat":284331},{"id":38488,"n":"Pièce fondue de boeuf 500g","p":14.98,"u":"29,96 €/KG","img":"https://fd5-photos.leclercdrive.fr/image.ashx?id=2117915&use=l&cat=p&typeid=i","cat":284328},{"id":38510,"n":"Shampooing 2en1 Manava Lait amande douce - 500ml","p":1.0,"u":"2,00 €/L","img":"https://fd5-photos.leclercdrive.fr/image.ashx?id=1903860&use=l&cat=p&typeid=i","cat":284606},{"id":38524,"n":"Tendres perles Blé Tipiak Prêt en 5 min - 350g","p":1.67,"u":"4,77 €/KG","img":"https://fd5-photos.leclercdrive.fr/image.ashx?id=2640614&use=l&cat=p&typeid=i","cat":284429},{"id":38562,"n":"Cône Nestlé Extrême  Vanille de Madagascar x6 - 426g","p":3.78,"u":"8,87 €/KG","img":"https://fd5-photos.leclercdrive.fr/image.ashx?id=3000432&use=l&cat=p&typeid=i","cat":284264},{"id":38563,"n":"Cône Extrême Nestlé Chocolat intense 6x71g","p":3.64,"u":"8,54 €/KG","img":"https://fd5-photos.leclercdrive.fr/image.ashx?id=2353089&use=l&cat=p&typeid=i","cat":284264},{"id":38575,"n":"Feutres de coloriage Maped Jungle Colorpep's x18+6 offerts","p":3.75,"img":"https://fd5-photos.leclercdrive.fr/image.ashx?id=2384304&use=l&cat=p&typeid=i","cat":284696},{"id":38631,"n":"Stylo bille Esquisse 4 couleurs différentes - x10","p":1.75,"u":"0,18 €/P","img":"https://fd5-photos.leclercdrive.fr/image.ashx?id=1928839&use=l&cat=p&typeid=i","cat":284696},{"id":38705,"n":"Chocolat Pâtissier Nestlé Dessert - 2x205g","p":6.52,"u":"15,90 €/KG","img":"https://fd5-photos.leclercdrive.fr/image.ashx?id=2959491&use=l&cat=p&typeid=i","cat":285562},{"id":38724,"n":"Madeleines coquilles NRT 330g","p":3.29,"u":"9,97 €/KG","img":"https://fd5-photos.leclercdrive.fr/image.ashx?id=2704903&use=l&cat=p&typeid=i","cat":284492},{"id":38735,"n":"Lait de douche Manava Lait et miel - 250ml","p":0.94,"u":"3,76 €/L","img":"https://fd5-photos.leclercdrive.fr/image.ashx?id=2618338&use=l&cat=p&typeid=i","cat":284594},{"id":38744,"n":"Beurre allégé Les Croisés Demi-sel - 60% MG - 250g","p":1.89,"u":"7,56 €/KG","img":"https://fd5-photos.leclercdrive.fr/image.ashx?id=2897787&use=l&cat=p&typeid=i","cat":284379},{"id":38757,"n":"Bâtonnets Trium Pistache - x4 280g","p":3.6,"u":"12,86 €/KG","img":"https://fd5-photos.leclercdrive.fr/image.ashx?id=2920773&use=l&cat=p&typeid=i","cat":284265},{"id":38764,"n":"Cidre artisanal Les Goelleries Brut 5,5% - 75cl","p":2.49,"u":"3,32 €/L","img":"https://fd5-photos.leclercdrive.fr/image.ashx?id=2842301&use=l&cat=p&typeid=i","cat":334880},{"id":38765,"n":"Soda Jean's Cola Cherry Bouteille - 1,5L","p":1.49,"u":"0,99 €/L","img":"https://fd5-photos.leclercdrive.fr/image.ashx?id=2637916&use=l&cat=p&typeid=i","cat":284530},{"id":38773,"n":"Pur jus d'orange Jafaden Avec pulpe - 1,5L","p":3.0,"u":"2,00 €/L","img":"https://fd5-photos.leclercdrive.fr/image.ashx?id=2796058&use=l&cat=p&typeid=i","cat":284521},{"id":38780,"n":"Shampooing Manava Anti-pelliculaire 500ml","p":1.0,"u":"2,00 €/L","img":"https://fd5-photos.leclercdrive.fr/image.ashx?id=1903863&use=l&cat=p&typeid=i","cat":284606},{"id":38781,"n":"Mouchoirs blancs 4 plis Caresse Boîte mouchoirs papier - x80","p":1.1,"u":"0,01 €/P","img":"https://fd5-photos.leclercdrive.fr/image.ashx?id=2801049&use=l&cat=p&typeid=i","cat":284638},{"id":38799,"n":"Essuie-tout Mimosa Demi-feuille - x3","p":4.9,"u":"1,63 €/P","img":"https://fd5-photos.leclercdrive.fr/image.ashx?id=2727389&use=l&cat=p&typeid=i","cat":284635},{"id":38800,"n":"Essuie-tout Déco Mimosa Maxi - x3","p":3.85,"u":"1,28 €/P","img":"https://fd5-photos.leclercdrive.fr/image.ashx?id=2727392&use=l&cat=p&typeid=i","cat":284635},{"id":38801,"n":"Déodorant spray Manava Vanille 100ml","p":1.39,"u":"13,90 €/L","img":"https://fd5-photos.leclercdrive.fr/image.ashx?id=2671408&use=l&cat=p&typeid=i","cat":284595},{"id":38802,"n":"Déodorant spray Manava Pierre d'alun/Aloe Vera - 100ml","p":1.44,"u":"14,40 €/L","img":"https://fd5-photos.leclercdrive.fr/image.ashx?id=3013609&use=l&cat=p&typeid=i","cat":284595},{"id":38803,"n":"Déodorant spray grenade Manava A l'huile sauge sclarée - 100ml","p":1.39,"u":"13,90 €/L","img":"https://fd5-photos.leclercdrive.fr/image.ashx?id=2656448&use=l&cat=p&typeid=i","cat":284595},{"id":38804,"n":"Déodorant spray Manava Invisible 100ml","p":1.39,"u":"13,90 €/L","img":"https://fd5-photos.leclercdrive.fr/image.ashx?id=2692958&use=l&cat=p&typeid=i","cat":284595},{"id":38812,"n":"Pains au lait Pasquier x10 - 350g","p":1.29,"u":"3,69 €/KG","img":"https://fd5-photos.leclercdrive.fr/image.ashx?id=2576940&use=l&cat=p&typeid=i","cat":293505},{"id":38853,"n":"Pomme de terre de consommation 5kg","p":2.99,"pp":1.97,"u":"0,39 €/KG","img":"https://fd5-photos.leclercdrive.fr/image.ashx?id=1633283&use=l&cat=p&typeid=i","cat":284352},{"id":38857,"n":"Fromage Boursin cuisine Ail & fines herbes - 240g","p":2.25,"u":"9,38 €/KG","img":"https://fd5-photos.leclercdrive.fr/image.ashx?id=2615418&use=l&cat=p&typeid=i","cat":314029},{"id":38861,"n":"Mélange légumes D'Aucy Choux fleurs brocolis - 750g","p":2.14,"u":"214,00 €/L","img":"https://fd5-photos.leclercdrive.fr/image.ashx?id=2512149&use=l&cat=p&typeid=i","cat":319805},{"id":38868,"n":"Chips ondulées Pom'Lisse Poulet rôti - 135g","p":1.05,"u":"7,78 €/KG","img":"https://fd5-photos.leclercdrive.fr/image.ashx?id=2919625&use=l&cat=p&typeid=i","cat":284447},{"id":38869,"n":"Purée de tomates Turini Saveur basilic - 200g","p":0.79,"u":"3,95 €/KG","img":"https://fd5-photos.leclercdrive.fr/image.ashx?id=2174702&use=l&cat=p&typeid=i","cat":288384},{"id":38952,"n":"Boisson lactée au cacao Cacolac 8x15cl","p":5.87,"u":"4,89 €/L","img":"https://fd5-photos.leclercdrive.fr/image.ashx?id=1987914&use=l&cat=p&typeid=i","cat":295246},{"id":38985,"n":"Beurre Grand Fermage  Demi-sel - 80% MG - 250g","p":2.38,"u":"9,52 €/KG","img":"https://fd5-photos.leclercdrive.fr/image.ashx?id=2915569&use=l&cat=p&typeid=i","cat":284379},{"id":38994,"n":"Edulcorant liquide Ginko 200ml","p":6.48,"u":"32,40 €/L","img":"https://fd5-photos.leclercdrive.fr/image.ashx?id=2231055&use=l&cat=p&typeid=i","cat":324846},{"id":39009,"n":"Pain de mie complet Epi d'Or Extra moelleux - 500g","p":1.79,"u":"3,58 €/KG","img":"https://fd5-photos.leclercdrive.fr/image.ashx?id=2860742&use=l&cat=p&typeid=i","cat":284477},{"id":39024,"n":"AOP Entre-deux-mers blanc Cuvée Hortense - 75cl","p":4.96,"u":"6,61 €/L","img":"https://fd5-photos.leclercdrive.fr/image.ashx?id=2516068&use=l&cat=p&typeid=i","cat":289557},{"id":39058,"n":"Salade Iceberg Bonduelle 280g","p":1.58,"u":"5,64 €/KG","img":"https://fd5-photos.leclercdrive.fr/image.ashx?id=2935852&use=l&cat=p&typeid=i","cat":284353},{"id":39061,"n":"Film étirable Alfapac Rouleau 35m x 29cm","p":1.46,"img":"https://fd5-photos.leclercdrive.fr/image.ashx?id=2918268&use=l&cat=p&typeid=i","cat":334134},{"id":39067,"n":"Tablettes lave vaisselle Sun Classic x60 - 570g","p":6.2,"u":"10,88 €/KG","img":"https://fd5-photos.leclercdrive.fr/image.ashx?id=2775745&use=l&cat=p&typeid=i","cat":284656},{"id":39068,"n":"Tablettes lave vaisselle Sun Classic citron x40 - 380g","p":4.9,"u":"12,89 €/KG","img":"https://fd5-photos.leclercdrive.fr/image.ashx?id=2831152&use=l&cat=p&typeid=i","cat":284656},{"id":39100,"n":"Rasoirs jetables Bic 3 lames - 2x8","p":6.5,"pp":4.29,"u":"0,27 €/P","img":"https://fd5-photos.leclercdrive.fr/image.ashx?id=2957005&use=l&cat=p&typeid=i","cat":284616},{"id":39107,"n":"Gel lavant Manava Savon de Marseille - 300ml","p":1.06,"u":"3,53 €/L","img":"https://fd5-photos.leclercdrive.fr/image.ashx?id=2935498&use=l&cat=p&typeid=i","cat":284597},{"id":39120,"n":"Eau minérale naturelle Vittel Bouchon sport - 6x75cl","p":2.82,"u":"0,63 €/L","img":"https://fd5-photos.leclercdrive.fr/image.ashx?id=2774478&use=l&cat=p&typeid=i","cat":284535},{"id":39122,"n":"Fromage de chèvre Soignon Bûche Sainte Maure - 300g","p":3.06,"u":"10,20 €/KG","img":"https://fd5-photos.leclercdrive.fr/image.ashx?id=2963331&use=l&cat=p&typeid=i","cat":314031},{"id":39139,"n":"Olives vertes Tropic Apéro Dénoyautées au piment - 110g","p":1.86,"u":"16,91 €/KG","img":"https://fd5-photos.leclercdrive.fr/image.ashx?id=2438969&use=l&cat=p&typeid=i","cat":316002},{"id":39140,"n":"Olives vertes Tropic Apéro Dénoyautées Provençales - 110g","p":1.82,"u":"16,55 €/KG","img":"https://fd5-photos.leclercdrive.fr/image.ashx?id=2438975&use=l&cat=p&typeid=i","cat":316002},{"id":39145,"n":"Mouchoirs blancs 4 plis Caresse Etuis x15 - Mentholés","p":1.98,"u":"0,13 €/P","img":"https://fd5-photos.leclercdrive.fr/image.ashx?id=2572996&use=l&cat=p&typeid=i","cat":284638},{"id":39149,"n":"AOP Côtes de Provence Vin rouge Les Anges du Paradis - 75cl","p":9.95,"u":"13,27 €/L","img":"https://fd5-photos.leclercdrive.fr/image.ashx?id=2917007&use=l&cat=p&typeid=i","cat":289556},{"id":39155,"n":"Chips La classique Vico Nature - 6x27,5g","p":1.6,"u":"9,70 €/KG","img":"https://fd5-photos.leclercdrive.fr/image.ashx?id=2917813&use=l&cat=p&typeid=i","cat":284447},{"id":39172,"n":"AOP Cabernet d'Anjou vin rosé Les Caractères - 75cl","p":3.99,"u":"5,32 €/L","img":"https://fd5-photos.leclercdrive.fr/image.ashx?id=2908846&use=l&cat=p&typeid=i","cat":289558},{"id":39182,"n":"Pain de mie 100% Mie Harrys Complet sans croûte Maxi - 650g","p":2.13,"u":"3,28 €/KG","img":"https://fd5-photos.leclercdrive.fr/image.ashx?id=2517438&use=l&cat=p&typeid=i","cat":284477},{"id":39232,"n":"AOP Champagne rosé Demoiselle Brut Vranken - 75cl","p":26.83,"u":"35,77 €/L","img":"https://fd5-photos.leclercdrive.fr/image.ashx?id=2020254&use=l&cat=p&typeid=i","cat":284542},{"id":39233,"n":"AOP Côtes de Provence rosé Estandon - 75cl","p":6.03,"u":"8,04 €/L","img":"https://fd5-photos.leclercdrive.fr/image.ashx?id=2868966&use=l&cat=p&typeid=i","cat":289558},{"id":39259,"n":"Planteur Jafaden Cocktail sans alcool - 1L","p":2.35,"u":"2,35 €/L","img":"https://fd5-photos.leclercdrive.fr/image.ashx?id=2956726&use=l&cat=p&typeid=i","cat":284916},{"id":39261,"n":"Cidre doux Les Goelleries 2%vol. - 3x33cl","p":3.35,"u":"3,38 €/L","img":"https://fd5-photos.leclercdrive.fr/image.ashx?id=2856528&use=l&cat=p&typeid=i","cat":334880},{"id":39265,"n":"AOC Picpoul de Pinet vin blanc Prieur Barsanne - 75cl","p":4.8,"u":"6,40 €/L","img":"https://fd5-photos.leclercdrive.fr/image.ashx?id=2562943&use=l&cat=p&typeid=i","cat":289557},{"id":39266,"n":"AOP Corse vin rosé Terres Ocrées - 75cl","p":4.99,"u":"6,65 €/L","img":"https://fd5-photos.leclercdrive.fr/image.ashx?id=2865242&use=l&cat=p&typeid=i","cat":289558},{"id":39268,"n":"AOP Bergerac vin blanc sec Terrasses d'Autan - 75cl","p":2.99,"u":"3,99 €/L","img":"https://fd5-photos.leclercdrive.fr/image.ashx?id=2858108&use=l&cat=p&typeid=i","cat":289557},{"id":39269,"n":"AOC Cabernet d'Anjou vin rosé Les Caractères - 37,5cl","p":2.99,"u":"7,97 €/L","img":"https://fd5-photos.leclercdrive.fr/image.ashx?id=2898248&use=l&cat=p&typeid=i","cat":289558},{"id":39270,"n":"AOP Touraine Sauvignon vin Blanc - Les Caractères - 75cl","p":4.99,"u":"6,65 €/L","img":"https://fd5-photos.leclercdrive.fr/image.ashx?id=2699693&use=l&cat=p&typeid=i","cat":289557},{"id":39271,"n":"AOP Alsace Pinot gris  vin blanc Rebmann - 75 cl","p":4.99,"u":"6,65 €/L","img":"https://fd5-photos.leclercdrive.fr/image.ashx?id=2907467&use=l&cat=p&typeid=i","cat":289557},{"id":39272,"n":"AOP Bourgogne Chardonnay vin blanc Antoine Barrier - 75cl","p":6.99,"u":"9,32 €/L","img":"https://fd5-photos.leclercdrive.fr/image.ashx?id=2925973&use=l&cat=p&typeid=i","cat":289557},{"id":39328,"n":"Vin mousseux Kriter Brut 3x20cl","p":4.47,"u":"7,45 €/L","img":"https://fd5-photos.leclercdrive.fr/image.ashx?id=2538509&use=l&cat=p&typeid=i","cat":284544},{"id":39331,"n":"Shampooing Manava Beurre de karité 500ml","p":1.35,"u":"2,70 €/L","img":"https://fd5-photos.leclercdrive.fr/image.ashx?id=1884643&use=l&cat=p&typeid=i","cat":284606},{"id":39332,"n":"Shampooing Manava Cheveux normaux à gras 500ml","p":1.28,"u":"2,56 €/L","img":"https://fd5-photos.leclercdrive.fr/image.ashx?id=1885059&use=l&cat=p&typeid=i","cat":284606},{"id":39338,"n":"Moutarde Savora Amora 385g","p":2.28,"u":"5,92 €/KG","img":"https://fd5-photos.leclercdrive.fr/image.ashx?id=2775685&use=l&cat=p&typeid=i","cat":288850},{"id":39339,"n":"Moutarde Amora Fine & douce - 190g","p":1.81,"u":"9,53 €/KG","img":"https://fd5-photos.leclercdrive.fr/image.ashx?id=2738791&use=l&cat=p&typeid=i","cat":288850},{"id":39348,"n":"Doseur de lait Mots d'Enfants x1","p":2.95,"img":"https://fd5-photos.leclercdrive.fr/image.ashx?id=1274905&use=l&cat=p&typeid=i","cat":289435},{"id":39351,"n":"Tétine silicone Nuk Base large Taille 1 - x2","p":3.98,"u":"1,99 €/P","img":"https://fd5-photos.leclercdrive.fr/image.ashx?id=1971257&use=l&cat=p&typeid=i","cat":284743},{"id":39388,"n":"Haricots verts Bio Village Bio - 360g","p":1.89,"u":"5,25 €/KG","img":"https://fd5-photos.leclercdrive.fr/image.ashx?id=3002659&use=l&cat=p&typeid=i","cat":312606},{"id":39389,"n":"Haricots beurre Notre Jardin Extra fins 1kg","p":2.29,"u":"2,29 €/KG","img":"https://fd5-photos.leclercdrive.fr/image.ashx?id=2431134&use=l&cat=p&typeid=i","cat":319805},{"id":39403,"n":"Joker Pur Jus Engagé Orange  sans pulpe - 1L","p":2.53,"u":"2,53 €/L","img":"https://fd5-photos.leclercdrive.fr/image.ashx?id=2984982&use=l&cat=p&typeid=i","cat":284521},{"id":39414,"n":"yaourt aux fruits danone recette crémeuse - 16x125g","p":4.49,"u":"2,25 €/KG","img":"https://fd5-photos.leclercdrive.fr/image.ashx?id=2611967&use=l&cat=p&typeid=i","cat":284410},{"id":39418,"n":"Boisson Sunny Delight Doux California - 1,25L","p":2.06,"u":"1,65 €/L","img":"https://fd5-photos.leclercdrive.fr/image.ashx?id=2309963&use=l&cat=p&typeid=i","cat":285435},{"id":39421,"n":"Jus innocent pomme 900ml","p":2.47,"u":"2,74 €/L","img":"https://fd5-photos.leclercdrive.fr/image.ashx?id=2891703&use=l&cat=p&typeid=i","cat":284354},{"id":39443,"n":"Jus innocent  orange avec pulpe 1.5L","p":3.61,"u":"2,41 €/L","img":"https://fd5-photos.leclercdrive.fr/image.ashx?id=2891223&use=l&cat=p&typeid=i","cat":285435},{"id":39444,"n":"Jus innocent orange avec pulpe 900ml","p":2.56,"u":"2,84 €/L","img":"https://fd5-photos.leclercdrive.fr/image.ashx?id=2891700&use=l&cat=p&typeid=i","cat":285435},{"id":39445,"n":"Confiture Douceur Du Verger Extra myrtilles allegée - 340g","p":1.89,"u":"5,56 €/KG","img":"https://fd5-photos.leclercdrive.fr/image.ashx?id=2965515&use=l&cat=p&typeid=i","cat":284480},{"id":39471,"n":"Mousse aux oeufs Bonne Maman Chocolat - 4x50g","p":2.22,"u":"11,10 €/KG","img":"https://fd5-photos.leclercdrive.fr/image.ashx?id=2571509&use=l&cat=p&typeid=i","cat":284417},{"id":39472,"n":"Mousse aux oeufs Bonne Maman Chocolat au lait - 4x50g","p":2.2,"u":"11,00 €/KG","img":"https://fd5-photos.leclercdrive.fr/image.ashx?id=2571512&use=l&cat=p&typeid=i","cat":284417},{"id":39475,"n":"Barre chocolatée Balisto Fruits des bois - x10 - 185g","p":2.71,"u":"14,65 €/KG","img":"https://fd5-photos.leclercdrive.fr/image.ashx?id=1930983&use=l&cat=p&typeid=i","cat":284498},{"id":39480,"n":"Chips ondulées Pom'Lisse Nature - 6x30g","p":1.57,"u":"8,72 €/KG","img":"https://fd5-photos.leclercdrive.fr/image.ashx?id=2728246&use=l&cat=p&typeid=i","cat":284447},{"id":39482,"n":"Brownie P'tit Déli Chocolat noisette - 240g","p":1.83,"u":"7,63 €/KG","img":"https://fd5-photos.leclercdrive.fr/image.ashx?id=2891779&use=l&cat=p&typeid=i","cat":294776},{"id":39485,"n":"Barre chocolatée Balisto Miel amande - x10 barres - 185g","p":2.89,"u":"15,62 €/KG","img":"https://fd5-photos.leclercdrive.fr/image.ashx?id=1930977&use=l&cat=p&typeid=i","cat":284498},{"id":39491,"n":"Coq Maître Coq Poulet Fromage - 1kg","p":7.63,"u":"7,63 €/KG","img":"https://fd5-photos.leclercdrive.fr/image.ashx?id=2877820&use=l&cat=p&typeid=i","cat":333683},{"id":39497,"n":"Barre chocolatée P'tit Déli Bille de riz - 162g","p":1.5,"u":"9,26 €/KG","img":"https://fd5-photos.leclercdrive.fr/image.ashx?id=2529599&use=l&cat=p&typeid=i","cat":284488},{"id":39498,"n":"Biscottes Epi d'Or Gout brioché x36 - 300g","p":1.51,"u":"5,03 €/KG","img":"https://fd5-photos.leclercdrive.fr/image.ashx?id=2684028&use=l&cat=p&typeid=i","cat":284479},{"id":39502,"n":"Biscuits Cookies P'tit Déli Coeur fondant noisette - 200g","p":1.44,"u":"7,20 €/KG","img":"https://fd5-photos.leclercdrive.fr/image.ashx?id=2577296&use=l&cat=p&typeid=i","cat":325066},{"id":39503,"n":"Chocolat Pâtissier Tablette dOr Praliné - 200g","p":2.15,"u":"10,75 €/KG","img":"https://fd5-photos.leclercdrive.fr/image.ashx?id=2565619&use=l&cat=p&typeid=i","cat":285562},{"id":39507,"n":"Moutarde Rustica Douce - 435g","p":1.39,"u":"3,20 €/KG","img":"https://fd5-photos.leclercdrive.fr/image.ashx?id=2052019&use=l&cat=p&typeid=i","cat":288850},{"id":39508,"n":"Mini canapés Epi d'Or Nature - 255g","p":1.12,"u":"4,39 €/KG","img":"https://fd5-photos.leclercdrive.fr/image.ashx?id=2129233&use=l&cat=p&typeid=i","cat":285454},{"id":39509,"n":"Pain au seigle complet Epi d'Or 500g","p":1.83,"u":"3,66 €/KG","img":"https://fd5-photos.leclercdrive.fr/image.ashx?id=1879287&use=l&cat=p&typeid=i","cat":325069},{"id":39511,"n":"Thé lady grey Twinings x20 sachets -  40g","p":2.23,"u":"55,75 €/KG","img":"https://fd5-photos.leclercdrive.fr/image.ashx?id=2875552&use=l&cat=p&typeid=i","cat":293233},{"id":39514,"n":"Soupe Velouté Regal Soupe Cèpes et bolets - 1L","p":2.25,"u":"2,25 €/L","img":"https://fd5-photos.leclercdrive.fr/image.ashx?id=2607545&use=l&cat=p&typeid=i","cat":284462},{"id":39515,"n":"Friandises pour chien Lydog Sticks au poulet - x5 - 42g","p":0.94,"u":"22,38 €/KG","img":"https://fd5-photos.leclercdrive.fr/image.ashx?id=1947268&use=l&cat=p&typeid=i","cat":294527},{"id":39517,"n":"Thé vert Twinings Citron x25 sachets -50g","p":2.43,"u":"48,60 €/KG","img":"https://fd5-photos.leclercdrive.fr/image.ashx?id=2893012&use=l&cat=p&typeid=i","cat":293233},{"id":39523,"n":"Cacahuètes enrobées Tokapi Paprika - 150g","p":0.99,"u":"6,60 €/KG","img":"https://fd5-photos.leclercdrive.fr/image.ashx?id=1972828&use=l&cat=p&typeid=i","cat":284448},{"id":39529,"n":"Jus de citron Rustica Sicile - 50cl","p":1.67,"u":"3,34 €/L","img":"https://fd5-photos.leclercdrive.fr/image.ashx?id=2974804&use=l&cat=p&typeid=i","cat":288383},{"id":39530,"n":"Dessert bébé BabyBio Bio 6 mois Pomme / Fraise - 260g","p":1.82,"u":"7,00 €/KG","img":"https://fd5-photos.leclercdrive.fr/image.ashx?id=2827509&use=l&cat=p&typeid=i","cat":312388},{"id":39531,"n":"Compote bébé Babybio Bio 4 mois Pomme / Mangue - 260g","p":1.73,"u":"6,65 €/KG","img":"https://fd5-photos.leclercdrive.fr/image.ashx?id=2827500&use=l&cat=p&typeid=i","cat":312387},{"id":39532,"n":"Repas bébé Bio Babybio - 4 mois Bio Patate douce - 260g","p":1.87,"u":"7,19 €/KG","img":"https://fd5-photos.leclercdrive.fr/image.ashx?id=2837760&use=l&cat=p&typeid=i","cat":312234},{"id":39534,"n":"Barres énergétiques Ovomaltine x5 barres - 100g","p":2.36,"u":"23,60 €/KG","img":"https://fd5-photos.leclercdrive.fr/image.ashx?id=2413029&use=l&cat=p&typeid=i","cat":318652},{"id":39539,"n":"Tablette chocolat Equador Noir fourré menthe 150g","p":2.25,"u":"15,00 €/KG","img":"https://fd5-photos.leclercdrive.fr/image.ashx?id=2834305&use=l&cat=p&typeid=i","cat":284956},{"id":39541,"n":"Madeleine P'tit Déli Coquilles napées chocolat -300g","p":2.62,"u":"8,73 €/KG","img":"https://fd5-photos.leclercdrive.fr/image.ashx?id=2583262&use=l&cat=p&typeid=i","cat":284492},{"id":39545,"n":"Soupe Poule au pot Régal Soupe  Déshydratée - 72g","p":0.84,"u":"11,67 €/KG","img":"https://fd5-photos.leclercdrive.fr/image.ashx?id=2656381&use=l&cat=p&typeid=i","cat":284463},{"id":39547,"n":"Duo Haricots verts et beurre Notre Jardin - 225g","p":1.03,"u":"4,58 €/KG","img":"https://fd5-photos.leclercdrive.fr/image.ashx?id=2988060&use=l&cat=p&typeid=i","cat":312606},{"id":39548,"n":"Haricots verts Notre Jardin Extra fins - 3x110g","p":1.83,"u":"5,55 €/KG","img":"https://fd5-photos.leclercdrive.fr/image.ashx?id=3002605&use=l&cat=p&typeid=i","cat":312606},{"id":39550,"n":"Sirop d'agave bio Bio Village 345g","p":1.99,"u":"5,77 €/KG","img":"https://fd5-photos.leclercdrive.fr/image.ashx?id=2175777&use=l&cat=p&typeid=i","cat":287643},{"id":39551,"n":"Tablettes pour chien Lydog Boeuf, poulet, agneau - 104g","p":1.22,"u":"11,73 €/KG","img":"https://fd5-photos.leclercdrive.fr/image.ashx?id=1947265&use=l&cat=p&typeid=i","cat":294527},{"id":39554,"n":"Mélange 4 champignons N.Jardin 230g","p":2.57,"u":"11,17 €/KG","img":"https://fd5-photos.leclercdrive.fr/image.ashx?id=2072719&use=l&cat=p&typeid=i","cat":312610},{"id":39555,"n":"Repas bébé bio Babybio - 6 mois Veau / Légumes - 2x200g","p":2.71,"u":"6,78 €/KG","img":"https://fd5-photos.leclercdrive.fr/image.ashx?id=2850545&use=l&cat=p&typeid=i","cat":312236},{"id":39556,"n":"Gaufres liégeoises P'tit Déli Sucrées - 550g","p":2.69,"u":"4,89 €/KG","img":"https://fd5-photos.leclercdrive.fr/image.ashx?id=2430219&use=l&cat=p&typeid=i","cat":294777},{"id":39558,"n":"Croquettes chat Tous mes amis Stérilisés - 2kg","p":3.24,"u":"1,62 €/KG","img":"https://fd5-photos.leclercdrive.fr/image.ashx?id=2301490&use=l&cat=p&typeid=i","cat":284680},{"id":39559,"n":"Céréales Jordans Spécial Muesli Fruits et Noix - 750g","p":3.17,"u":"4,23 €/KG","img":"https://fd5-photos.leclercdrive.fr/image.ashx?id=2966770&use=l&cat=p&typeid=i","cat":309512},{"id":39560,"n":"Duo Haricots verts et beurre Notre Jardin - 455g","p":1.99,"u":"4,37 €/KG","img":"https://fd5-photos.leclercdrive.fr/image.ashx?id=2291408&use=l&cat=p&typeid=i","cat":312606},{"id":39561,"n":"Petits pots bio Babybio Carotte boeuf - 8mois 2x200g","p":3.44,"u":"8,60 €/KG","img":"https://fd5-photos.leclercdrive.fr/image.ashx?id=2733286&use=l&cat=p&typeid=i","cat":312236},{"id":39562,"n":"Céréales Bio Jordans Muesli - 500g","p":3.22,"u":"6,44 €/KG","img":"https://fd5-photos.leclercdrive.fr/image.ashx?id=2475897&use=l&cat=p&typeid=i","cat":309512},{"id":39566,"n":"Repas bébé Babynat 6 mois Cabillaud Légumes - 2x200g","p":3.22,"u":"8,05 €/KG","img":"https://fd5-photos.leclercdrive.fr/image.ashx?id=2832008&use=l&cat=p&typeid=i","cat":312235},{"id":39569,"n":"Céréales Jordans Country Crisp Chocolat Noir 70% - 550g","p":3.51,"u":"6,38 €/KG","img":"https://fd5-photos.leclercdrive.fr/image.ashx?id=3000836&use=l&cat=p&typeid=i","cat":309512},{"id":39570,"n":"Céréales Jordans Country Crisp 4 Noix - 550g","p":2.76,"u":"5,02 €/KG","img":"https://fd5-photos.leclercdrive.fr/image.ashx?id=2973487&use=l&cat=p&typeid=i","cat":309512},{"id":39572,"n":"Biscuits batonnets P'tit Déli Chocolat au lait 90g","p":1.29,"u":"14,33 €/KG","img":"https://fd5-photos.leclercdrive.fr/image.ashx?id=2328779&use=l&cat=p&typeid=i","cat":284488},{"id":39616,"n":"Sirop Moulin de Valdonne Fraise - 70cl","p":3.12,"u":"4,46 €/L","img":"https://fd5-photos.leclercdrive.fr/image.ashx?id=2170559&use=l&cat=p&typeid=i","cat":295020},{"id":39617,"n":"Sirop Moulin de Valdonne Menthe - 70cl","p":2.82,"u":"4,03 €/L","img":"https://fd5-photos.leclercdrive.fr/image.ashx?id=2170550&use=l&cat=p&typeid=i","cat":295020},{"id":39621,"n":"Boisson énergisante Red Bull 4x355ml","p":5.81,"u":"4,09 €/L","img":"https://fd5-photos.leclercdrive.fr/image.ashx?id=3011983&use=l&cat=p&typeid=i","cat":284533},{"id":39686,"n":"Protection incontinence Chorys Homme - Normal - x20","p":5.32,"u":"0,27 €/P","img":"https://fd5-photos.leclercdrive.fr/image.ashx?id=2672936&use=l&cat=p&typeid=i","cat":291514},{"id":39734,"n":"Purée de tomate Panzani Tomacouli basilic - 200g","p":0.84,"u":"4,20 €/KG","img":"https://fd5-photos.leclercdrive.fr/image.ashx?id=2875330&use=l&cat=p&typeid=i","cat":288384},{"id":39735,"n":"Huile Isio 4 Lesieur Stop goutte - 675ml","p":2.57,"u":"3,81 €/L","img":"https://fd5-photos.leclercdrive.fr/image.ashx?id=2916015&use=l&cat=p&typeid=i","cat":284453},{"id":39740,"n":"Tortilla dürüm Antalya 12x30cm","p":4.11,"u":"3,43 €/KG","img":"https://fd5-photos.leclercdrive.fr/image.ashx?id=1594844&use=l&cat=p&typeid=i","cat":288993},{"id":39743,"n":"Bière blonde 8.6 Gold Canette 50cl - 8.6%vol","p":1.26,"u":"2,52 €/L","img":"https://fd5-photos.leclercdrive.fr/image.ashx?id=1883591&use=l&cat=p&typeid=i","cat":334853},{"id":39770,"n":"Edulcorant Canderel Pot, poudre 80g","p":2.36,"u":"29,50 €/KG","img":"https://fd5-photos.leclercdrive.fr/image.ashx?id=2811020&use=l&cat=p&typeid=i","cat":324846},{"id":39777,"n":"AOP Crémant d'Alsace Blanc Brut Arthur Metz - 75cl","p":7.36,"u":"9,81 €/L","img":"https://fd5-photos.leclercdrive.fr/image.ashx?id=2422926&use=l&cat=p&typeid=i","cat":284544},{"id":39783,"n":"Liqueur Malibu Coco 18% vol - 1L","p":16.38,"u":"16,38 €/L","img":"https://fd5-photos.leclercdrive.fr/image.ashx?id=2396881&use=l&cat=p&typeid=i","cat":284551},{"id":39796,"n":"Bûche de chèvre Soignon Crémeuse - 180g","p":3.39,"u":"18,83 €/KG","img":"https://fd5-photos.leclercdrive.fr/image.ashx?id=2787134&use=l&cat=p&typeid=i","cat":314031},{"id":39827,"n":"Sauce Algerienne Colona 500ml","p":2.59,"u":"5,18 €/L","img":"https://fd5-photos.leclercdrive.fr/image.ashx?id=2687182&use=l&cat=p&typeid=i","cat":318431},{"id":39828,"n":"Sauce Marocaine Colona 500ml","p":2.76,"u":"5,52 €/L","img":"https://fd5-photos.leclercdrive.fr/image.ashx?id=2687185&use=l&cat=p&typeid=i","cat":318431},{"id":39856,"n":"Sirop Frucci  Citron vert - 75cl","p":3.29,"u":"4,39 €/L","img":"https://fd5-photos.leclercdrive.fr/image.ashx?id=2842307&use=l&cat=p&typeid=i","cat":295020},{"id":39858,"n":"Sirop Frucci Fruits exotiques - 75cl","p":2.65,"u":"3,53 €/L","img":"https://fd5-photos.leclercdrive.fr/image.ashx?id=2842313&use=l&cat=p&typeid=i","cat":295020},{"id":39870,"n":"Jus multifruits Jafaden 4x20cl","p":2.94,"u":"3,68 €/L","img":"https://fd5-photos.leclercdrive.fr/image.ashx?id=2802296&use=l&cat=p&typeid=i","cat":284524},{"id":39871,"n":"Pur jus d'orange Jafaden 4x20cl","p":3.33,"u":"4,16 €/L","img":"https://fd5-photos.leclercdrive.fr/image.ashx?id=2802293&use=l&cat=p&typeid=i","cat":284521},{"id":39872,"n":"Pur jus d'ananas Jafaden 4x20cl","p":3.35,"u":"4,19 €/L","img":"https://fd5-photos.leclercdrive.fr/image.ashx?id=2553333&use=l&cat=p&typeid=i","cat":284524},{"id":39889,"n":"Tendres perles Blé Tipiak Prêt en 4 min - 700g","p":3.11,"u":"4,44 €/KG","img":"https://fd5-photos.leclercdrive.fr/image.ashx?id=2789095&use=l&cat=p&typeid=i","cat":284429},{"id":39890,"n":"Chicorée soluble Plantation nature - 200g","p":3.41,"u":"17,05 €/KG","img":"https://fd5-photos.leclercdrive.fr/image.ashx?id=2834308&use=l&cat=p&typeid=i","cat":284843},{"id":39894,"n":"Bière blanche Hilbörg 4,5%vol. -  6x25cl","p":3.45,"u":"2,30 €/L","img":"https://fd5-photos.leclercdrive.fr/image.ashx?id=2913706&use=l&cat=p&typeid=i","cat":334878},{"id":39903,"n":"Pâté de campagne à l'Andouille NRT -180g","p":1.98,"u":"11,00 €/KG","img":"https://fd5-photos.leclercdrive.fr/image.ashx?id=2560512&use=l&cat=p&typeid=i","cat":305149},{"id":39923,"n":"AOC Corse vin rosé Terres Ocrées - BIB 3L","p":16.99,"u":"5,66 €/L","img":"https://fd5-photos.leclercdrive.fr/image.ashx?id=1287680&use=l&cat=p&typeid=i","cat":289560},{"id":39927,"n":"AOC Bordeaux vin blanc moelleux Chantet Blanet - 75cl","p":3.49,"u":"4,65 €/L","img":"https://fd5-photos.leclercdrive.fr/image.ashx?id=2918463&use=l&cat=p&typeid=i","cat":289557},{"id":39934,"n":"Yaourts à la Grecque Délisse Nature - 8x125g","p":2.15,"u":"2,15 €/KG","img":"https://fd5-photos.leclercdrive.fr/image.ashx?id=2699480&use=l&cat=p&typeid=i","cat":314999},{"id":39941,"n":"Laque Fixation Forte 24h Dop Vivelle - 250ml","p":3.63,"u":"14,52 €/L","img":"https://fd5-photos.leclercdrive.fr/image.ashx?id=2457239&use=l&cat=p&typeid=i","cat":284609},{"id":39942,"n":"Laque Fixation 24H Extrême Dop Vivelle - 250ml","p":3.81,"u":"15,24 €/L","img":"https://fd5-photos.leclercdrive.fr/image.ashx?id=2575624&use=l&cat=p&typeid=i","cat":284609},{"id":39943,"n":"Laque fixation Extra-Forte Dop Vivelle - 250ml","p":3.63,"u":"14,52 €/L","img":"https://fd5-photos.leclercdrive.fr/image.ashx?id=2457236&use=l&cat=p&typeid=i","cat":284609},{"id":39946,"n":"Crème de nuit L'Oréal Paris Revitalift anti-rides - 50ml","p":9.9,"u":"198,00 €/L","img":"https://fd5-photos.leclercdrive.fr/image.ashx?id=2865869&use=l&cat=p&typeid=i","cat":325345},{"id":39947,"n":"Soin de jour L'Oréal Paris Revitalift Anti-rides - 50ml","p":9.57,"u":"191,40 €/L","img":"https://fd5-photos.leclercdrive.fr/image.ashx?id=2851078&use=l&cat=p&typeid=i","cat":325345},{"id":39950,"n":"Yaourts Lait de brebis Délisse Nature - 4x125g","p":2.19,"u":"4,38 €/KG","img":"https://fd5-photos.leclercdrive.fr/image.ashx?id=1872007&use=l&cat=p&typeid=i","cat":314998},{"id":39951,"n":"Crème dessert Délisse Pistache - 4x125g","p":0.89,"u":"1,78 €/KG","img":"https://fd5-photos.leclercdrive.fr/image.ashx?id=2441333&use=l&cat=p&typeid=i","cat":285041},{"id":39952,"n":"Dessert Liégeois Délisse Vanille Chocolat - 8x100g","p":2.09,"u":"2,61 €/KG","img":"https://fd5-photos.leclercdrive.fr/image.ashx?id=2631444&use=l&cat=p&typeid=i","cat":285042},{"id":39953,"n":"crème dessert chocolat danette pop billes 3 chocolats - 4x117g","p":2.34,"u":"5,00 €/KG","img":"https://fd5-photos.leclercdrive.fr/image.ashx?id=2926230&use=l&cat=p&typeid=i","cat":285041},{"id":39954,"n":"Crème dessert vanille Danette  Billes 3 chocolats - 4x117g","p":2.34,"u":"5,00 €/KG","img":"https://fd5-photos.leclercdrive.fr/image.ashx?id=2926227&use=l&cat=p&typeid=i","cat":285041},{"id":39961,"n":"Emiettés de sardines Gastromer Citron - 150g","p":1.99,"pp":1.31,"u":"8,73 €/KG","img":"https://fd5-photos.leclercdrive.fr/image.ashx?id=1605758&use=l&cat=p&typeid=i","cat":285191},{"id":39970,"n":"Poivre noir moulu Ducros N°8 - 38g","p":2.01,"u":"52,89 €/KG","img":"https://fd5-photos.leclercdrive.fr/image.ashx?id=2311051&use=l&cat=p&typeid=i","cat":284457},{"id":39972,"n":"Basilic Ducros 11g","p":1.29,"u":"117,27 €/KG","img":"https://fd5-photos.leclercdrive.fr/image.ashx?id=2559469&use=l&cat=p&typeid=i","cat":298297},{"id":39974,"n":"Plat bébé Blédina 6 mois  Purée butternut poulet - 2x200g","p":2.7,"u":"6,75 €/KG","img":"https://fd5-photos.leclercdrive.fr/image.ashx?id=2975080&use=l&cat=p&typeid=i","cat":312236},{"id":39988,"n":"Crème de douche Manava Douceur de crème - 250ml","p":1.05,"u":"4,20 €/L","img":"https://fd5-photos.leclercdrive.fr/image.ashx?id=2699282&use=l&cat=p&typeid=i","cat":284594},{"id":39989,"n":"Savon douceur Manava 1/4 de crème 100g","p":0.93,"u":"9,30 €/KG","img":"https://fd5-photos.leclercdrive.fr/image.ashx?id=2331318&use=l&cat=p&typeid=i","cat":284597},{"id":39990,"n":"Savon Manava Fleur de Tiaré orchidée 100g","p":0.89,"u":"8,90 €/KG","img":"https://fd5-photos.leclercdrive.fr/image.ashx?id=2751898&use=l&cat=p&typeid=i","cat":284597},{"id":39992,"n":"Gel douche Manava Monoï de Polynésie 250ml","p":1.15,"u":"4,60 €/L","img":"https://fd5-photos.leclercdrive.fr/image.ashx?id=2626805&use=l&cat=p&typeid=i","cat":284594},{"id":39994,"n":"Lait douche Manava Fleur d'oranger 250ml","p":1.29,"u":"5,16 €/L","img":"https://fd5-photos.leclercdrive.fr/image.ashx?id=2618335&use=l&cat=p&typeid=i","cat":284594},{"id":39995,"n":"Recharge gel lavant Manava Savon de Marseil. Olive - 250ml","p":0.66,"u":"2,64 €/L","img":"https://fd5-photos.leclercdrive.fr/image.ashx?id=2935501&use=l&cat=p&typeid=i","cat":284597},{"id":40003,"n":"Saucisson Justin Bridou La Juste Sèche - 275g","p":3.67,"u":"13,35 €/KG","img":"https://fd5-photos.leclercdrive.fr/image.ashx?id=2756927&use=l&cat=p&typeid=i","cat":316006},{"id":40004,"n":"Saucisson Mini Justin Bridou  Bâton de Berger - 100g","p":2.38,"u":"23,80 €/KG","img":"https://fd5-photos.leclercdrive.fr/image.ashx?id=3011440&use=l&cat=p&typeid=i","cat":316006},{"id":40006,"n":"Houmous Extra l'Atelier Blini 175g","p":2.49,"u":"14,23 €/KG","img":"https://fd5-photos.leclercdrive.fr/image.ashx?id=2795093&use=l&cat=p&typeid=i","cat":315999},{"id":40011,"n":"Filets d'anchois La Monegasque Huile équilibre - 100g","p":2.93,"u":"29,30 €/KG","img":"https://fd5-photos.leclercdrive.fr/image.ashx?id=2095557&use=l&cat=p&typeid=i","cat":285190},{"id":40015,"n":"Tarama Blini Extra - 175g","p":2.86,"u":"16,34 €/KG","img":"https://fd5-photos.leclercdrive.fr/image.ashx?id=2795096&use=l&cat=p&typeid=i","cat":315999},{"id":40017,"n":"Tzatziki Blini Extra - 175g","p":2.89,"u":"16,51 €/KG","img":"https://fd5-photos.leclercdrive.fr/image.ashx?id=2973703&use=l&cat=p&typeid=i","cat":315999},{"id":40027,"n":"Tartinable Thon Cap Océan MSC Fromage Frais Ciboulette - 140g","p":1.88,"u":"13,43 €/KG","img":"https://fd5-photos.leclercdrive.fr/image.ashx?id=2434425&use=l&cat=p&typeid=i","cat":285191},{"id":40033,"n":"Yaourt nature sucré Yoplait - 16x125g","p":2.76,"u":"1,38 €/KG","img":"https://fd5-photos.leclercdrive.fr/image.ashx?id=2796821&use=l&cat=p&typeid=i","cat":284409},{"id":40034,"n":"Menthe Pastille Giffard 24%vol - 70cl","p":11.85,"pp":10.85,"u":"15,50 €/L","img":"https://fd5-photos.leclercdrive.fr/image.ashx?id=2529903&use=l&cat=p&typeid=i","cat":286032},{"id":40038,"n":"Bière Lindemans Kriek 3.5%vol. - 25cl","p":1.65,"u":"6,60 €/L","img":"https://fd5-photos.leclercdrive.fr/image.ashx?id=2830894&use=l&cat=p&typeid=i","cat":334872},{"id":40046,"n":"Bière blonde triple Chimay 8%vol -  33cl","p":1.75,"u":"5,30 €/L","img":"https://fd5-photos.leclercdrive.fr/image.ashx?id=1758846&use=l&cat=p&typeid=i","cat":334872},{"id":40051,"n":"Crêpes bretonnes Saint Michel Nature - x12 - 315g","p":1.82,"u":"5,78 €/KG","img":"https://fd5-photos.leclercdrive.fr/image.ashx?id=2060238&use=l&cat=p&typeid=i","cat":284494},{"id":40089,"n":"Gel douche Manava Cranberry myrtille - 250ml","p":1.15,"u":"4,60 €/L","img":"https://fd5-photos.leclercdrive.fr/image.ashx?id=2626802&use=l&cat=p&typeid=i","cat":284594},{"id":40090,"n":"Lait corps Inell Nourrissant - 250ml","p":2.33,"u":"9,32 €/L","img":"https://fd5-photos.leclercdrive.fr/image.ashx?id=2691661&use=l&cat=p&typeid=i","cat":325349},{"id":40092,"n":"Saucisson sec Saint Azay Stick au noix 100g","p":1.99,"u":"19,90 €/KG","img":"https://fd5-photos.leclercdrive.fr/image.ashx?id=2469565&use=l&cat=p&typeid=i","cat":316006},{"id":40094,"n":"Saucissons secs Saint Azay Stick nature 100g","p":1.99,"u":"19,90 €/KG","img":"https://fd5-photos.leclercdrive.fr/image.ashx?id=2474128&use=l&cat=p&typeid=i","cat":316006},{"id":40101,"n":"Saucisson Saint-Azay  Fuet Catalan - 170 g","p":2.09,"u":"12,29 €/KG","img":"https://fd5-photos.leclercdrive.fr/image.ashx?id=2856302&use=l&cat=p&typeid=i","cat":316006},{"id":40102,"n":"Savon de toilette Manava Fleur oranger 100g","p":0.79,"u":"7,90 €/KG","img":"https://fd5-photos.leclercdrive.fr/image.ashx?id=2930048&use=l&cat=p&typeid=i","cat":284597},{"id":40103,"n":"Aiguillettes poulet jaune Volandrie - 210g","p":2.95,"u":"14,05 €/KG","img":"https://fd5-photos.leclercdrive.fr/image.ashx?id=2595930&use=l&cat=p&typeid=i","cat":284336},{"id":40106,"n":"Aiguillettes poulet blanc Volandrie - 210g","p":2.95,"u":"14,05 €/KG","img":"https://fd5-photos.leclercdrive.fr/image.ashx?id=2647883&use=l&cat=p&typeid=i","cat":284336},{"id":40107,"n":"Adoucissant Hyperdou Provence - 750ml","p":1.99,"u":"2,65 €/L","img":"https://fd5-photos.leclercdrive.fr/image.ashx?id=2614473&use=l&cat=p&typeid=i","cat":284650},{"id":40108,"n":"Adoucissant Hyperdou Rêve fraicheur - 750ml","p":1.89,"u":"2,52 €/L","img":"https://fd5-photos.leclercdrive.fr/image.ashx?id=2602850&use=l&cat=p&typeid=i","cat":284650},{"id":40121,"n":"AOC Entre-Deux-Mers vin blanc Chantet Blanet - 75cl","p":3.89,"u":"5,19 €/L","img":"https://fd5-photos.leclercdrive.fr/image.ashx?id=2918466&use=l&cat=p&typeid=i","cat":289557},{"id":40122,"n":"AOP Côtes de Provence vin rosé Terres Ocrées - 75cl - 13%","p":4.99,"u":"6,65 €/L","img":"https://fd5-photos.leclercdrive.fr/image.ashx?id=2896895&use=l&cat=p&typeid=i","cat":289558},{"id":40133,"n":"Gaufrettes Paille d'Or LU Framboise - 170g","p":1.73,"u":"10,18 €/KG","img":"https://fd5-photos.leclercdrive.fr/image.ashx?id=2883753&use=l&cat=p&typeid=i","cat":284489},{"id":40135,"n":"Biscottes Heudebert  Nature - 300g","p":1.48,"u":"4,93 €/KG","img":"https://fd5-photos.leclercdrive.fr/image.ashx?id=2368291&use=l&cat=p&typeid=i","cat":284479},{"id":40137,"n":"Biscuits Pocket Petit Ecolier  LU Chocolat au lait - 250g","p":2.89,"u":"11,56 €/KG","img":"https://fd5-photos.leclercdrive.fr/image.ashx?id=3005326&use=l&cat=p&typeid=i","cat":284488},{"id":40140,"n":"Pain grillé Pelletier Froment - 500g","p":2.4,"u":"4,80 €/KG","img":"https://fd5-photos.leclercdrive.fr/image.ashx?id=3002249&use=l&cat=p&typeid=i","cat":284479},{"id":40142,"n":"Compote Douceur du Verger Coupelle multivariétés -16x100g","p":3.99,"u":"2,49 €/KG","img":"https://fd5-photos.leclercdrive.fr/image.ashx?id=2663533&use=l&cat=p&typeid=i","cat":284508},{"id":40173,"n":"Préfou Paso Tomate basilic - 350g","p":4.32,"img":"https://fd5-photos.leclercdrive.fr/image.ashx?id=2676765&use=l&cat=p&typeid=i","cat":316003},{"id":40180,"n":"Emiettés surimi crabe Gastromer 150g","p":1.99,"pp":1.31,"u":"8,73 €/KG","img":"https://fd5-photos.leclercdrive.fr/image.ashx?id=1605662&use=l&cat=p&typeid=i","cat":285191},{"id":40214,"n":"Sauce Pesto Barilla Basilic et Roquette - 190g","p":1.81,"u":"9,53 €/KG","img":"https://fd5-photos.leclercdrive.fr/image.ashx?id=2457980&use=l&cat=p&typeid=i","cat":287599},{"id":40215,"n":"Petit pot soir Babybio Bio P.pois maïs riz, 6 mois 2x200g","p":2.78,"u":"6,95 €/KG","img":"https://fd5-photos.leclercdrive.fr/image.ashx?id=2827476&use=l&cat=p&typeid=i","cat":312239},{"id":40217,"n":"Petits pots Babybio Bio Légumes jambon - 8mois 2x200g","p":3.12,"u":"7,80 €/KG","img":"https://fd5-photos.leclercdrive.fr/image.ashx?id=2838464&use=l&cat=p&typeid=i","cat":312236},{"id":40277,"n":"Barres glacées Bounty  Chocolat & Noix de Coco x6 235g","p":2.51,"u":"10,68 €/KG","img":"https://fd5-photos.leclercdrive.fr/image.ashx?id=1935069&use=l&cat=p&typeid=i","cat":284264},{"id":40278,"n":"Barres glacées Twix  Caramel & Biscuit x6 - 205g","p":2.48,"u":"12,10 €/KG","img":"https://fd5-photos.leclercdrive.fr/image.ashx?id=2906742&use=l&cat=p&typeid=i","cat":284264},{"id":40279,"n":"Jus innocent orange sans pulpe 900ml","p":2.21,"u":"2,46 €/L","img":"https://fd5-photos.leclercdrive.fr/image.ashx?id=2736583&use=l&cat=p&typeid=i","cat":285435},{"id":40303,"n":"Coton Duo Démaquillants Inell Ovale - Aloé véra - Disques x60","p":1.69,"img":"https://fd5-photos.leclercdrive.fr/image.ashx?id=1926957&use=l&cat=p&typeid=i","cat":285593},{"id":40311,"n":"Biscuits cacao P'tit Déli Chocolat noir/blanc - 115g","p":2.0,"u":"17,39 €/KG","img":"https://fd5-photos.leclercdrive.fr/image.ashx?id=2566197&use=l&cat=p&typeid=i","cat":284488},{"id":40312,"n":"Cèpes déshydratés Notre Jardin 40g","p":3.11,"u":"77,75 €/KG","img":"https://fd5-photos.leclercdrive.fr/image.ashx?id=2403276&use=l&cat=p&typeid=i","cat":284352},{"id":40313,"n":"Madeleines marbrées P'tit Déli Chocolat 400g","p":2.15,"u":"5,38 €/KG","img":"https://fd5-photos.leclercdrive.fr/image.ashx?id=2646065&use=l&cat=p&typeid=i","cat":284492},{"id":40315,"n":"Chips ondulées Pom'Lisse Epicé - 135g","p":1.17,"u":"8,67 €/KG","img":"https://fd5-photos.leclercdrive.fr/image.ashx?id=2919628&use=l&cat=p&typeid=i","cat":284447},{"id":40318,"n":"Mini cornichons Rustica 210g","p":2.03,"u":"9,67 €/KG","img":"https://fd5-photos.leclercdrive.fr/image.ashx?id=2916704&use=l&cat=p&typeid=i","cat":284458},{"id":40321,"n":"Bonbons Confiseo Menthe Extrême - 250g","p":1.49,"u":"5,96 €/KG","img":"https://fd5-photos.leclercdrive.fr/image.ashx?id=2934712&use=l&cat=p&typeid=i","cat":304252},{"id":40330,"n":"Sablés P'tit Déli Pur beurre framboise - 100g","p":1.18,"u":"11,80 €/KG","img":"https://fd5-photos.leclercdrive.fr/image.ashx?id=2669747&use=l&cat=p&typeid=i","cat":284487},{"id":40332,"n":"Bière aromatisée Desperados 5.9%vol. - 20x25cl","p":17.22,"u":"3,44 €/L","img":"https://fd5-photos.leclercdrive.fr/image.ashx?id=2977300&use=l&cat=p&typeid=i","cat":334878},{"id":40336,"n":"Bière blonde Heineken 12x33cl","p":11.3,"u":"2,85 €/L","img":"https://fd5-photos.leclercdrive.fr/image.ashx?id=3008110&use=l&cat=p&typeid=i","cat":334873},{"id":40337,"n":"Morilles déshydratées Notre Jardin pot 30g","p":12.78,"u":"426,00 €/KG","img":"https://fd5-photos.leclercdrive.fr/image.ashx?id=2418332&use=l&cat=p&typeid=i","cat":284352},{"id":40342,"n":"Serviette Tena Lady - Maxi Night - x12","p":5.53,"u":"0,46 €/P","img":"https://fd5-photos.leclercdrive.fr/image.ashx?id=2597232&use=l&cat=p&typeid=i","cat":284628},{"id":40345,"n":"Cotons Démaquillants Demak'Up Original ovale x70","p":1.66,"u":"0,02 €/P","img":"https://fd5-photos.leclercdrive.fr/image.ashx?id=2791458&use=l&cat=p&typeid=i","cat":285593},{"id":40367,"n":"Café Corsica Unica - x18 - 125g","p":4.98,"u":"39,84 €/KG","img":"https://fd5-photos.leclercdrive.fr/image.ashx?id=777284&use=l&cat=p&typeid=i","cat":293238},{"id":40369,"n":"Gingembre Tanoshi En fines lamelles - 200g","p":3.84,"u":"19,20 €/KG","img":"https://fd5-photos.leclercdrive.fr/image.ashx?id=2921157&use=l&cat=p&typeid=i","cat":288992},{"id":40412,"n":"Thon entier Petit Navire Huile de tournesol - 160g","p":1.78,"u":"11,13 €/KG","img":"https://fd5-photos.leclercdrive.fr/image.ashx?id=2523846&use=l&cat=p&typeid=i","cat":303867},{"id":40430,"n":"Plat bébé soir Blédiner 8 mois  Patate douce carotte - 2x200g","p":2.02,"u":"5,05 €/KG","img":"https://fd5-photos.leclercdrive.fr/image.ashx?id=2902969&use=l&cat=p&typeid=i","cat":312239},{"id":40456,"n":"Vin rosé Clos Sulana Corse - 75cl","p":8.29,"u":"11,05 €/L","img":"https://fd5-photos.leclercdrive.fr/image.ashx?id=830372&use=l&cat=p&typeid=i","cat":289558},{"id":40457,"n":"Vin rouge Clos Sulana 75cl","p":8.25,"u":"11,00 €/L","img":"https://fd5-photos.leclercdrive.fr/image.ashx?id=830124&use=l&cat=p&typeid=i","cat":289556},{"id":40460,"n":"Confiture Maison Cappaccini Figue noix 240g","p":3.67,"u":"15,29 €/KG","img":"https://fd5-photos.leclercdrive.fr/image.ashx?id=2435456&use=l&cat=p&typeid=i","cat":284480},{"id":40461,"n":"Confiture Maison Cappaccini Châtaigne 240g","p":3.99,"u":"16,63 €/KG","img":"https://fd5-photos.leclercdrive.fr/image.ashx?id=2467426&use=l&cat=p&typeid=i","cat":284480},{"id":40477,"n":"Eau de source St Georges Bouteille en verre - 1L","p":1.5,"u":"1,50 €/L","img":"https://fd5-photos.leclercdrive.fr/image.ashx?id=777513&use=l&cat=p&typeid=i","cat":284535},{"id":40490,"n":"Compote Andros Pomme abricot - 8x100g","p":3.63,"u":"4,54 €/KG","img":"https://fd5-photos.leclercdrive.fr/image.ashx?id=2968097&use=l&cat=p&typeid=i","cat":284416},{"id":40491,"n":"Compotes Andros Pomme poire 8x100g","p":2.39,"u":"2,99 €/KG","img":"https://fd5-photos.leclercdrive.fr/image.ashx?id=2883943&use=l&cat=p&typeid=i","cat":284416},{"id":40494,"n":"Compotes Andros Pomme châtaigne 8x100g","p":2.69,"u":"3,36 €/KG","img":"https://fd5-photos.leclercdrive.fr/image.ashx?id=2988611&use=l&cat=p&typeid=i","cat":284416},{"id":40495,"n":"Gâteau mix max Balconi Cacao 350g","p":1.95,"u":"5,57 €/KG","img":"https://fd5-photos.leclercdrive.fr/image.ashx?id=2878408&use=l&cat=p&typeid=i","cat":284495},{"id":40516,"n":"Compote Douceur du Verger Gourdes multivariétés - 12x90g","p":4.09,"u":"3,79 €/KG","img":"https://fd5-photos.leclercdrive.fr/image.ashx?id=2837051&use=l&cat=p&typeid=i","cat":284508},{"id":40518,"n":"Kit burritos Old El Paso extra doux - 491g","p":4.37,"u":"8,90 €/KG","img":"https://fd5-photos.leclercdrive.fr/image.ashx?id=2759496&use=l&cat=p&typeid=i","cat":288993},{"id":40519,"n":"Kit fajitas Old El Paso extra doux - 478g","p":4.52,"u":"9,46 €/KG","img":"https://fd5-photos.leclercdrive.fr/image.ashx?id=2765405&use=l&cat=p&typeid=i","cat":288993},{"id":40522,"n":"Préparation cassis NRT D'Ile de France - 315g","p":3.77,"u":"11,97 €/KG","img":"https://fd5-photos.leclercdrive.fr/image.ashx?id=2520059&use=l&cat=p&typeid=i","cat":284480},{"id":40573,"n":"Tablette chocolat Milka Chocolat lait/Noisette - 2x100g","p":3.34,"u":"16,70 €/KG","img":"https://fd5-photos.leclercdrive.fr/image.ashx?id=2832422&use=l&cat=p&typeid=i","cat":284497},{"id":40574,"n":"Tablette chocolat Milka Chocolat lait/Riz - 2x100g","p":2.94,"u":"14,70 €/KG","img":"https://fd5-photos.leclercdrive.fr/image.ashx?id=2400448&use=l&cat=p&typeid=i","cat":284497},{"id":40598,"n":"Fromage de brebis Germain Le Carré Corse - 250g","p":7.9,"u":"31,60 €/KG","img":"https://fd5-photos.leclercdrive.fr/image.ashx?id=1284235&use=l&cat=p&typeid=i","cat":314031},{"id":40610,"n":"Pérail Lou Pérac Fromage de brebis - 100g","p":2.22,"u":"22,20 €/KG","img":"https://fd5-photos.leclercdrive.fr/image.ashx?id=2848545&use=l&cat=p&typeid=i","cat":314031},{"id":40612,"n":"Fromage de Brebis Etorki  180g","p":3.19,"u":"17,72 €/KG","img":"https://fd5-photos.leclercdrive.fr/image.ashx?id=2702816&use=l&cat=p&typeid=i","cat":329184},{"id":40614,"n":"Miettes de thon Petit Navire Huile de tournesol - 160g","p":2.02,"u":"12,63 €/KG","img":"https://fd5-photos.leclercdrive.fr/image.ashx?id=2519645&use=l&cat=p&typeid=i","cat":303867},{"id":40620,"n":"Jus innocent  orange sans pulpe 1.5L","p":3.29,"u":"2,19 €/L","img":"https://fd5-photos.leclercdrive.fr/image.ashx?id=2889811&use=l&cat=p&typeid=i","cat":285435},{"id":40621,"n":"Viande bovine 1x côte à l'os*** à griller - 1.2kg","p":27.9,"u":"23,25 €/KG","img":"https://fd5-photos.leclercdrive.fr/image.ashx?id=783696&use=l&cat=p&typeid=i","cat":284328},{"id":40625,"n":"AOC Fronton vin rosé Terrasses d'Autan - 75cl","p":2.99,"u":"3,99 €/L","img":"https://fd5-photos.leclercdrive.fr/image.ashx?id=2866909&use=l&cat=p&typeid=i","cat":289558},{"id":40628,"n":"AOC vin rouge Bergerac Bio Terrasses d'Autan - 75cl","p":3.99,"u":"5,32 €/L","img":"https://fd5-photos.leclercdrive.fr/image.ashx?id=2900202&use=l&cat=p&typeid=i","cat":289556},{"id":40631,"n":"Levure Chimique Alsacienne alsa 8 sachets - 88g","p":0.66,"u":"7,50 €/KG","img":"https://fd5-photos.leclercdrive.fr/image.ashx?id=3009335&use=l&cat=p&typeid=i","cat":294686},{"id":40649,"n":"Pansement Primoplast Transparents x40","p":0.99,"u":"0,02 €/P","img":"https://fd5-photos.leclercdrive.fr/image.ashx?id=2832957&use=l&cat=p&typeid=i","cat":284630},{"id":40652,"n":"Jus de cranberry Gayelord Hauser - 75cl","p":3.19,"u":"4,25 €/L","img":"https://fd5-photos.leclercdrive.fr/image.ashx?id=2750441&use=l&cat=p&typeid=i","cat":284915},{"id":40653,"n":"Jus de grenade Gayelord Hauser - 75cl","p":3.17,"u":"4,23 €/L","img":"https://fd5-photos.leclercdrive.fr/image.ashx?id=2923789&use=l&cat=p&typeid=i","cat":284915},{"id":40656,"n":"Gel douche Manava Surgras - 500ml","p":1.85,"u":"3,70 €/L","img":"https://fd5-photos.leclercdrive.fr/image.ashx?id=2799239&use=l&cat=p&typeid=i","cat":284594},{"id":40657,"n":"Gel douche Manava Hypoallergenique - 500ml","p":1.85,"u":"3,70 €/L","img":"https://fd5-photos.leclercdrive.fr/image.ashx?id=2799165&use=l&cat=p&typeid=i","cat":284594},{"id":40659,"n":"Crème décolorante Vitanove 165ml","p":3.92,"u":"23,76 €/L","img":"https://fd5-photos.leclercdrive.fr/image.ashx?id=2522533&use=l&cat=p&typeid=i","cat":288899},{"id":40666,"n":"Antiseptique Primoplast Spray - 100ml","p":2.4,"u":"24,00 €/L","img":"https://fd5-photos.leclercdrive.fr/image.ashx?id=2856522&use=l&cat=p&typeid=i","cat":284630},{"id":40667,"n":"Shampooing Vitanove Nutrition - 750ml","p":3.99,"u":"5,32 €/L","img":"https://fd5-photos.leclercdrive.fr/image.ashx?id=2478925&use=l&cat=p&typeid=i","cat":284606},{"id":40670,"n":"Shampooing Vitanove Couleur - 750ml","p":3.99,"u":"5,32 €/L","img":"https://fd5-photos.leclercdrive.fr/image.ashx?id=1923577&use=l&cat=p&typeid=i","cat":284606},{"id":40676,"n":"Beurre Tendre Président Demi-sel - 80% MG - 250g","p":3.04,"u":"12,16 €/KG","img":"https://fd5-photos.leclercdrive.fr/image.ashx?id=2731420&use=l&cat=p&typeid=i","cat":284379},{"id":40708,"n":"IGP Gard vin rosé Rives & Terrasses 12% vol - BIB 5L","p":13.99,"u":"2,80 €/L","img":"https://fd5-photos.leclercdrive.fr/image.ashx?id=2882325&use=l&cat=p&typeid=i","cat":289560},{"id":40733,"n":"Saumon fumé Labeyrie Ecosse 2 tranches - 75g","p":5.29,"u":"70,53 €/KG","img":"https://fd5-photos.leclercdrive.fr/image.ashx?id=2729908&use=l&cat=p&typeid=i","cat":285188},{"id":40736,"n":"Saumon fumé Labeyrie Norvège 2 tranches - 75g","p":4.19,"u":"55,87 €/KG","img":"https://fd5-photos.leclercdrive.fr/image.ashx?id=2729905&use=l&cat=p&typeid=i","cat":285188},{"id":40739,"n":"AOC Savoie vin blanc Antoine Barrier - 75cl","p":6.79,"u":"9,05 €/L","img":"https://fd5-photos.leclercdrive.fr/image.ashx?id=2980677&use=l&cat=p&typeid=i","cat":289557},{"id":40774,"n":"Lingettes nettoyantes La Croix Désinfectant Javel - x 25","p":1.61,"u":"0,06 €/P","img":"https://fd5-photos.leclercdrive.fr/image.ashx?id=2540106&use=l&cat=p&typeid=i","cat":325358},{"id":40776,"n":"Détachant avant lavage K2R  Tâche incrustée mousse  - 400mL","p":2.83,"u":"7,08 €/L","img":"https://fd5-photos.leclercdrive.fr/image.ashx?id=2101177&use=l&cat=p&typeid=i","cat":284651},{"id":40786,"n":"Riz au lait Bio Bio Village Vanille - 4x100g","p":1.79,"u":"4,48 €/KG","img":"https://fd5-photos.leclercdrive.fr/image.ashx?id=2992636&use=l&cat=p&typeid=i","cat":284418},{"id":40789,"n":"Yaourts à boire Délisse Fraise - 8x100g","p":1.95,"u":"2,44 €/KG","img":"https://fd5-photos.leclercdrive.fr/image.ashx?id=2762504&use=l&cat=p&typeid=i","cat":284415},{"id":40790,"n":"Yaourt brassé Bio Bio Village Nature - 4x125g","p":1.2,"u":"2,40 €/KG","img":"https://fd5-photos.leclercdrive.fr/image.ashx?id=2064624&use=l&cat=p&typeid=i","cat":284409},{"id":40794,"n":"Rôti de poulet Tradilège Supérieur 4tr - 160g","p":2.25,"u":"14,06 €/KG","img":"https://fd5-photos.leclercdrive.fr/image.ashx?id=2837093&use=l&cat=p&typeid=i","cat":316010},{"id":40796,"n":"Rôti de porc Tradilège Supérieur Maxiformat 8tr- 240 g","p":3.17,"u":"13,21 €/KG","img":"https://fd5-photos.leclercdrive.fr/image.ashx?id=2930763&use=l&cat=p&typeid=i","cat":316009},{"id":40803,"n":"Capsule pour terrine Lepar Diamètre 100 - x12","p":9.31,"u":"0,78 €/P","img":"https://fd5-photos.leclercdrive.fr/image.ashx?id=2503710&use=l&cat=p&typeid=i","cat":284710},{"id":40804,"n":"Capsule pour terrine Lepar Diamètre 82 - x12","p":8.19,"u":"0,68 €/P","img":"https://fd5-photos.leclercdrive.fr/image.ashx?id=2319505&use=l&cat=p&typeid=i","cat":284710},{"id":40805,"n":"Rondelle caoutchouc Le Parfait Diamètre 70 - x10","p":2.76,"u":"0,28 €/P","img":"https://fd5-photos.leclercdrive.fr/image.ashx?id=2807489&use=l&cat=p&typeid=i","cat":284710},{"id":40820,"n":"Concentré Antésite Sans sucre Réglisse Menthe - 13cl","p":4.1,"u":"31,54 €/L","img":"https://fd5-photos.leclercdrive.fr/image.ashx?id=2621245&use=l&cat=p&typeid=i","cat":295020},{"id":40821,"n":"Sirop Antésite Anis sans sucre - 13cl","p":3.64,"u":"28,00 €/L","img":"https://fd5-photos.leclercdrive.fr/image.ashx?id=2621242&use=l&cat=p&typeid=i","cat":295020},{"id":40870,"n":"Purée de courgettes Florette 2x200g","p":2.83,"u":"7,08 €/KG","img":"https://fd5-photos.leclercdrive.fr/image.ashx?id=2790006&use=l&cat=p&typeid=i","cat":333665},{"id":40872,"n":"Ecrasé de légumes Florette Pomme de terre carottes 2x200g","p":3.09,"u":"7,73 €/KG","img":"https://fd5-photos.leclercdrive.fr/image.ashx?id=2767696&use=l&cat=p&typeid=i","cat":333665},{"id":40904,"n":"Pesto rosso Turini 190g","p":1.68,"u":"8,84 €/KG","img":"https://fd5-photos.leclercdrive.fr/image.ashx?id=2546257&use=l&cat=p&typeid=i","cat":287599},{"id":40908,"n":"Sauce pizza Tomapizza Panzani aux tomates et origan - 390g","p":1.2,"u":"3,08 €/KG","img":"https://fd5-photos.leclercdrive.fr/image.ashx?id=2744626&use=l&cat=p&typeid=i","cat":288384},{"id":40931,"n":"Whisky Aberlour 12 ans Single Malt Scotch 40% vol 70cl","p":34.33,"u":"49,04 €/L","img":"https://fd5-photos.leclercdrive.fr/image.ashx?id=2999847&use=l&cat=p&typeid=i","cat":284547},{"id":40946,"n":"Whisky Chivas Regal 18 ans Blended Scotch 40% vol - 70cl","p":50.9,"pp":45.81,"u":"65,44 €/L","img":"https://fd5-photos.leclercdrive.fr/image.ashx?id=2884084&use=l&cat=p&typeid=i","cat":284547},{"id":40956,"n":"Whisky Jack Daniel's Single Barrel 70cL","p":30.65,"u":"43,79 €/L","img":"https://fd5-photos.leclercdrive.fr/image.ashx?id=2540013&use=l&cat=p&typeid=i","cat":284547},{"id":40967,"n":"AOP Bourgogne Aligoté vin blanc Antoine Barrier - 75cl","p":6.49,"u":"8,65 €/L","img":"https://fd5-photos.leclercdrive.fr/image.ashx?id=2883011&use=l&cat=p&typeid=i","cat":289557},{"id":40968,"n":"AOP Bordeaux Supérieur rouge Château Labatut Prestige - 75cl","p":6.31,"u":"8,41 €/L","img":"https://fd5-photos.leclercdrive.fr/image.ashx?id=2860973&use=l&cat=p&typeid=i","cat":289556},{"id":40988,"n":"Détachant Ace Délicat Système 8+ 2L","p":4.8,"u":"2,40 €/L","img":"https://fd5-photos.leclercdrive.fr/image.ashx?id=2559152&use=l&cat=p&typeid=i","cat":284651},{"id":40997,"n":"Panier forestier déshydraté  30g","p":1.87,"u":"62,33 €/KG","img":"https://fd5-photos.leclercdrive.fr/image.ashx?id=2618853&use=l&cat=p&typeid=i","cat":312610},{"id":41002,"n":"Repas fraicheur pour chat Sheba Volaille en sauce - 6x50g","p":2.45,"u":"8,17 €/KG","img":"https://fd5-photos.leclercdrive.fr/image.ashx?id=2888097&use=l&cat=p&typeid=i","cat":285286},{"id":41006,"n":"Biscuits chien Pedigree Markies fourrés - 500g","p":1.63,"u":"3,26 €/KG","img":"https://fd5-photos.leclercdrive.fr/image.ashx?id=2254319&use=l&cat=p&typeid=i","cat":294527},{"id":41009,"n":"Friandises chat Catisfactions Fromage - 60g","p":1.1,"u":"18,33 €/KG","img":"https://fd5-photos.leclercdrive.fr/image.ashx?id=2912608&use=l&cat=p&typeid=i","cat":285285},{"id":41014,"n":"Boîte chat Whiskas Terrine mer & campagne - 4x400g","p":4.55,"u":"2,84 €/KG","img":"https://fd5-photos.leclercdrive.fr/image.ashx?id=2619983&use=l&cat=p&typeid=i","cat":285601},{"id":41016,"n":"Sachet fraîcheur chat Sheba Poissons en sauce - 4x85g","p":1.95,"u":"5,74 €/KG","img":"https://fd5-photos.leclercdrive.fr/image.ashx?id=2759625&use=l&cat=p&typeid=i","cat":285286},{"id":41018,"n":"Pur jus d'ananas Jafaden Bouteille 1L","p":1.99,"u":"1,99 €/L","img":"https://fd5-photos.leclercdrive.fr/image.ashx?id=2956729&use=l&cat=p&typeid=i","cat":284916},{"id":41019,"n":"Pur jus de raisin Jafaden Bouteille 1L","p":1.54,"u":"1,54 €/L","img":"https://fd5-photos.leclercdrive.fr/image.ashx?id=2860757&use=l&cat=p&typeid=i","cat":284915},{"id":41020,"n":"Pur jus Jafaden Clémentine - 1L","p":1.91,"u":"1,91 €/L","img":"https://fd5-photos.leclercdrive.fr/image.ashx?id=2895786&use=l&cat=p&typeid=i","cat":284915},{"id":41022,"n":"Sachet fraicheur chat Sheba Thon cabillaud en sauce - 6x50g","p":2.45,"u":"8,17 €/KG","img":"https://fd5-photos.leclercdrive.fr/image.ashx?id=2347128&use=l&cat=p&typeid=i","cat":285286},{"id":41034,"n":"Noix de coco rapée Holyfruits Sachet 500g","p":3.3,"u":"6,60 €/KG","img":"https://fd5-photos.leclercdrive.fr/image.ashx?id=2620356&use=l&cat=p&typeid=i","cat":284504},{"id":41063,"n":"Anchois Fumeries Occitanes A la crème d'ail - 200g","p":3.74,"u":"18,70 €/KG","img":"https://fd5-photos.leclercdrive.fr/image.ashx?id=1912736&use=l&cat=p&typeid=i","cat":285190},{"id":41117,"n":"Vinaigre de nettoyage Clair Citron - 750ml","p":1.95,"u":"2,60 €/L","img":"https://fd5-photos.leclercdrive.fr/image.ashx?id=2949188&use=l&cat=p&typeid=i","cat":325365},{"id":41140,"n":"Filets maquereaux Pêche Océan Naturel - 95g","p":1.48,"u":"15,58 €/KG","img":"https://fd5-photos.leclercdrive.fr/image.ashx?id=2515685&use=l&cat=p&typeid=i","cat":303868},{"id":41147,"n":"Bain de bouche Dentamyl Expert Sensitive - 500ml","p":1.89,"u":"3,78 €/L","img":"https://fd5-photos.leclercdrive.fr/image.ashx?id=2594570&use=l&cat=p&typeid=i","cat":284613},{"id":41161,"n":"Olives Apéritives A la provençale - 250g","p":2.89,"u":"11,56 €/KG","img":"https://fd5-photos.leclercdrive.fr/image.ashx?id=2833699&use=l&cat=p&typeid=i","cat":316002},{"id":41162,"n":"Olives Apéritives Cassées à l'ail - 250g","p":2.42,"u":"9,68 €/KG","img":"https://fd5-photos.leclercdrive.fr/image.ashx?id=2833696&use=l&cat=p&typeid=i","cat":316002},{"id":41177,"n":"Coloration permanente Vitanove Acajou","p":3.45,"img":"https://fd5-photos.leclercdrive.fr/image.ashx?id=2522506&use=l&cat=p&typeid=i","cat":288899},{"id":41178,"n":"Coloration permanente Vitanove  Blond cendré","p":3.89,"img":"https://fd5-photos.leclercdrive.fr/image.ashx?id=2522509&use=l&cat=p&typeid=i","cat":288899},{"id":41179,"n":"Coloration permanente Vitanove  Chocolat","p":3.45,"img":"https://fd5-photos.leclercdrive.fr/image.ashx?id=2522512&use=l&cat=p&typeid=i","cat":288899},{"id":41181,"n":"Coloration permanente Vitanove  Châtain foncé","p":3.23,"img":"https://fd5-photos.leclercdrive.fr/image.ashx?id=2522518&use=l&cat=p&typeid=i","cat":288899},{"id":41183,"n":"Coloration permanente Vitanove  Châtain clair","p":3.16,"img":"https://fd5-photos.leclercdrive.fr/image.ashx?id=2522524&use=l&cat=p&typeid=i","cat":288899},{"id":41184,"n":"Coloration permanente Vitanove  Châtain acajou","p":3.24,"img":"https://fd5-photos.leclercdrive.fr/image.ashx?id=2522527&use=l&cat=p&typeid=i","cat":288899},{"id":41185,"n":"Coloration permanente Vitanove  Blond foncé","p":3.08,"img":"https://fd5-photos.leclercdrive.fr/image.ashx?id=2522530&use=l&cat=p&typeid=i","cat":288899},{"id":41186,"n":"Coloration permanente Vitanove  Blond doré","p":3.23,"img":"https://fd5-photos.leclercdrive.fr/image.ashx?id=1938903&use=l&cat=p&typeid=i","cat":288899},{"id":41187,"n":"Coloration permanente Vitanove  Blond très clair","p":3.17,"img":"https://fd5-photos.leclercdrive.fr/image.ashx?id=1939938&use=l&cat=p&typeid=i","cat":288899},{"id":41188,"n":"Captain Morgan Original Spiced Boisson à base de rhum- 70cl","p":12.69,"u":"18,13 €/L","img":"https://fd5-photos.leclercdrive.fr/image.ashx?id=2518403&use=l&cat=p&typeid=i","cat":284551},{"id":41190,"n":"Liqueur de Whisky Jack Daniel's Honey 70cL","p":19.95,"pp":17.95,"u":"25,64 €/L","img":"https://fd5-photos.leclercdrive.fr/image.ashx?id=2973982&use=l&cat=p&typeid=i","cat":286032},{"id":41200,"n":"Boule de pain  400g","p":1.25,"u":"3,13 €/KG","img":"https://fd5-photos.leclercdrive.fr/image.ashx?id=2063080&use=l&cat=p&typeid=i","cat":284359},{"id":41223,"n":"Chips natures paysannes Bret's Au sel de Guérande 250g","p":2.17,"u":"8,68 €/KG","img":"https://fd5-photos.leclercdrive.fr/image.ashx?id=2217651&use=l&cat=p&typeid=i","cat":284447},{"id":41236,"n":"Beurre gastronomique Président Demi-sel - 80% MG - 250g","p":2.7,"u":"10,80 €/KG","img":"https://fd5-photos.leclercdrive.fr/image.ashx?id=2962257&use=l&cat=p&typeid=i","cat":284379},{"id":41237,"n":"Beurre La Motte Président Doux - 82%mg - 250g","p":3.19,"u":"12,76 €/KG","img":"https://fd5-photos.leclercdrive.fr/image.ashx?id=2896955&use=l&cat=p&typeid=i","cat":284379},{"id":41238,"n":"Beurre La Motte Président Sel de mer - 80% MG - 250g","p":3.19,"u":"12,76 €/KG","img":"https://fd5-photos.leclercdrive.fr/image.ashx?id=2896958&use=l&cat=p&typeid=i","cat":284379},{"id":41265,"n":"Abricots pelés St Mamet Boîte 4/4 475g","p":3.63,"u":"7,64 €/KG","img":"https://fd5-photos.leclercdrive.fr/image.ashx?id=2593896&use=l&cat=p&typeid=i","cat":284507},{"id":41268,"n":"Croquettes chat  Eco+ Viandes légumes-  2kg","p":2.33,"u":"1,17 €/KG","img":"https://fd5-photos.leclercdrive.fr/image.ashx?id=2932381&use=l&cat=p&typeid=i","cat":284680},{"id":41269,"n":"Croquettes chat Eco+ Poisson, céréales, légumes 2kg","p":2.48,"u":"1,24 €/KG","img":"https://fd5-photos.leclercdrive.fr/image.ashx?id=2970714&use=l&cat=p&typeid=i","cat":284680},{"id":41270,"n":"Croquettes chiens Fido Adulte - Boeuf - 3kg","p":6.7,"u":"2,23 €/KG","img":"https://fd5-photos.leclercdrive.fr/image.ashx?id=2973291&use=l&cat=p&typeid=i","cat":284672},{"id":41271,"n":"Croquettes chiens Eco+ Adulte - Boeuf - 10kg","p":9.97,"u":"1,00 €/KG","img":"https://fd5-photos.leclercdrive.fr/image.ashx?id=2368647&use=l&cat=p&typeid=i","cat":284672},{"id":41275,"n":"Croquettes chat Purina One Sterilisé - Poulet - 1,5kg","p":6.51,"u":"4,34 €/KG","img":"https://fd5-photos.leclercdrive.fr/image.ashx?id=2488046&use=l&cat=p&typeid=i","cat":284680},{"id":41278,"n":"Croquettes chiens Eco+ Adulte - Viande -  4kg","p":3.93,"u":"0,98 €/KG","img":"https://fd5-photos.leclercdrive.fr/image.ashx?id=2946799&use=l&cat=p&typeid=i","cat":284672},{"id":41282,"n":"Croquettes petit chien Ultima  Jack Russell poulet - 1,5kg","p":6.39,"u":"4,26 €/KG","img":"https://fd5-photos.leclercdrive.fr/image.ashx?id=2918089&use=l&cat=p&typeid=i","cat":294526},{"id":41283,"n":"Sachets pour chats Gourmet Multivariétés - 12x85g","p":5.11,"u":"5,01 €/KG","img":"https://fd5-photos.leclercdrive.fr/image.ashx?id=2902343&use=l&cat=p&typeid=i","cat":285286},{"id":41285,"n":"Croquettes chaton Purina One  Junior -Poulet/Céréales - 1,5kg","p":6.84,"u":"4,56 €/KG","img":"https://fd5-photos.leclercdrive.fr/image.ashx?id=2433563&use=l&cat=p&typeid=i","cat":284680},{"id":41286,"n":"Croquettes chat Purina One  Stérilisé Adulte-Saumon/Blé-3kg","p":11.85,"u":"3,95 €/KG","img":"https://fd5-photos.leclercdrive.fr/image.ashx?id=2488049&use=l&cat=p&typeid=i","cat":284680},{"id":41287,"n":"Croquettes chiens Purina One Minis chiens adultes -  1,5kg","p":4.89,"u":"3,26 €/KG","img":"https://fd5-photos.leclercdrive.fr/image.ashx?id=2899674&use=l&cat=p&typeid=i","cat":294526},{"id":41289,"n":"Croquettes chat Purina One Urinary care - Poulet - 450g","p":2.92,"u":"6,49 €/KG","img":"https://fd5-photos.leclercdrive.fr/image.ashx?id=2459940&use=l&cat=p&typeid=i","cat":284680},{"id":41291,"n":"Croquettes chat Purina One Stérilisé Adulte-Boeuf/blé -3kg","p":11.85,"u":"3,95 €/KG","img":"https://fd5-photos.leclercdrive.fr/image.ashx?id=2488043&use=l&cat=p&typeid=i","cat":284680},{"id":41293,"n":"Sachets repas chats Purina One Stérilisés - Saumon Dinde 4x85g","p":1.91,"u":"5,62 €/KG","img":"https://fd5-photos.leclercdrive.fr/image.ashx?id=2902349&use=l&cat=p&typeid=i","cat":285286},{"id":41337,"n":"Lait céréales Blédidej 9 mois Madeleine - 4x250ml","p":3.4,"u":"3,40 €/L","img":"https://fd5-photos.leclercdrive.fr/image.ashx?id=2921052&use=l&cat=p&typeid=i","cat":312226},{"id":41352,"n":"Gommage visage Inell Douceur - 75ml","p":2.0,"u":"26,67 €/L","img":"https://fd5-photos.leclercdrive.fr/image.ashx?id=2686344&use=l&cat=p&typeid=i","cat":284603},{"id":41357,"n":"Steak *** Charal 130g","p":2.82,"u":"21,69 €/KG","img":"https://fd5-photos.leclercdrive.fr/image.ashx?id=1893005&use=l&cat=p&typeid=i","cat":284328},{"id":41358,"n":"Tournedos *** Charal 280g","p":12.85,"u":"45,89 €/KG","img":"https://fd5-photos.leclercdrive.fr/image.ashx?id=2421159&use=l&cat=p&typeid=i","cat":284328},{"id":41359,"n":"Bavette d'Aloyau *** Charal 260g","p":9.8,"u":"37,69 €/KG","img":"https://fd5-photos.leclercdrive.fr/image.ashx?id=1889183&use=l&cat=p&typeid=i","cat":284328},{"id":41364,"n":"Cordon bleu Côté Croc Comté - 200g","p":2.05,"u":"10,25 €/KG","img":"https://fd5-photos.leclercdrive.fr/image.ashx?id=2800240&use=l&cat=p&typeid=i","cat":333683},{"id":41366,"n":"Nuggets de poulet Côté Croc Croustillant - 200g","p":1.79,"u":"8,95 €/KG","img":"https://fd5-photos.leclercdrive.fr/image.ashx?id=2462257&use=l&cat=p&typeid=i","cat":333684},{"id":41377,"n":"Manchons de poulet Côté Croc Croustillant - 250g","p":2.59,"u":"10,36 €/KG","img":"https://fd5-photos.leclercdrive.fr/image.ashx?id=2843042&use=l&cat=p&typeid=i","cat":333685},{"id":41381,"n":"Gratin Côté Table Endives au jambon - 280g","p":3.09,"u":"11,04 €/KG","img":"https://fd5-photos.leclercdrive.fr/image.ashx?id=2759217&use=l&cat=p&typeid=i","cat":333665},{"id":41420,"n":"Quiche Lorraine  Qualité Traiteur - 2x140g","p":4.01,"u":"14,32 €/KG","img":"https://fd5-photos.leclercdrive.fr/image.ashx?id=2856380&use=l&cat=p&typeid=i","cat":333680},{"id":41422,"n":"Fromage à Tartiner St Môret  Nature - 300g","p":3.24,"u":"10,80 €/KG","img":"https://fd5-photos.leclercdrive.fr/image.ashx?id=2755465&use=l&cat=p&typeid=i","cat":314029},{"id":41447,"n":"Fromage fruité bloc Les Croisés 220g","p":2.75,"u":"12,50 €/KG","img":"https://fd5-photos.leclercdrive.fr/image.ashx?id=1961168&use=l&cat=p&typeid=i","cat":314034},{"id":41460,"n":"Pain de mie 100% Mie Harrys Complet sans croûte - 500g","p":1.71,"u":"3,42 €/KG","img":"https://fd5-photos.leclercdrive.fr/image.ashx?id=2731864&use=l&cat=p&typeid=i","cat":284477},{"id":41463,"n":"Autocollants Insectivor Anti-mouches - x4","p":2.54,"u":"0,64 €/P","img":"https://fd5-photos.leclercdrive.fr/image.ashx?id=2606828&use=l&cat=p&typeid=i","cat":298368},{"id":41464,"n":"Purée de tomates Turini Brique 500g","p":0.75,"u":"1,50 €/KG","img":"https://fd5-photos.leclercdrive.fr/image.ashx?id=2729287&use=l&cat=p&typeid=i","cat":288384},{"id":41465,"n":"Cotons Inell Maxi confort x80","p":1.78,"img":"https://fd5-photos.leclercdrive.fr/image.ashx?id=1926969&use=l&cat=p&typeid=i","cat":284636},{"id":41466,"n":"Coton carré bébé Mots d'Enfants Aloe vera x50","p":1.67,"u":"0,03 €/P","img":"https://fd5-photos.leclercdrive.fr/image.ashx?id=3014236&use=l&cat=p&typeid=i","cat":284739},{"id":41467,"n":"Sauce Pesto Tradizioni d'Italia Rosso - 180g","p":1.82,"u":"10,11 €/KG","img":"https://fd5-photos.leclercdrive.fr/image.ashx?id=2840034&use=l&cat=p&typeid=i","cat":287599},{"id":41478,"n":"Mouchoirs blancs 3 plis Univert Boîte mouchoirs en papier -x100","p":1.55,"u":"0,02 €/P","img":"https://fd5-photos.leclercdrive.fr/image.ashx?id=1960038&use=l&cat=p&typeid=i","cat":284638},{"id":41488,"n":"Sachets Insectivor Anti-mites anti-acariens - x24","p":2.89,"u":"0,12 €/P","img":"https://fd5-photos.leclercdrive.fr/image.ashx?id=2852952&use=l&cat=p&typeid=i","cat":298368},{"id":41491,"n":"Tartines croustillantes Wasa Léger - 270g","p":1.72,"u":"6,37 €/KG","img":"https://fd5-photos.leclercdrive.fr/image.ashx?id=3011851&use=l&cat=p&typeid=i","cat":284479},{"id":41492,"n":"Tartines croustillantes Wasa Fibres - 230g","p":1.6,"u":"6,96 €/KG","img":"https://fd5-photos.leclercdrive.fr/image.ashx?id=3011854&use=l&cat=p&typeid=i","cat":284479},{"id":41493,"n":"Tartines croustillantes Wasa Authentique - 275g","p":1.37,"u":"4,98 €/KG","img":"https://fd5-photos.leclercdrive.fr/image.ashx?id=3011857&use=l&cat=p&typeid=i","cat":284479},{"id":41508,"n":"Porc : Travers de porc  1kg","p":11.9,"u":"11,90 €/KG","img":"https://fd5-photos.leclercdrive.fr/image.ashx?id=811082&use=l&cat=p&typeid=i","cat":284331},{"id":41517,"n":"Couches bébé Mots d'Enfants T6 Douceur - 16kg+ - x58 changes","p":12.75,"img":"https://fd5-photos.leclercdrive.fr/image.ashx?id=2904577&use=l&cat=p&typeid=i","cat":284737},{"id":41524,"n":"Ossau Iraty AOP Istara Fromage de brebis - 180g","p":3.37,"u":"18,72 €/KG","img":"https://fd5-photos.leclercdrive.fr/image.ashx?id=2766193&use=l&cat=p&typeid=i","cat":329184},{"id":41529,"n":"Déodorant atomiseur Scorpio Noir absolu - 150ml","p":3.3,"u":"22,00 €/L","img":"https://fd5-photos.leclercdrive.fr/image.ashx?id=2425149&use=l&cat=p&typeid=i","cat":284618},{"id":41532,"n":"Gressins Tradizioni d'Italia A la turinoise - 250g","p":2.29,"u":"9,16 €/KG","img":"https://fd5-photos.leclercdrive.fr/image.ashx?id=2743918&use=l&cat=p&typeid=i","cat":297000},{"id":41534,"n":"Déodorant Spray Homme Nivea Men Black&White Original - 200ml","p":3.17,"u":"15,85 €/L","img":"https://fd5-photos.leclercdrive.fr/image.ashx?id=3005218&use=l&cat=p&typeid=i","cat":284618},{"id":41538,"n":"Déodorant Homme Stick Williams Peau Sensible 75ml","p":2.82,"u":"37,60 €/L","img":"https://fd5-photos.leclercdrive.fr/image.ashx?id=2905102&use=l&cat=p&typeid=i","cat":284618},{"id":41551,"n":"Soda Schweppes Saveur Citron - 1,5L","p":1.83,"u":"1,22 €/L","img":"https://fd5-photos.leclercdrive.fr/image.ashx?id=2852417&use=l&cat=p&typeid=i","cat":284532},{"id":41556,"n":"Boisson aux fruits Oasis Orange - 2L","p":2.65,"u":"1,33 €/L","img":"https://fd5-photos.leclercdrive.fr/image.ashx?id=2688653&use=l&cat=p&typeid=i","cat":295018},{"id":41579,"n":"Macédoine déjà égouttée D'aucy  530g","p":2.08,"u":"3,92 €/KG","img":"https://fd5-photos.leclercdrive.fr/image.ashx?id=2835833&use=l&cat=p&typeid=i","cat":312612},{"id":41596,"n":"Chips Lay's Saveur spicy - 130g","p":1.33,"u":"10,23 €/KG","img":"https://fd5-photos.leclercdrive.fr/image.ashx?id=3011131&use=l&cat=p&typeid=i","cat":284447},{"id":41601,"n":"Chips Vico Kettled cooked Sel de mer - 120g","p":2.13,"u":"17,75 €/KG","img":"https://fd5-photos.leclercdrive.fr/image.ashx?id=2801890&use=l&cat=p&typeid=i","cat":284447},{"id":41602,"n":"Fond d'artichauts Eco + 210g","p":1.75,"u":"8,33 €/KG","img":"https://fd5-photos.leclercdrive.fr/image.ashx?id=2822917&use=l&cat=p&typeid=i","cat":312611},{"id":41603,"n":"Coeurs d'artichauts Eco + 240g","p":1.6,"u":"6,67 €/KG","img":"https://fd5-photos.leclercdrive.fr/image.ashx?id=2946154&use=l&cat=p&typeid=i","cat":312611},{"id":41606,"n":"Artichauts Tradizioni d'Italia  Demi coeurs - 280g","p":3.89,"u":"13,89 €/KG","img":"https://fd5-photos.leclercdrive.fr/image.ashx?id=2840040&use=l&cat=p&typeid=i","cat":312611},{"id":41625,"n":"Tomates Tradizioni d'Italia Séchées à huile d'olive - 270g","p":3.49,"u":"12,93 €/KG","img":"https://fd5-photos.leclercdrive.fr/image.ashx?id=2840037&use=l&cat=p&typeid=i","cat":284458},{"id":41647,"n":"AOP Alsace Gewurztraminer   vin blanc Rebmann - 75 cl","p":5.99,"u":"7,99 €/L","img":"https://fd5-photos.leclercdrive.fr/image.ashx?id=2836322&use=l&cat=p&typeid=i","cat":289557},{"id":41691,"n":"AOP Cabernet d'Anjou BIO vin  rosé Les Caractères - 75cl","p":4.99,"u":"6,65 €/L","img":"https://fd5-photos.leclercdrive.fr/image.ashx?id=2816484&use=l&cat=p&typeid=i","cat":289558},{"id":41700,"n":"Sauce Tomate Cuisinée Heinz Ail & Oignon - 520g","p":1.37,"u":"2,63 €/KG","img":"https://fd5-photos.leclercdrive.fr/image.ashx?id=2950849&use=l&cat=p&typeid=i","cat":288384},{"id":41754,"n":"IGP Mortadelle Bologna Montorsi I Freshi - 120g","p":2.33,"u":"19,42 €/KG","img":"https://fd5-photos.leclercdrive.fr/image.ashx?id=2525852&use=l&cat=p&typeid=i","cat":316009},{"id":41781,"n":"Whisky Cardhu Gold reserve 40%vol. - 70cl","p":32.09,"u":"45,84 €/L","img":"https://fd5-photos.leclercdrive.fr/image.ashx?id=2518400&use=l&cat=p&typeid=i","cat":284547},{"id":41782,"n":"Whisky Talisker Skye 45,8%vol. Etui - 70cl","p":33.9,"u":"48,43 €/L","img":"https://fd5-photos.leclercdrive.fr/image.ashx?id=2165887&use=l&cat=p&typeid=i","cat":284547},{"id":41797,"n":"Sauce Barbecue Heinz Classic - 480g","p":2.24,"u":"4,67 €/KG","img":"https://fd5-photos.leclercdrive.fr/image.ashx?id=2928351&use=l&cat=p&typeid=i","cat":318431},{"id":41800,"n":"Mayonnaise Fine & Douce Lesieur 475g","p":1.99,"u":"4,19 €/KG","img":"https://fd5-photos.leclercdrive.fr/image.ashx?id=2918541&use=l&cat=p&typeid=i","cat":298295},{"id":41803,"n":"Asperges vertes d'aucy  21,2cl","p":2.31,"u":"23,10 €/KG","img":"https://fd5-photos.leclercdrive.fr/image.ashx?id=2597723&use=l&cat=p&typeid=i","cat":312611},{"id":41804,"n":"Asperges vertes d'aucy  37cl","p":3.14,"u":"16,97 €/KG","img":"https://fd5-photos.leclercdrive.fr/image.ashx?id=2665901&use=l&cat=p&typeid=i","cat":312611},{"id":41819,"n":"Sauce Andalouse Heinz - 220g","p":1.61,"u":"7,32 €/KG","img":"https://fd5-photos.leclercdrive.fr/image.ashx?id=2973327&use=l&cat=p&typeid=i","cat":318431},{"id":41823,"n":"Sauce barbecue/miel Amora 282g","p":1.51,"u":"5,35 €/KG","img":"https://fd5-photos.leclercdrive.fr/image.ashx?id=2654188&use=l&cat=p&typeid=i","cat":318431},{"id":41826,"n":"AOC Costières de Nîmes vin rosé Rives & Terrasses - 75cl","p":2.99,"u":"3,99 €/L","img":"https://fd5-photos.leclercdrive.fr/image.ashx?id=2712428&use=l&cat=p&typeid=i","cat":289558},{"id":41827,"n":"Nuggets de Poulet Père Dodu   x20 - 400g - Familial","p":5.06,"u":"12,65 €/KG","img":"https://fd5-photos.leclercdrive.fr/image.ashx?id=2957167&use=l&cat=p&typeid=i","cat":333684},{"id":41828,"n":"AOC Bergerac vin rosé  Terrasses d'Autan - 75cl","p":2.99,"u":"3,99 €/L","img":"https://fd5-photos.leclercdrive.fr/image.ashx?id=2677089&use=l&cat=p&typeid=i","cat":289558},{"id":41830,"n":"Saucisses Francfort Stoeffler Cuites et fumées - 6x40g","p":2.71,"u":"11,29 €/KG","img":"https://fd5-photos.leclercdrive.fr/image.ashx?id=2767537&use=l&cat=p&typeid=i","cat":316012},{"id":41831,"n":"AOC Bordeaux Sauvignon vin  blanc Chantet Blanet - 75cl","p":3.95,"u":"5,27 €/L","img":"https://fd5-photos.leclercdrive.fr/image.ashx?id=2679750&use=l&cat=p&typeid=i","cat":289557},{"id":41832,"n":"Saucisse Strasbourg Stoeffler Cuites et fumées 6x40g","p":2.47,"u":"10,29 €/KG","img":"https://fd5-photos.leclercdrive.fr/image.ashx?id=2767534&use=l&cat=p&typeid=i","cat":316012},{"id":41833,"n":"AOC Bourgogne Chardonnay vin  blanc Antoine Barrier - 37,5cl","p":4.25,"u":"11,33 €/L","img":"https://fd5-photos.leclercdrive.fr/image.ashx?id=2893564&use=l&cat=p&typeid=i","cat":289557},{"id":41834,"n":"AOC Bandol vin rosé Terres Ocrées - 75cl","p":7.49,"u":"9,99 €/L","img":"https://fd5-photos.leclercdrive.fr/image.ashx?id=2900151&use=l&cat=p&typeid=i","cat":289558},{"id":41835,"n":"AOC Bourgueil vin rouge Les Caractères - 75cl","p":4.49,"u":"5,99 €/L","img":"https://fd5-photos.leclercdrive.fr/image.ashx?id=2776564&use=l&cat=p&typeid=i","cat":289556},{"id":41836,"n":"AOP Bergerac vin rouge Terrasses d'Autan - 75cl","p":2.99,"u":"3,99 €/L","img":"https://fd5-photos.leclercdrive.fr/image.ashx?id=2709695&use=l&cat=p&typeid=i","cat":289556},{"id":41837,"n":"AOC Alsace Riesling Prestique vin blanc Rebmann - 75 cl","p":6.99,"u":"9,32 €/L","img":"https://fd5-photos.leclercdrive.fr/image.ashx?id=2919634&use=l&cat=p&typeid=i","cat":289557},{"id":41838,"n":"AOP Alsace Sylvaner  vin blanc Rebmann - 75 cl","p":4.49,"u":"5,99 €/L","img":"https://fd5-photos.leclercdrive.fr/image.ashx?id=2717355&use=l&cat=p&typeid=i","cat":289557},{"id":41839,"n":"AOC Côtes du Rhône vin rouge Grégoire XI - 37,5 cl","p":2.39,"u":"6,37 €/L","img":"https://fd5-photos.leclercdrive.fr/image.ashx?id=2920184&use=l&cat=p&typeid=i","cat":289556},{"id":41840,"n":"AOC Costières de Nîmes vin rouge Rives & Terrasses - 75cl","p":2.99,"u":"3,99 €/L","img":"https://fd5-photos.leclercdrive.fr/image.ashx?id=2645800&use=l&cat=p&typeid=i","cat":289556},{"id":41841,"n":"AOP Bordeaux vin rouge Chantet Blanet - 75cl","p":2.89,"u":"3,85 €/L","img":"https://fd5-photos.leclercdrive.fr/image.ashx?id=2741285&use=l&cat=p&typeid=i","cat":289556},{"id":41844,"n":"AOC Côtes du Rhône Villages vin rouge Plan de Diey - 75cl","p":4.99,"u":"6,65 €/L","img":"https://fd5-photos.leclercdrive.fr/image.ashx?id=2742620&use=l&cat=p&typeid=i","cat":289556},{"id":41845,"n":"Génoise fourrée Kinder Pingui Lait et cacao x8 - 240g","p":2.11,"u":"8,79 €/KG","img":"https://fd5-photos.leclercdrive.fr/image.ashx?id=2855352&use=l&cat=p&typeid=i","cat":284420},{"id":41846,"n":"Compotes Andros Panachés 16x100g","p":4.22,"u":"2,64 €/KG","img":"https://fd5-photos.leclercdrive.fr/image.ashx?id=2921343&use=l&cat=p&typeid=i","cat":284416},{"id":41847,"n":"AOC Cairanne vin rouge Rives & Terrasses - 75cl","p":5.99,"u":"7,99 €/L","img":"https://fd5-photos.leclercdrive.fr/image.ashx?id=2780680&use=l&cat=p&typeid=i","cat":289556},{"id":41852,"n":"Sauce pomme frite Amora 260g","p":1.59,"u":"6,12 €/KG","img":"https://fd5-photos.leclercdrive.fr/image.ashx?id=2957776&use=l&cat=p&typeid=i","cat":318431},{"id":41857,"n":"Bière Alveringem Abbaye Rouge 5%vol. - 6x25cl","p":3.78,"u":"2,52 €/L","img":"https://fd5-photos.leclercdrive.fr/image.ashx?id=2637919&use=l&cat=p&typeid=i","cat":334878},{"id":41858,"n":"Yaourt SMARTIES Fraise bonbons chocolat 4x120g","p":2.25,"u":"4,69 €/KG","img":"https://fd5-photos.leclercdrive.fr/image.ashx?id=2890046&use=l&cat=p&typeid=i","cat":284414},{"id":41860,"n":"AOC Côtes de Provence vin rosé Prestige Terres Ocrées - 75cl","p":6.49,"u":"8,65 €/L","img":"https://fd5-photos.leclercdrive.fr/image.ashx?id=2650219&use=l&cat=p&typeid=i","cat":289558},{"id":41861,"n":"AOC Luberon Rosé Rives & Terrasses - 75cl","p":3.49,"u":"4,65 €/L","img":"https://fd5-photos.leclercdrive.fr/image.ashx?id=2891893&use=l&cat=p&typeid=i","cat":289558},{"id":41862,"n":"Compotes Andros 6 Pommes  et 6 pommes fraises - 12x100g","p":3.21,"u":"2,68 €/KG","img":"https://fd5-photos.leclercdrive.fr/image.ashx?id=2988318&use=l&cat=p&typeid=i","cat":284416},{"id":41865,"n":"AOC Coteaux Varois en Provence vin rosé Terres Ocrées - 75cl","p":4.49,"u":"5,99 €/L","img":"https://fd5-photos.leclercdrive.fr/image.ashx?id=2750141&use=l&cat=p&typeid=i","cat":289558},{"id":41868,"n":"Bûche de chèvre Soignon 400g","p":3.94,"u":"9,85 €/KG","img":"https://fd5-photos.leclercdrive.fr/image.ashx?id=2840988&use=l&cat=p&typeid=i","cat":314031},{"id":41869,"n":"AOC Gros Plant du Pays nantais vin blanc Les Caractères - 75cl","p":3.9,"u":"5,20 €/L","img":"https://fd5-photos.leclercdrive.fr/image.ashx?id=2705086&use=l&cat=p&typeid=i","cat":289557},{"id":41870,"n":"Pur jus d'orange Jafaden Sans pulpe - 50cl","p":1.35,"u":"2,70 €/L","img":"https://fd5-photos.leclercdrive.fr/image.ashx?id=2917652&use=l&cat=p&typeid=i","cat":284521},{"id":41871,"n":"AOC Côtes du Roussillon vin  rouge Prieur Barsanne - 75cl","p":2.99,"u":"3,99 €/L","img":"https://fd5-photos.leclercdrive.fr/image.ashx?id=2713177&use=l&cat=p&typeid=i","cat":289556},{"id":41874,"n":"AOC Muscadet Sèvre et Maine sur Lie Les Caractères - 37,5cl","p":3.29,"u":"8,77 €/L","img":"https://fd5-photos.leclercdrive.fr/image.ashx?id=2750144&use=l&cat=p&typeid=i","cat":289557},{"id":41876,"n":"AOP Tavel vin rosé Rives & Terrasses - 75cl","p":6.85,"u":"9,13 €/L","img":"https://fd5-photos.leclercdrive.fr/image.ashx?id=2707277&use=l&cat=p&typeid=i","cat":289558},{"id":41878,"n":"Bière aromatisée Desquiles Red 5,9%vol. - 50cl","p":1.49,"u":"2,98 €/L","img":"https://fd5-photos.leclercdrive.fr/image.ashx?id=2664809&use=l&cat=p&typeid=i","cat":334853},{"id":41880,"n":"AOC Graves vin rouge Chantet Blanet - 75cl","p":4.75,"u":"6,33 €/L","img":"https://fd5-photos.leclercdrive.fr/image.ashx?id=2943656&use=l&cat=p&typeid=i","cat":289556},{"id":41881,"n":"AOC Gaillac vin rouge Terrasses d'Autan - 75cl","p":2.99,"u":"3,99 €/L","img":"https://fd5-photos.leclercdrive.fr/image.ashx?id=2751901&use=l&cat=p&typeid=i","cat":289556},{"id":41882,"n":"AOC Fronton vin rouge Terrasses d'Autan - 75cl","p":2.99,"u":"3,99 €/L","img":"https://fd5-photos.leclercdrive.fr/image.ashx?id=2716006&use=l&cat=p&typeid=i","cat":289556},{"id":41883,"n":"Steaks Hachés Charolais Charal Pur Bœuf 12%MG - 10x100g - 1kg","p":15.81,"u":"15,81 €/KG","img":"https://fd5-photos.leclercdrive.fr/image.ashx?id=2741943&use=l&cat=p&typeid=i","cat":319778},{"id":41884,"n":"AOP Coteaux Bourguignons vin  rouge Antoine Barrier - 75cl","p":5.49,"u":"7,32 €/L","img":"https://fd5-photos.leclercdrive.fr/image.ashx?id=2968991&use=l&cat=p&typeid=i","cat":289556},{"id":41892,"n":"Pur jus multifruits Jafaden 50cl","p":0.99,"u":"1,98 €/L","img":"https://fd5-photos.leclercdrive.fr/image.ashx?id=2919631&use=l&cat=p&typeid=i","cat":284917},{"id":41903,"n":"Jus de pomme Jafaden A base de concentré - 2L","p":1.85,"u":"0,93 €/L","img":"https://fd5-photos.leclercdrive.fr/image.ashx?id=2470240&use=l&cat=p&typeid=i","cat":284522},{"id":41910,"n":"Sirop de pêche de Provence NRT 70cl","p":3.2,"u":"4,57 €/L","img":"https://fd5-photos.leclercdrive.fr/image.ashx?id=2699825&use=l&cat=p&typeid=i","cat":295020},{"id":41912,"n":"Sirop fraise de Plougastel NRT 70cl","p":3.2,"u":"4,57 €/L","img":"https://fd5-photos.leclercdrive.fr/image.ashx?id=2590481&use=l&cat=p&typeid=i","cat":295020},{"id":41914,"n":"Crème hydratante Inell Visage-corps 200ml","p":2.07,"u":"10,35 €/L","img":"https://fd5-photos.leclercdrive.fr/image.ashx?id=1903869&use=l&cat=p&typeid=i","cat":325345},{"id":41917,"n":"AOC Ventoux vin rouge Rives & Terrasses - 75cl","p":2.99,"u":"3,99 €/L","img":"https://fd5-photos.leclercdrive.fr/image.ashx?id=2905916&use=l&cat=p&typeid=i","cat":289556},{"id":41920,"n":"Patch pureté Inell x6","p":2.4,"u":"0,40 €/P","img":"https://fd5-photos.leclercdrive.fr/image.ashx?id=2657727&use=l&cat=p&typeid=i","cat":284603},{"id":41921,"n":"Vin d'Union Européenne blanc Adrien Champaud - 75 cl","p":1.85,"u":"2,47 €/L","img":"https://fd5-photos.leclercdrive.fr/image.ashx?id=2955722&use=l&cat=p&typeid=i","cat":289557},{"id":41922,"n":"Vin d'Union Européenne rosé Adrien Champaud - 75 cl","p":1.85,"u":"2,47 €/L","img":"https://fd5-photos.leclercdrive.fr/image.ashx?id=2955728&use=l&cat=p&typeid=i","cat":289558},{"id":41923,"n":"Vin d'Union Européenne rosé Adrien Champaud 11% vol BIB 5L","p":8.49,"u":"1,70 €/L","img":"https://fd5-photos.leclercdrive.fr/image.ashx?id=2959707&use=l&cat=p&typeid=i","cat":289560},{"id":41924,"n":"Vin d'Union Européenne rouge Adrien Champaud 12% vol BIB 5L","p":8.49,"u":"1,70 €/L","img":"https://fd5-photos.leclercdrive.fr/image.ashx?id=2959713&use=l&cat=p&typeid=i","cat":289560},{"id":41925,"n":"Vin d'Union Européenne rouge Adrien Champaud - BIB 10L","p":15.99,"u":"1,60 €/L","img":"https://fd5-photos.leclercdrive.fr/image.ashx?id=2959719&use=l&cat=p&typeid=i","cat":289560},{"id":41990,"n":"Steaks Hachés Limousin Charal Pur Bœuf 12%MG - 8x125g - 1kg","p":14.74,"u":"14,74 €/KG","img":"https://fd5-photos.leclercdrive.fr/image.ashx?id=2974626&use=l&cat=p&typeid=i","cat":319778},{"id":42041,"n":"Olives vertes Tropic Apéro Dénoyautées à l'ail - 110g","p":1.99,"u":"18,09 €/KG","img":"https://fd5-photos.leclercdrive.fr/image.ashx?id=2438972&use=l&cat=p&typeid=i","cat":316002},{"id":42044,"n":"Noix de cajou Maître Prunille Sans sel, grillé, sachet 200g","p":4.37,"u":"21,85 €/KG","img":"https://fd5-photos.leclercdrive.fr/image.ashx?id=1750478&use=l&cat=p&typeid=i","cat":284357},{"id":42045,"n":"Amande grillée Maître Prunille Décortiquée sans sel 250g","p":4.93,"u":"19,72 €/KG","img":"https://fd5-photos.leclercdrive.fr/image.ashx?id=1750481&use=l&cat=p&typeid=i","cat":284448},{"id":42046,"n":"Pruneaux d'Agen Maître Prunille IGP Dénoyautés - 500g","p":5.44,"u":"10,88 €/KG","img":"https://fd5-photos.leclercdrive.fr/image.ashx?id=2016029&use=l&cat=p&typeid=i","cat":284357},{"id":42060,"n":"IGP Pays d'Oc Syrah vin rosé Vieux Carion 12% vol - BIB 3L","p":7.99,"u":"2,66 €/L","img":"https://fd5-photos.leclercdrive.fr/image.ashx?id=2900343&use=l&cat=p&typeid=i","cat":289560},{"id":42063,"n":"Madeleines Saint Michel Oeufs de poule plein air - 500g","p":1.78,"u":"3,56 €/KG","img":"https://fd5-photos.leclercdrive.fr/image.ashx?id=2936191&use=l&cat=p&typeid=i","cat":284492},{"id":42064,"n":"Madeleines Saint Michel Oeufs de poule plein air - 300g","p":2.93,"u":"9,77 €/KG","img":"https://fd5-photos.leclercdrive.fr/image.ashx?id=2936203&use=l&cat=p&typeid=i","cat":284492},{"id":42067,"n":"Biscuits p'tit déjeuner BN Chocolat - 200g","p":1.75,"u":"8,75 €/KG","img":"https://fd5-photos.leclercdrive.fr/image.ashx?id=2603468&use=l&cat=p&typeid=i","cat":284491},{"id":42080,"n":"Gaufrette wafers Balconi Cacao multi - 225g","p":1.46,"u":"6,49 €/KG","img":"https://fd5-photos.leclercdrive.fr/image.ashx?id=2854033&use=l&cat=p&typeid=i","cat":284488},{"id":42081,"n":"Gaufrette wafers Balconi Noisette multi - 225g","p":1.47,"u":"6,53 €/KG","img":"https://fd5-photos.leclercdrive.fr/image.ashx?id=2854030&use=l&cat=p&typeid=i","cat":284488},{"id":42082,"n":"Gaufrette wafers Balconi Vanille multi - 225g","p":1.47,"u":"6,53 €/KG","img":"https://fd5-photos.leclercdrive.fr/image.ashx?id=2453700&use=l&cat=p&typeid=i","cat":284488},{"id":42111,"n":"Haché de veau Férial Façon bouchère - x2 - 200g","p":3.19,"u":"15,95 €/KG","img":"https://fd5-photos.leclercdrive.fr/image.ashx?id=2903986&use=l&cat=p&typeid=i","cat":284332},{"id":42113,"n":"Haché de porc Férial Façon bouchère - x2 - 220g","p":2.69,"u":"12,23 €/KG","img":"https://fd5-photos.leclercdrive.fr/image.ashx?id=2946469&use=l&cat=p&typeid=i","cat":284332},{"id":42117,"n":"Céréales muesli Bjorg Bio Sans sucre ajoutés - 375g","p":2.01,"u":"5,36 €/KG","img":"https://fd5-photos.leclercdrive.fr/image.ashx?id=2906163&use=l&cat=p&typeid=i","cat":309512},{"id":42121,"n":"Jus de carotte Gayelord Hauser - 75cl","p":2.75,"u":"3,67 €/L","img":"https://fd5-photos.leclercdrive.fr/image.ashx?id=2923783&use=l&cat=p&typeid=i","cat":284523},{"id":42123,"n":"Jus de pruneaux Gayelord Hauser - 75cl","p":3.48,"u":"4,64 €/L","img":"https://fd5-photos.leclercdrive.fr/image.ashx?id=2962482&use=l&cat=p&typeid=i","cat":284915},{"id":42140,"n":"Sirop La Maison Guiot Grenadine - 70cl","p":2.79,"u":"3,99 €/L","img":"https://fd5-photos.leclercdrive.fr/image.ashx?id=2857195&use=l&cat=p&typeid=i","cat":295020},{"id":42218,"n":"Bloc WC Bref Power  Activ'Océan toilettes - 50g x1","p":1.58,"u":"31,60 €/KG","img":"https://fd5-photos.leclercdrive.fr/image.ashx?id=2789802&use=l&cat=p&typeid=i","cat":284662},{"id":42235,"n":"Galette Tipiak Jambon/fromage - 2x125g","p":2.83,"u":"11,32 €/KG","img":"https://fd5-photos.leclercdrive.fr/image.ashx?id=2819334&use=l&cat=p&typeid=i","cat":319776},{"id":42236,"n":"Gambas rouge Gimbert Ocean Sauvage royale 6/8 - 400g","p":12.85,"u":"32,13 €/KG","img":"https://fd5-photos.leclercdrive.fr/image.ashx?id=2889652&use=l&cat=p&typeid=i","cat":319787},{"id":42289,"n":"Huile pimentée pizza Cauvin A l'huile d'olive - 25cl","p":2.54,"u":"10,16 €/L","img":"https://fd5-photos.leclercdrive.fr/image.ashx?id=2539857&use=l&cat=p&typeid=i","cat":284453},{"id":42291,"n":"Huile pour friture Eco + 1L","p":2.23,"u":"2,23 €/L","img":"https://fd5-photos.leclercdrive.fr/image.ashx?id=2913639&use=l&cat=p&typeid=i","cat":284453},{"id":42292,"n":"Vinaigrette allégée Eco + Nature - 1L","p":1.02,"u":"1,02 €/L","img":"https://fd5-photos.leclercdrive.fr/image.ashx?id=2900516&use=l&cat=p&typeid=i","cat":284456},{"id":42295,"n":"Vinaigrette bi-phase Rustica Vin rouge/échalote - 50cl","p":2.49,"u":"4,98 €/L","img":"https://fd5-photos.leclercdrive.fr/image.ashx?id=2142190&use=l&cat=p&typeid=i","cat":284456},{"id":42297,"n":"Sauce caesar Rustica 50cl","p":2.59,"u":"5,18 €/L","img":"https://fd5-photos.leclercdrive.fr/image.ashx?id=1972928&use=l&cat=p&typeid=i","cat":284456},{"id":42298,"n":"Boisson végétale Bio Village Avoine bio - 1l","p":1.39,"u":"1,39 €/L","img":"https://fd5-photos.leclercdrive.fr/image.ashx?id=2358096&use=l&cat=p&typeid=i","cat":316067},{"id":42312,"n":"Canistrelli Biscuiterie d'Afa Figues et Noix - 350g","p":3.95,"u":"11,29 €/KG","img":"https://fd5-photos.leclercdrive.fr/image.ashx?id=2021616&use=l&cat=p&typeid=i","cat":284487},{"id":42318,"n":"Muscat Réserve du Président Pétillant - 75cl","p":10.67,"u":"14,23 €/L","img":"https://fd5-photos.leclercdrive.fr/image.ashx?id=1578234&use=l&cat=p&typeid=i","cat":284544},{"id":42321,"n":"Nettoyant Menager Cif lingettes Ocean Antibacterien - x120","p":2.34,"img":"https://fd5-photos.leclercdrive.fr/image.ashx?id=2747163&use=l&cat=p&typeid=i","cat":325358},{"id":42325,"n":"Spray Nettoyant Menager Cif  Antibacterien - 750 ml","p":2.0,"u":"2,67 €/L","img":"https://fd5-photos.leclercdrive.fr/image.ashx?id=2813540&use=l&cat=p&typeid=i","cat":325357},{"id":42331,"n":"Saucisses Knacki Herta Poulet x10 - 350g","p":1.54,"u":"4,40 €/KG","img":"https://fd5-photos.leclercdrive.fr/image.ashx?id=2290431&use=l&cat=p&typeid=i","cat":316012},{"id":42341,"n":"Compotes Pom'Potes Gourdes  Multivariétés Inédits - 12x90g","p":5.08,"u":"4,70 €/KG","img":"https://fd5-photos.leclercdrive.fr/image.ashx?id=2864309&use=l&cat=p&typeid=i","cat":284508},{"id":42347,"n":"Pansements enfants Primoplast x20","p":0.69,"u":"0,03 €/P","img":"https://fd5-photos.leclercdrive.fr/image.ashx?id=2958062&use=l&cat=p&typeid=i","cat":284630},{"id":42426,"n":"Lingettes Vanish  Anti-décoloration - x30","p":5.52,"img":"https://fd5-photos.leclercdrive.fr/image.ashx?id=2224145&use=l&cat=p&typeid=i","cat":290450},{"id":42428,"n":"Pains au chocolat Pasquier x8 - 360g","p":2.13,"u":"5,92 €/KG","img":"https://fd5-photos.leclercdrive.fr/image.ashx?id=2863446&use=l&cat=p&typeid=i","cat":296366},{"id":42433,"n":"Olives Noires Confites Tramier  Dénoyautées 250g","p":3.19,"u":"12,76 €/KG","img":"https://fd5-photos.leclercdrive.fr/image.ashx?id=2840820&use=l&cat=p&typeid=i","cat":284458},{"id":42437,"n":"Cornichons doux Orant Aux 3 herbes - 380g","p":2.47,"u":"6,50 €/KG","img":"https://fd5-photos.leclercdrive.fr/image.ashx?id=2873357&use=l&cat=p&typeid=i","cat":284458},{"id":42442,"n":"Moutarde forte Eco + 370g","p":0.73,"u":"1,97 €/KG","img":"https://fd5-photos.leclercdrive.fr/image.ashx?id=2954319&use=l&cat=p&typeid=i","cat":288850},{"id":42443,"n":"Cornichons Pasteur Eco + Au vinaigre - 360g","p":1.24,"u":"3,44 €/KG","img":"https://fd5-photos.leclercdrive.fr/image.ashx?id=2974714&use=l&cat=p&typeid=i","cat":284458},{"id":42448,"n":"Capsules Nescafé Dolce Gusto  Ricoré Latte - x16","p":4.39,"u":"26,13 €/KG","img":"https://fd5-photos.leclercdrive.fr/image.ashx?id=2818085&use=l&cat=p&typeid=i","cat":293239},{"id":42452,"n":"Moutarde douce Amora Flacon souple - 260g","p":2.01,"u":"7,73 €/KG","img":"https://fd5-photos.leclercdrive.fr/image.ashx?id=3005401&use=l&cat=p&typeid=i","cat":288850},{"id":42459,"n":"Olives noires à la Grecque Eco+ 400g","p":2.23,"u":"5,58 €/KG","img":"https://fd5-photos.leclercdrive.fr/image.ashx?id=2970527&use=l&cat=p&typeid=i","cat":284458},{"id":42460,"n":"Olives vertes entières Eco + 400g","p":1.07,"u":"2,68 €/KG","img":"https://fd5-photos.leclercdrive.fr/image.ashx?id=2609261&use=l&cat=p&typeid=i","cat":284458},{"id":42461,"n":"Olives vertes Eco + Dénoyautées - 320g","p":1.88,"u":"5,88 €/KG","img":"https://fd5-photos.leclercdrive.fr/image.ashx?id=2609264&use=l&cat=p&typeid=i","cat":284458},{"id":42505,"n":"Crème dessert Mont Blanc Boîte Caramel - 570g","p":2.25,"u":"3,95 €/KG","img":"https://fd5-photos.leclercdrive.fr/image.ashx?id=3011599&use=l&cat=p&typeid=i","cat":284506},{"id":42506,"n":"Crème dessert Mont Blanc Riz au lait Vanille - 570g","p":2.61,"u":"4,58 €/KG","img":"https://fd5-photos.leclercdrive.fr/image.ashx?id=2838392&use=l&cat=p&typeid=i","cat":284506},{"id":42508,"n":"Cookies Nestlé Dessert Pépites de chocolat - 351g","p":3.49,"u":"9,94 €/KG","img":"https://fd5-photos.leclercdrive.fr/image.ashx?id=2848382&use=l&cat=p&typeid=i","cat":284505},{"id":42516,"n":"Préparation Francine Pâte à pizza - 520g","p":1.61,"u":"3,10 €/KG","img":"https://fd5-photos.leclercdrive.fr/image.ashx?id=2989123&use=l&cat=p&typeid=i","cat":284503},{"id":42560,"n":"Jus innocent ananas passion 900ml","p":2.39,"u":"2,66 €/L","img":"https://fd5-photos.leclercdrive.fr/image.ashx?id=2861740&use=l&cat=p&typeid=i","cat":285435},{"id":42562,"n":"soja cuisine fluide bjorg  bio 3x200ml","p":2.26,"u":"3,77 €/L","img":"https://fd5-photos.leclercdrive.fr/image.ashx?id=2950033&use=l&cat=p&typeid=i","cat":316069},{"id":42563,"n":"Boisson végétale lait d'amande bio bjorg sans sucre - 1l","p":1.76,"u":"1,76 €/L","img":"https://fd5-photos.leclercdrive.fr/image.ashx?id=2939415&use=l&cat=p&typeid=i","cat":316067},{"id":42565,"n":"Vinaigre blanc d'alcool Eco +  - 1,5L","p":0.6,"u":"0,40 €/L","img":"https://fd5-photos.leclercdrive.fr/image.ashx?id=2954049&use=l&cat=p&typeid=i","cat":298543},{"id":42566,"n":"Céréales fourrées bio Bio Village - Tout choco - 375g","p":3.85,"u":"10,27 €/KG","img":"https://fd5-photos.leclercdrive.fr/image.ashx?id=2722402&use=l&cat=p&typeid=i","cat":309513},{"id":42567,"n":"Pâte à tartiner Bio Jardin Bio - 750g","p":7.37,"u":"9,83 €/KG","img":"https://fd5-photos.leclercdrive.fr/image.ashx?id=2918925&use=l&cat=p&typeid=i","cat":284481},{"id":42569,"n":"Double concentré Bio Jardin Bio Tomate - 140g","p":0.84,"u":"6,00 €/KG","img":"https://fd5-photos.leclercdrive.fr/image.ashx?id=2944867&use=l&cat=p&typeid=i","cat":288384},{"id":42574,"n":"Café moulu Bio Ethiquable  100% arabica Honduras - 250g","p":4.95,"u":"19,80 €/KG","img":"https://fd5-photos.leclercdrive.fr/image.ashx?id=2876815&use=l&cat=p&typeid=i","cat":284750},{"id":42575,"n":"Café moulu Bio Ethiquable  100% arabica Pérou - 250g","p":4.66,"u":"18,64 €/KG","img":"https://fd5-photos.leclercdrive.fr/image.ashx?id=2876818&use=l&cat=p&typeid=i","cat":284750},{"id":42577,"n":"Chocolat noir Bio Ethiquable Ecorces d'orange - 100g","p":2.94,"u":"29,40 €/KG","img":"https://fd5-photos.leclercdrive.fr/image.ashx?id=2870851&use=l&cat=p&typeid=i","cat":284956},{"id":42578,"n":"Chocolat pâtissier Ethiquable Bio - Noir - 200g","p":3.65,"u":"18,25 €/KG","img":"https://fd5-photos.leclercdrive.fr/image.ashx?id=2870863&use=l&cat=p&typeid=i","cat":285562},{"id":42579,"n":"Chocolat noir Bio Ethiquable  Extra doux et cacaoté- 100g","p":2.3,"u":"23,00 €/KG","img":"https://fd5-photos.leclercdrive.fr/image.ashx?id=2870887&use=l&cat=p&typeid=i","cat":284956},{"id":42620,"n":"Crème glacée Salge Clémentine - 750ml","p":5.95,"u":"7,93 €/L","img":"https://fd5-photos.leclercdrive.fr/image.ashx?id=1989429&use=l&cat=p&typeid=i","cat":284263},{"id":42621,"n":"Crème glacée Salge Praliné nuciola - 750ml","p":6.79,"u":"9,05 €/L","img":"https://fd5-photos.leclercdrive.fr/image.ashx?id=1989426&use=l&cat=p&typeid=i","cat":284263},{"id":42622,"n":"Crème glacée Salge Vanille canistrelli - 750ml","p":7.25,"u":"9,67 €/L","img":"https://fd5-photos.leclercdrive.fr/image.ashx?id=1989423&use=l&cat=p&typeid=i","cat":284263},{"id":42624,"n":"Pâtes coudes rayés Panzani 1kg","p":2.34,"u":"2,34 €/KG","img":"https://fd5-photos.leclercdrive.fr/image.ashx?id=2876029&use=l&cat=p&typeid=i","cat":284427},{"id":42628,"n":"Chips Bret's Fromage du Jura - 125g","p":1.05,"u":"8,40 €/KG","img":"https://fd5-photos.leclercdrive.fr/image.ashx?id=1916976&use=l&cat=p&typeid=i","cat":284447},{"id":42649,"n":"Crème douche Manava Surgras - 250ml","p":0.94,"u":"3,76 €/L","img":"https://fd5-photos.leclercdrive.fr/image.ashx?id=2456147&use=l&cat=p&typeid=i","cat":284594},{"id":42655,"n":"Huile merveilleuse Garnier Huile d'argan & camélia - 150ml","p":6.34,"u":"42,27 €/L","img":"https://fd5-photos.leclercdrive.fr/image.ashx?id=2661730&use=l&cat=p&typeid=i","cat":284608},{"id":42665,"n":"Gel shampooing douche Fa Men Extreme cool flacon - 250ml","p":1.59,"u":"6,36 €/L","img":"https://fd5-photos.leclercdrive.fr/image.ashx?id=2995094&use=l&cat=p&typeid=i","cat":284621},{"id":42667,"n":"Soin de jour L'Oréal Paris Revitalift Anti-Âge - 50ml","p":15.08,"u":"301,60 €/L","img":"https://fd5-photos.leclercdrive.fr/image.ashx?id=2921876&use=l&cat=p&typeid=i","cat":325345},{"id":42677,"n":"Soin cheveux nutrition Dessange Cheveux secs - 100ml","p":5.46,"u":"54,60 €/L","img":"https://fd5-photos.leclercdrive.fr/image.ashx?id=2400969&use=l&cat=p&typeid=i","cat":284608},{"id":42680,"n":"Gorgonzola AOP Tradizioni d'Italia - 200g","p":3.37,"u":"16,85 €/KG","img":"https://fd5-photos.leclercdrive.fr/image.ashx?id=794147&use=l&cat=p&typeid=i","cat":314032},{"id":42681,"n":"Mozzarella Tradizioni d'Italia Di Bufala Campana AOP - 200g","p":3.31,"u":"16,55 €/KG","img":"https://fd5-photos.leclercdrive.fr/image.ashx?id=2954190&use=l&cat=p&typeid=i","cat":314026},{"id":42682,"n":"Parmigiano Tradizioni d'Italia Reggiano AOP 30 mois - 200g","p":5.99,"u":"29,95 €/KG","img":"https://fd5-photos.leclercdrive.fr/image.ashx?id=2661963&use=l&cat=p&typeid=i","cat":314034},{"id":42703,"n":"P'tit Basque Istara Fromage de brebis - 220g","p":4.66,"u":"21,18 €/KG","img":"https://fd5-photos.leclercdrive.fr/image.ashx?id=2759876&use=l&cat=p&typeid=i","cat":329184},{"id":42740,"n":"Galette saint Jacques Tipiak Au beurre persillé - 2x125g","p":5.13,"u":"20,52 €/KG","img":"https://fd5-photos.leclercdrive.fr/image.ashx?id=2819337&use=l&cat=p&typeid=i","cat":319776},{"id":42747,"n":"Whisky blend the Famous grouse 40%vol. - 1L","p":24.57,"u":"24,57 €/L","img":"https://fd5-photos.leclercdrive.fr/image.ashx?id=2958878&use=l&cat=p&typeid=i","cat":284547},{"id":42757,"n":"Emmental rapé Eco + 30% MG - 500g","p":3.7,"u":"7,40 €/KG","img":"https://fd5-photos.leclercdrive.fr/image.ashx?id=2615801&use=l&cat=p&typeid=i","cat":314035},{"id":42759,"n":"Copeaux Parmigiano Reggiano AOP Les Croisés - 80g","p":1.9,"u":"23,75 €/KG","img":"https://fd5-photos.leclercdrive.fr/image.ashx?id=2935504&use=l&cat=p&typeid=i","cat":314035},{"id":42788,"n":"Tranchettes de chèvre 32.4% MG Les Croisés - 200g","p":3.19,"u":"15,95 €/KG","img":"https://fd5-photos.leclercdrive.fr/image.ashx?id=2796061&use=l&cat=p&typeid=i","cat":314028},{"id":42789,"n":"Cheddar Les Croisés 32% MG Tranchettes - 200g","p":2.64,"u":"13,20 €/KG","img":"https://fd5-photos.leclercdrive.fr/image.ashx?id=2796064&use=l&cat=p&typeid=i","cat":314028},{"id":42798,"n":"Miel de fleurs d'Oranger Nid d'Abeille - 250g","p":2.99,"u":"11,96 €/KG","img":"https://fd5-photos.leclercdrive.fr/image.ashx?id=2434242&use=l&cat=p&typeid=i","cat":287643},{"id":42799,"n":"Miel liquide Bio Squeezer Bio village - 250g","p":2.95,"u":"11,80 €/KG","img":"https://fd5-photos.leclercdrive.fr/image.ashx?id=795654&use=l&cat=p&typeid=i","cat":287643},{"id":42809,"n":"Berlingots de javel Clair Eucalyptus - 3x250ml","p":1.3,"u":"1,73 €/L","img":"https://fd5-photos.leclercdrive.fr/image.ashx?id=1067940&use=l&cat=p&typeid=i","cat":284661},{"id":42826,"n":"Nettoyant vitre cristal Clair 750 ml","p":1.75,"u":"2,33 €/L","img":"https://fd5-photos.leclercdrive.fr/image.ashx?id=1647715&use=l&cat=p&typeid=i","cat":325363},{"id":42846,"n":"Cacahuètes Menguy's Grillées et salées - 800g","p":6.06,"u":"7,58 €/KG","img":"https://fd5-photos.leclercdrive.fr/image.ashx?id=2979800&use=l&cat=p&typeid=i","cat":284448},{"id":42847,"n":"Pop corn salé Menguy's Micro-ondes - 3x90g","p":1.99,"u":"7,37 €/KG","img":"https://fd5-photos.leclercdrive.fr/image.ashx?id=2966023&use=l&cat=p&typeid=i","cat":284449},{"id":42848,"n":"Sel de mer fin iodé La Baleine 1kg","p":0.9,"u":"0,90 €/KG","img":"https://fd5-photos.leclercdrive.fr/image.ashx?id=1752079&use=l&cat=p&typeid=i","cat":284457},{"id":42858,"n":"Eau gazeuse Vichy Célestins - 6x50cl","p":2.97,"u":"0,99 €/L","img":"https://fd5-photos.leclercdrive.fr/image.ashx?id=2991933&use=l&cat=p&typeid=i","cat":284536},{"id":42859,"n":"Bière blonde Heineken 5%vol. - 8x15cl","p":5.04,"u":"4,20 €/L","img":"https://fd5-photos.leclercdrive.fr/image.ashx?id=3008104&use=l&cat=p&typeid=i","cat":334873},{"id":42872,"n":"Jus innocent pomme framboise 900ml","p":2.5,"u":"2,78 €/L","img":"https://fd5-photos.leclercdrive.fr/image.ashx?id=2862877&use=l&cat=p&typeid=i","cat":285435},{"id":42874,"n":"Jus innocent poire pêche 900ml","p":2.54,"u":"2,82 €/L","img":"https://fd5-photos.leclercdrive.fr/image.ashx?id=2893000&use=l&cat=p&typeid=i","cat":285435},{"id":42876,"n":"Jus innocent pomme mangue 900ml","p":2.65,"u":"2,94 €/L","img":"https://fd5-photos.leclercdrive.fr/image.ashx?id=2892220&use=l&cat=p&typeid=i","cat":285435},{"id":42877,"n":"Jus innocent orange kiwi 900ml","p":3.12,"u":"3,47 €/L","img":"https://fd5-photos.leclercdrive.fr/image.ashx?id=2891226&use=l&cat=p&typeid=i","cat":285435},{"id":42892,"n":"Protège-document Esquisse Transparent - A4 - 60 vues","p":1.95,"img":"https://fd5-photos.leclercdrive.fr/image.ashx?id=1694251&use=l&cat=p&typeid=i","cat":284745},{"id":42893,"n":"Protège-document Esquisse Rouge - A4 - 60 vues","p":1.95,"img":"https://fd5-photos.leclercdrive.fr/image.ashx?id=940831&use=l&cat=p&typeid=i","cat":284745},{"id":42936,"n":"Rouleau papier cadeau Esquisse Crèche - 2m x0.7m","p":0.99,"img":"https://fd5-photos.leclercdrive.fr/image.ashx?id=2600294&use=l&cat=p&typeid=i","cat":335914},{"id":42938,"n":"Soupe instantanée Royco  Bouillon de Volailles 3x200ml","p":1.56,"u":"48,75 €/KG","img":"https://fd5-photos.leclercdrive.fr/image.ashx?id=2651423&use=l&cat=p&typeid=i","cat":293527},{"id":42948,"n":"Lait poudre Modilac - Epaissi Bébé : 6 mois à 1 an - 800g","p":19.14,"u":"23,93 €/KG","img":"https://fd5-photos.leclercdrive.fr/image.ashx?id=2760465&use=l&cat=p&typeid=i","cat":284727},{"id":42964,"n":"Os à mâcher Lydog Fourrés boeuf - 2x100g","p":2.3,"u":"11,50 €/KG","img":"https://fd5-photos.leclercdrive.fr/image.ashx?id=1947283&use=l&cat=p&typeid=i","cat":294527},{"id":42965,"n":"Pepites de chocolat au lait Tablier Blanc - 100g","p":2.03,"u":"20,30 €/KG","img":"https://fd5-photos.leclercdrive.fr/image.ashx?id=2723141&use=l&cat=p&typeid=i","cat":284504},{"id":42966,"n":"Haricots verts Notre Jardin Extra fins - 455g","p":1.97,"u":"4,33 €/KG","img":"https://fd5-photos.leclercdrive.fr/image.ashx?id=2988084&use=l&cat=p&typeid=i","cat":312606},{"id":42967,"n":"Haricots verts Notre Jardin Extra fins vapeur - 225g","p":1.6,"u":"7,11 €/KG","img":"https://fd5-photos.leclercdrive.fr/image.ashx?id=2988087&use=l&cat=p&typeid=i","cat":312606},{"id":42968,"n":"Petits pois doux Notre Jardin Vapeur - 530g","p":1.91,"u":"3,60 €/KG","img":"https://fd5-photos.leclercdrive.fr/image.ashx?id=3002608&use=l&cat=p&typeid=i","cat":312607},{"id":42969,"n":"Petits pois doux Notre Jardin Vapeur - 265g","p":1.29,"u":"4,87 €/KG","img":"https://fd5-photos.leclercdrive.fr/image.ashx?id=3002611&use=l&cat=p&typeid=i","cat":312607},{"id":42974,"n":"Haricots rouges Notre Jardin A la mexicaine - 800g","p":2.42,"u":"3,03 €/KG","img":"https://fd5-photos.leclercdrive.fr/image.ashx?id=3002614&use=l&cat=p&typeid=i","cat":312612},{"id":42977,"n":"Mini crackers Bio Village Bio Fromage/courges - 110g","p":2.49,"u":"22,64 €/KG","img":"https://fd5-photos.leclercdrive.fr/image.ashx?id=1944150&use=l&cat=p&typeid=i","cat":297000},{"id":42980,"n":"Goûter fourré Bio Village Bio Chocolat noir - 185g","p":2.03,"u":"10,97 €/KG","img":"https://fd5-photos.leclercdrive.fr/image.ashx?id=2704502&use=l&cat=p&typeid=i","cat":284488},{"id":42981,"n":"Goûter fourré Bio Village Bio - Chocolat au lait - 185g","p":2.06,"u":"11,14 €/KG","img":"https://fd5-photos.leclercdrive.fr/image.ashx?id=2704505&use=l&cat=p&typeid=i","cat":284488},{"id":42992,"n":"Tortillas chips Tokapi Fromage - 150g","p":0.99,"u":"6,60 €/KG","img":"https://fd5-photos.leclercdrive.fr/image.ashx?id=2647961&use=l&cat=p&typeid=i","cat":287899},{"id":43004,"n":"Crêpes apéritives Tokapi Roquefort - 65g","p":1.9,"u":"29,23 €/KG","img":"https://fd5-photos.leclercdrive.fr/image.ashx?id=2874693&use=l&cat=p&typeid=i","cat":297000},{"id":43006,"n":"Colorants alimentaires  Tablier Blanc - 3x6ml","p":1.24,"u":"68,89 €/L","img":"https://fd5-photos.leclercdrive.fr/image.ashx?id=2487470&use=l&cat=p&typeid=i","cat":284504},{"id":43009,"n":"Biscuits fourrés P'tit Deli Noisette - 225g","p":1.38,"u":"6,13 €/KG","img":"https://fd5-photos.leclercdrive.fr/image.ashx?id=2861419&use=l&cat=p&typeid=i","cat":284488},{"id":43010,"n":"Biscuit roulé P'tit Deli Cacao/vanille - 154g","p":0.88,"u":"5,71 €/KG","img":"https://fd5-photos.leclercdrive.fr/image.ashx?id=2124110&use=l&cat=p&typeid=i","cat":284488},{"id":43016,"n":"Asperges blanches moyennes Notre Jardin - 205g","p":1.99,"u":"9,71 €/KG","img":"https://fd5-photos.leclercdrive.fr/image.ashx?id=2049058&use=l&cat=p&typeid=i","cat":312611},{"id":43017,"n":"Betterave en Dés Notre Jardin 265g","p":1.02,"u":"3,85 €/KG","img":"https://fd5-photos.leclercdrive.fr/image.ashx?id=1993203&use=l&cat=p&typeid=i","cat":312611},{"id":43019,"n":"Biscuits animaux P'tit Déli Nappés chocolat lait - 225g","p":1.64,"u":"7,29 €/KG","img":"https://fd5-photos.leclercdrive.fr/image.ashx?id=2529602&use=l&cat=p&typeid=i","cat":284488},{"id":43049,"n":"Steak haché charolais Férial  15%mg x4 - 400g","p":6.39,"u":"15,98 €/KG","img":"https://fd5-photos.leclercdrive.fr/image.ashx?id=2823762&use=l&cat=p&typeid=i","cat":319778},{"id":43058,"n":"Vin Union Européenne rosé Vieux Papes - BIB 5L","p":13.31,"u":"2,66 €/L","img":"https://fd5-photos.leclercdrive.fr/image.ashx?id=2093394&use=l&cat=p&typeid=i","cat":289560},{"id":43166,"n":"Viande hachée Gandolfi  300g","p":4.95,"pp":3.96,"u":"13,20 €/KG","img":"https://fd5-photos.leclercdrive.fr/image.ashx?id=815782&use=l&cat=p&typeid=i","cat":284332},{"id":43167,"n":"Viande hachée Gandolfi  500g","p":9.99,"pp":7.99,"u":"15,98 €/KG","img":"https://fd5-photos.leclercdrive.fr/image.ashx?id=815778&use=l&cat=p&typeid=i","cat":284332},{"id":43172,"n":"IGP Ile de Beauté rosé Tentation de Renucci - 75 cl","p":8.93,"u":"11,91 €/L","img":"https://fd5-photos.leclercdrive.fr/image.ashx?id=2154419&use=l&cat=p&typeid=i","cat":289558},{"id":43175,"n":"Vin blanc Clos Poggiale Corse - 75cl","p":13.57,"u":"18,09 €/L","img":"https://fd5-photos.leclercdrive.fr/image.ashx?id=2225252&use=l&cat=p&typeid=i","cat":289557},{"id":43176,"n":"Vin blanc Terra Vecchia Corse Vermentinu - 75cl","p":6.62,"u":"8,83 €/L","img":"https://fd5-photos.leclercdrive.fr/image.ashx?id=2225249&use=l&cat=p&typeid=i","cat":289557},{"id":43177,"n":"Vin muscat Renucci 75cl","p":6.43,"u":"8,57 €/L","img":"https://fd5-photos.leclercdrive.fr/image.ashx?id=2108486&use=l&cat=p&typeid=i","cat":284913},{"id":43178,"n":"Vin rouge Santa Giulietta Corse - 75cl","p":5.62,"u":"7,49 €/L","img":"https://fd5-photos.leclercdrive.fr/image.ashx?id=1758235&use=l&cat=p&typeid=i","cat":289556},{"id":43179,"n":"Vin rosé Santa Giulietta Corse - 75cl","p":5.22,"u":"6,96 €/L","img":"https://fd5-photos.leclercdrive.fr/image.ashx?id=1758232&use=l&cat=p&typeid=i","cat":289558},{"id":43180,"n":"Vin rosé Giu Casanova Corse - 75cl","p":11.74,"u":"15,65 €/L","img":"https://fd5-photos.leclercdrive.fr/image.ashx?id=1651858&use=l&cat=p&typeid=i","cat":289558},{"id":43192,"n":"Protège-document Esquisse  Transparent - A4 - 80 vues","p":2.49,"img":"https://fd5-photos.leclercdrive.fr/image.ashx?id=1694257&use=l&cat=p&typeid=i","cat":284745},{"id":43194,"n":"Protège-document Esquisse x1 Rouge - A4 - 80 vues","p":2.49,"img":"https://fd5-photos.leclercdrive.fr/image.ashx?id=2943352&use=l&cat=p&typeid=i","cat":284745},{"id":43197,"n":"Tartine Grilletine de Pasquier Briochées - x18 - 242g","p":1.66,"u":"6,86 €/KG","img":"https://fd5-photos.leclercdrive.fr/image.ashx?id=2333054&use=l&cat=p&typeid=i","cat":284479},{"id":43218,"n":"Pains au lait Pasquier x20 - 700g","p":2.62,"u":"3,74 €/KG","img":"https://fd5-photos.leclercdrive.fr/image.ashx?id=2609315&use=l&cat=p&typeid=i","cat":293505},{"id":43237,"n":"Lotion démaquillante Inell Douceur yeux - 150ml","p":1.6,"u":"10,67 €/L","img":"https://fd5-photos.leclercdrive.fr/image.ashx?id=1993197&use=l&cat=p&typeid=i","cat":284603},{"id":43246,"n":"Nouilles de Savoie NRT 250g","p":1.19,"u":"4,76 €/KG","img":"https://fd5-photos.leclercdrive.fr/image.ashx?id=2704906&use=l&cat=p&typeid=i","cat":284427},{"id":43266,"n":"Formule boost Daco Bello Fruits secs - 200g","p":3.47,"u":"17,35 €/KG","img":"https://fd5-photos.leclercdrive.fr/image.ashx?id=2576955&use=l&cat=p&typeid=i","cat":284357},{"id":43269,"n":"Formule détente Daco Bello Pomme - 200g","p":3.44,"u":"17,20 €/KG","img":"https://fd5-photos.leclercdrive.fr/image.ashx?id=2620284&use=l&cat=p&typeid=i","cat":284357},{"id":43279,"n":"Sorbet plein fruit L'Angelys Framboise - 500g","p":4.38,"u":"8,76 €/KG","img":"https://fd5-photos.leclercdrive.fr/image.ashx?id=2963556&use=l&cat=p&typeid=i","cat":284263},{"id":43286,"n":"Masque tissu Inell apaisant Hydratant x1","p":0.99,"img":"https://fd5-photos.leclercdrive.fr/image.ashx?id=2691667&use=l&cat=p&typeid=i","cat":325346},{"id":43287,"n":"Dentifrice Dentamyl Blancheur extrême - 75ml","p":0.95,"u":"12,67 €/L","img":"https://fd5-photos.leclercdrive.fr/image.ashx?id=2613837&use=l&cat=p&typeid=i","cat":284612},{"id":43292,"n":"Gel peau nette Inell Imperfection - 200ml","p":3.25,"u":"16,25 €/L","img":"https://fd5-photos.leclercdrive.fr/image.ashx?id=2078353&use=l&cat=p&typeid=i","cat":284603},{"id":43293,"n":"Lotion nettoyante Inell 200ml","p":3.29,"u":"16,45 €/L","img":"https://fd5-photos.leclercdrive.fr/image.ashx?id=2691670&use=l&cat=p&typeid=i","cat":284603},{"id":43303,"n":"Panna Cotta Fruits rouges Rians 2x120g","p":2.43,"u":"10,13 €/KG","img":"https://fd5-photos.leclercdrive.fr/image.ashx?id=2555412&use=l&cat=p&typeid=i","cat":284419},{"id":43308,"n":"Dessert fruits mixés Sojasun Citron - 4x100g","p":1.47,"u":"3,68 €/KG","img":"https://fd5-photos.leclercdrive.fr/image.ashx?id=2355674&use=l&cat=p&typeid=i","cat":316071},{"id":43309,"n":"Dessert végétal Sojasun  Chocolat - 6x100g","p":3.33,"u":"5,55 €/KG","img":"https://fd5-photos.leclercdrive.fr/image.ashx?id=2355692&use=l&cat=p&typeid=i","cat":316071},{"id":43310,"n":"Dessert végétal Sojasun Vanille - 6x100g","p":3.27,"u":"5,45 €/KG","img":"https://fd5-photos.leclercdrive.fr/image.ashx?id=2355695&use=l&cat=p&typeid=i","cat":316071},{"id":43330,"n":"Crème dessert chocolat Danette Pop billes magix - 4x120g","p":2.34,"u":"4,88 €/KG","img":"https://fd5-photos.leclercdrive.fr/image.ashx?id=2935717&use=l&cat=p&typeid=i","cat":285041},{"id":43341,"n":"Thon mariné Petit Navire Basilic - 110g","p":1.93,"u":"17,55 €/KG","img":"https://fd5-photos.leclercdrive.fr/image.ashx?id=2542965&use=l&cat=p&typeid=i","cat":303867},{"id":43344,"n":"Coriandre France Sainte Lucie Flacon 8g","p":1.53,"u":"191,25 €/KG","img":"https://fd5-photos.leclercdrive.fr/image.ashx?id=2774301&use=l&cat=p&typeid=i","cat":298297},{"id":43349,"n":"Laurier feuille entière Ducros 17g","p":1.44,"u":"84,71 €/KG","img":"https://fd5-photos.leclercdrive.fr/image.ashx?id=2486566&use=l&cat=p&typeid=i","cat":298297},{"id":43350,"n":"Coriandre en feuilles Ducros 7g","p":1.57,"u":"224,29 €/KG","img":"https://fd5-photos.leclercdrive.fr/image.ashx?id=2486584&use=l&cat=p&typeid=i","cat":298297},{"id":43358,"n":"Sel fin Eco+ Boîte verseuse - 750g","p":0.53,"u":"0,71 €/KG","img":"https://fd5-photos.leclercdrive.fr/image.ashx?id=2050582&use=l&cat=p&typeid=i","cat":284457},{"id":43371,"n":"AOC Saint-Nicolas-de-Bourgueil vin rouge Les Caractères - 75cl","p":4.99,"u":"6,65 €/L","img":"https://fd5-photos.leclercdrive.fr/image.ashx?id=2894734&use=l&cat=p&typeid=i","cat":289556},{"id":43372,"n":"AOP Saumur-Champigny vin rouge Les Caractères - 75cl","p":4.99,"u":"6,65 €/L","img":"https://fd5-photos.leclercdrive.fr/image.ashx?id=2979343&use=l&cat=p&typeid=i","cat":289556},{"id":43373,"n":"AOP Vin rouge  Alsace Pinot noir - 75 cl","p":5.99,"u":"7,99 €/L","img":"https://fd5-photos.leclercdrive.fr/image.ashx?id=2919637&use=l&cat=p&typeid=i","cat":289556},{"id":43374,"n":"AOC Bordeaux BIO vin rouge Chantet Blanet - 75cl","p":4.75,"u":"6,33 €/L","img":"https://fd5-photos.leclercdrive.fr/image.ashx?id=2750174&use=l&cat=p&typeid=i","cat":289556},{"id":43381,"n":"Dessert liégeois Viennois  Chocolat - 12x100g","p":3.7,"u":"3,08 €/KG","img":"https://fd5-photos.leclercdrive.fr/image.ashx?id=2875987&use=l&cat=p&typeid=i","cat":285042},{"id":43394,"n":"Spaghetti  Tradizioni d'Italia n°118  Pasta di Gragnano 500g","p":1.52,"u":"3,04 €/KG","img":"https://fd5-photos.leclercdrive.fr/image.ashx?id=2657301&use=l&cat=p&typeid=i","cat":284427},{"id":43396,"n":"Farfalle Tradizioni d'Italia N°210 - 500g","p":1.52,"u":"3,04 €/KG","img":"https://fd5-photos.leclercdrive.fr/image.ashx?id=2657304&use=l&cat=p&typeid=i","cat":284427},{"id":43398,"n":"Fusilli Tradizioni d'Italia N°140 - 500g","p":1.52,"u":"3,04 €/KG","img":"https://fd5-photos.leclercdrive.fr/image.ashx?id=2657307&use=l&cat=p&typeid=i","cat":284427},{"id":43403,"n":"Orechiette Tradizioni d'Italia N°292 - 500g","p":1.69,"u":"3,38 €/KG","img":"https://fd5-photos.leclercdrive.fr/image.ashx?id=2699507&use=l&cat=p&typeid=i","cat":284427},{"id":43407,"n":"Glace à l'eau Smicy Star  Framboise Orange Citron x8 480g","p":2.59,"u":"5,40 €/KG","img":"https://fd5-photos.leclercdrive.fr/image.ashx?id=2954884&use=l&cat=p&typeid=i","cat":285250},{"id":43408,"n":"AOP Chinon vin rouge Les Caractères - 75cl","p":4.95,"u":"6,60 €/L","img":"https://fd5-photos.leclercdrive.fr/image.ashx?id=2745484&use=l&cat=p&typeid=i","cat":289556},{"id":43409,"n":"AOP Côtes de Bergerac moelleux Terrasses d'Autan - 75cl","p":3.7,"u":"4,93 €/L","img":"https://fd5-photos.leclercdrive.fr/image.ashx?id=2929873&use=l&cat=p&typeid=i","cat":289557},{"id":43410,"n":"AOC Corbières vin rouge Prieur Barsanne - 75cl","p":2.99,"u":"3,99 €/L","img":"https://fd5-photos.leclercdrive.fr/image.ashx?id=2623992&use=l&cat=p&typeid=i","cat":289556},{"id":43417,"n":"IGP Pays d'Oc blanc Roche Mazet Chardonnay 12.5% vol - 75cl","p":3.62,"u":"4,83 €/L","img":"https://fd5-photos.leclercdrive.fr/image.ashx?id=2991945&use=l&cat=p&typeid=i","cat":289557},{"id":43419,"n":"IGP Pays d'oc rosé Roche Mazet Merlot 12% vol - 75 cl","p":3.24,"u":"4,32 €/L","img":"https://fd5-photos.leclercdrive.fr/image.ashx?id=2342045&use=l&cat=p&typeid=i","cat":289558},{"id":43509,"n":"Ktipiti Tables du Monde 200g","p":1.69,"u":"8,45 €/KG","img":"https://fd5-photos.leclercdrive.fr/image.ashx?id=2872448&use=l&cat=p&typeid=i","cat":315999},{"id":43548,"n":"Agneau : Côte*** A griller x3  330g","p":8.98,"u":"27,21 €/KG","img":"https://fd5-photos.leclercdrive.fr/image.ashx?id=667376&use=l&cat=p&typeid=i","cat":284330},{"id":43604,"n":"Jus d'orange Jafaden Sans pulpe - 1.5L","p":3.13,"u":"2,09 €/L","img":"https://fd5-photos.leclercdrive.fr/image.ashx?id=2723147&use=l&cat=p&typeid=i","cat":285435},{"id":43605,"n":"Jus de clémentine Jafaden  1.5L","p":2.99,"u":"1,99 €/L","img":"https://fd5-photos.leclercdrive.fr/image.ashx?id=2723150&use=l&cat=p&typeid=i","cat":285435},{"id":43617,"n":"Poivre gris moulu Ducros Classique - 36g","p":1.22,"u":"33,89 €/KG","img":"https://fd5-photos.leclercdrive.fr/image.ashx?id=2559475&use=l&cat=p&typeid=i","cat":284457},{"id":43618,"n":"Flocons d'avoine Quaker Oats 550g","p":1.88,"u":"3,42 €/KG","img":"https://fd5-photos.leclercdrive.fr/image.ashx?id=2140656&use=l&cat=p&typeid=i","cat":309512},{"id":43619,"n":"AOC Blaye Côtes de Bordeaux vin rouge Chantet Blanet - 75cl","p":3.8,"u":"5,07 €/L","img":"https://fd5-photos.leclercdrive.fr/image.ashx?id=2997952&use=l&cat=p&typeid=i","cat":289556},{"id":43621,"n":"Liquide vaisselle Uni vert Ecologique PSS 500ml","p":1.15,"u":"2,30 €/L","img":"https://fd5-photos.leclercdrive.fr/image.ashx?id=2999508&use=l&cat=p&typeid=i","cat":284655},{"id":43623,"n":"AOC Bordeaux vin rouge Chantet Blanet - 37,5cl","p":1.99,"u":"5,31 €/L","img":"https://fd5-photos.leclercdrive.fr/image.ashx?id=2718611&use=l&cat=p&typeid=i","cat":289556},{"id":43625,"n":"AOC Saint-Chinian vin rouge Prieur Barsanne - 75cl","p":3.49,"u":"4,65 €/L","img":"https://fd5-photos.leclercdrive.fr/image.ashx?id=2541098&use=l&cat=p&typeid=i","cat":289556},{"id":43626,"n":"AOC Faugères vin rouge Prieur Barsanne - 75cl","p":3.99,"u":"5,32 €/L","img":"https://fd5-photos.leclercdrive.fr/image.ashx?id=2554808&use=l&cat=p&typeid=i","cat":289556},{"id":43646,"n":"Pot au feu de boeuf ** à mijoter - 1kg","p":16.98,"u":"16,98 €/KG","img":"https://fd5-photos.leclercdrive.fr/image.ashx?id=2117918&use=l&cat=p&typeid=i","cat":284328},{"id":43669,"n":"AOC Puisseguin Saint-Émilion vin rouge Chantet Blanet - 75cl","p":6.49,"u":"8,65 €/L","img":"https://fd5-photos.leclercdrive.fr/image.ashx?id=2783431&use=l&cat=p&typeid=i","cat":289556},{"id":43670,"n":"AOC Juliénas vin rouge Antoine Barrier - 75cl","p":6.99,"u":"9,32 €/L","img":"https://fd5-photos.leclercdrive.fr/image.ashx?id=2909401&use=l&cat=p&typeid=i","cat":289556},{"id":43693,"n":"Couches Mots d'Enfants Activ+ T3 : 4/9kg - x47 changes","p":14.35,"u":"0,31 €/P","img":"https://fd5-photos.leclercdrive.fr/image.ashx?id=2699486&use=l&cat=p&typeid=i","cat":284737},{"id":43696,"n":"AOC Côtes du Marmandais vin rouge Terrasses d'Autan - 75cl","p":2.99,"u":"3,99 €/L","img":"https://fd5-photos.leclercdrive.fr/image.ashx?id=2750150&use=l&cat=p&typeid=i","cat":289556},{"id":43697,"n":"AOP Côtes de Bourg vin rouge Chantet Blanet - 75cl","p":3.89,"u":"5,19 €/L","img":"https://fd5-photos.leclercdrive.fr/image.ashx?id=2728255&use=l&cat=p&typeid=i","cat":289556},{"id":43703,"n":"Lotion anti-poux Marie Rose Extra forte - 100ml","p":7.28,"u":"72,80 €/L","img":"https://fd5-photos.leclercdrive.fr/image.ashx?id=2692293&use=l&cat=p&typeid=i","cat":299654},{"id":43707,"n":"Laque Ultra-Forte L'Oréal Paris Thermoprotecteur - 150ml","p":4.67,"u":"31,13 €/L","img":"https://fd5-photos.leclercdrive.fr/image.ashx?id=2582237&use=l&cat=p&typeid=i","cat":284609},{"id":43718,"n":"Croquettes chat Whiskas Stérilisé saumon - 1,75kg","p":4.55,"u":"2,60 €/KG","img":"https://fd5-photos.leclercdrive.fr/image.ashx?id=2915597&use=l&cat=p&typeid=i","cat":284680},{"id":43719,"n":"Croquettes chat Whiskas Stérilisé poulet - 1.75kg","p":4.65,"u":"2,66 €/KG","img":"https://fd5-photos.leclercdrive.fr/image.ashx?id=2952872&use=l&cat=p&typeid=i","cat":284680},{"id":43758,"n":"AOP Brouilly vin rouge Antoine Barrier - 75cl","p":6.79,"u":"9,05 €/L","img":"https://fd5-photos.leclercdrive.fr/image.ashx?id=3004552&use=l&cat=p&typeid=i","cat":289556},{"id":43761,"n":"Flacon persil de France 7g","p":1.37,"u":"195,71 €/KG","img":"https://fd5-photos.leclercdrive.fr/image.ashx?id=2973583&use=l&cat=p&typeid=i","cat":298297},{"id":43769,"n":"Préservatifs Skyn Manix Original - x10","p":7.41,"img":"https://fd5-photos.leclercdrive.fr/image.ashx?id=2928810&use=l&cat=p&typeid=i","cat":284631},{"id":43770,"n":"Après-shampooing Vitanov Nutrition - 750ml","p":4.08,"u":"5,44 €/L","img":"https://fd5-photos.leclercdrive.fr/image.ashx?id=1923583&use=l&cat=p&typeid=i","cat":284607},{"id":43771,"n":"Spray démelant  200ml","p":2.55,"u":"12,75 €/L","img":"https://fd5-photos.leclercdrive.fr/image.ashx?id=2712986&use=l&cat=p&typeid=i","cat":284608},{"id":43772,"n":"Baies roses poivre doux 25g","p":2.19,"u":"87,60 €/KG","img":"https://fd5-photos.leclercdrive.fr/image.ashx?id=1867012&use=l&cat=p&typeid=i","cat":284457},{"id":43778,"n":"Morceaux de thon Listao Eco+ 130g","p":0.99,"u":"7,62 €/KG","img":"https://fd5-photos.leclercdrive.fr/image.ashx?id=2698141&use=l&cat=p&typeid=i","cat":303867},{"id":43780,"n":"AOC Anjou vin rouge Les Caractères - 75cl","p":4.35,"u":"5,80 €/L","img":"https://fd5-photos.leclercdrive.fr/image.ashx?id=2750153&use=l&cat=p&typeid=i","cat":289556},{"id":43781,"n":"Céréales Extra Kellogg's Chocolat Noir Noisettes - 800g","p":4.5,"u":"5,63 €/KG","img":"https://fd5-photos.leclercdrive.fr/image.ashx?id=2775026&use=l&cat=p&typeid=i","cat":309512},{"id":43816,"n":"Gourmandise Novi 198g","p":8.49,"pp":5.6,"u":"28,28 €/KG","img":"https://fd5-photos.leclercdrive.fr/image.ashx?id=2615179&use=l&cat=p&typeid=i","cat":327595},{"id":43818,"n":"Pralines Raffaello Noix de coco amandes x30 - 300g","p":9.15,"u":"30,50 €/KG","img":"https://fd5-photos.leclercdrive.fr/image.ashx?id=2922197&use=l&cat=p&typeid=i","cat":327595},{"id":43844,"n":"Friandises chats Tous mes amis Sticks au Poulet - 3x5g - 15g","p":0.56,"u":"37,33 €/KG","img":"https://fd5-photos.leclercdrive.fr/image.ashx?id=2858986&use=l&cat=p&typeid=i","cat":285285},{"id":43845,"n":"Friandises chats Tous mes amis Sticks au Saumon  - 3x5g - 15g","p":0.56,"u":"37,33 €/KG","img":"https://fd5-photos.leclercdrive.fr/image.ashx?id=802043&use=l&cat=p&typeid=i","cat":285285},{"id":43895,"n":"AOC Ventoux vin rosé Rives & Terrasses - 75cl","p":2.99,"u":"3,99 €/L","img":"https://fd5-photos.leclercdrive.fr/image.ashx?id=2650222&use=l&cat=p&typeid=i","cat":289558},{"id":43924,"n":"AOP Vin blanc italien  Prosecco Vilaveroni 75cl","p":6.73,"u":"8,97 €/L","img":"https://fd5-photos.leclercdrive.fr/image.ashx?id=2492351&use=l&cat=p&typeid=i","cat":289461},{"id":43930,"n":"Vin mousseux blanc Festillant Sans alcool - 75cl","p":3.43,"u":"4,57 €/L","img":"https://fd5-photos.leclercdrive.fr/image.ashx?id=2980899&use=l&cat=p&typeid=i","cat":289460},{"id":43943,"n":"Champagne Cordon rouge Mumm Millésime - 75cl","p":37.95,"pp":34.95,"u":"46,60 €/L","img":"https://fd5-photos.leclercdrive.fr/image.ashx?id=2953758&use=l&cat=p&typeid=i","cat":284542},{"id":43944,"n":"Champagne rosé G.H. Mumm Brut - 12%vol - 75cl","p":35.9,"pp":32.9,"u":"43,87 €/L","img":"https://fd5-photos.leclercdrive.fr/image.ashx?id=2998913&use=l&cat=p&typeid=i","cat":284542},{"id":43964,"n":"Mini bûches Eskiss Fruits - x6 - 333g","p":2.29,"u":"6,88 €/KG","img":"https://fd5-photos.leclercdrive.fr/image.ashx?id=2791317&use=l&cat=p&typeid=i","cat":284266},{"id":44016,"n":"Bocal Morilles extra séchées   Borde - 25g","p":14.99,"pp":9.89,"u":"395,60 €/KG","img":"https://fd5-photos.leclercdrive.fr/image.ashx?id=2731081&use=l&cat=p&typeid=i","cat":284352},{"id":44081,"n":"Eau aromatisée Volvic Juicy Fraise - 1,5L","p":1.43,"u":"0,95 €/L","img":"https://fd5-photos.leclercdrive.fr/image.ashx?id=2964664&use=l&cat=p&typeid=i","cat":284537},{"id":44082,"n":"Eau aromatisée Volvic juicy Fruits exotiques - 1,5L","p":1.41,"u":"0,94 €/L","img":"https://fd5-photos.leclercdrive.fr/image.ashx?id=2964667&use=l&cat=p&typeid=i","cat":284537},{"id":44083,"n":"Eau gazeuse  Badoit verte finement pétillante - 6x1l","p":3.47,"u":"0,58 €/L","img":"https://fd5-photos.leclercdrive.fr/image.ashx?id=2919259&use=l&cat=p&typeid=i","cat":284536},{"id":44085,"n":"Petit quatre quarts Bonne Maman x10 - 300g","p":2.84,"u":"9,47 €/KG","img":"https://fd5-photos.leclercdrive.fr/image.ashx?id=2936149&use=l&cat=p&typeid=i","cat":284492},{"id":44090,"n":"AOP Monbazillac vin blanc Moelleux Terrasses d'Autan-75cl","p":6.99,"u":"9,32 €/L","img":"https://fd5-photos.leclercdrive.fr/image.ashx?id=2756873&use=l&cat=p&typeid=i","cat":289557},{"id":44091,"n":"AOC Côtes du Rhône Villages vin rouge Rives & Terrasses - 75cl","p":3.89,"u":"5,19 €/L","img":"https://fd5-photos.leclercdrive.fr/image.ashx?id=2755064&use=l&cat=p&typeid=i","cat":289556},{"id":44092,"n":"AOC Lalande-de-Pomerol vin rouge Chantet Blanet - 75cl","p":8.49,"u":"11,32 €/L","img":"https://fd5-photos.leclercdrive.fr/image.ashx?id=2942792&use=l&cat=p&typeid=i","cat":289556},{"id":44093,"n":"AOC Haut-Médoc vin rouge Chantet Blanet - 75cl","p":4.99,"u":"6,65 €/L","img":"https://fd5-photos.leclercdrive.fr/image.ashx?id=2824283&use=l&cat=p&typeid=i","cat":289556},{"id":44094,"n":"Bière blonde Leffe 6,6% - 50cl canette","p":1.55,"u":"3,10 €/L","img":"https://fd5-photos.leclercdrive.fr/image.ashx?id=2948417&use=l&cat=p&typeid=i","cat":334853},{"id":44095,"n":"Bière blonde Leffe 6,6% - 75cl","p":2.65,"u":"3,53 €/L","img":"https://fd5-photos.leclercdrive.fr/image.ashx?id=1720789&use=l&cat=p&typeid=i","cat":334852},{"id":44096,"n":"Fond pour rotis 110g","p":2.16,"u":"19,64 €/KG","img":"https://fd5-photos.leclercdrive.fr/image.ashx?id=2970453&use=l&cat=p&typeid=i","cat":288379},{"id":44097,"n":"Quinoa 500g","p":2.84,"u":"5,68 €/KG","img":"https://fd5-photos.leclercdrive.fr/image.ashx?id=3012845&use=l&cat=p&typeid=i","cat":284429},{"id":44168,"n":"Guacamole en pot 300g","p":1.75,"u":"5,83 €/KG","img":"https://fd5-photos.leclercdrive.fr/image.ashx?id=2466072&use=l&cat=p&typeid=i","cat":288993},{"id":44170,"n":"Assaisonnement pour Fajitas Mélange d'épices - 30g","p":1.06,"u":"35,33 €/KG","img":"https://fd5-photos.leclercdrive.fr/image.ashx?id=2477565&use=l&cat=p&typeid=i","cat":288993},{"id":44171,"n":"6 wraps de blé nature 370g","p":1.99,"u":"5,38 €/KG","img":"https://fd5-photos.leclercdrive.fr/image.ashx?id=2679741&use=l&cat=p&typeid=i","cat":288993},{"id":44172,"n":"Assaisonnement pour Guacamole Tables du monde - 20g","p":0.95,"u":"47,50 €/KG","img":"https://fd5-photos.leclercdrive.fr/image.ashx?id=2489125&use=l&cat=p&typeid=i","cat":288993},{"id":44173,"n":"Après-shampooing Nateis Cheveux colorés - 250ml","p":1.63,"u":"6,52 €/L","img":"https://fd5-photos.leclercdrive.fr/image.ashx?id=2626808&use=l&cat=p&typeid=i","cat":284607},{"id":44174,"n":"Après-shampooing doux Nateis Cheveux secs - 250ml","p":1.35,"u":"5,40 €/KG","img":"https://fd5-photos.leclercdrive.fr/image.ashx?id=2626811&use=l&cat=p&typeid=i","cat":284607},{"id":44175,"n":"Masque nourrisant Natéïs Cheuveux secs et frisés - 300ml","p":2.63,"u":"8,77 €/L","img":"https://fd5-photos.leclercdrive.fr/image.ashx?id=1875848&use=l&cat=p&typeid=i","cat":284608},{"id":44178,"n":"Lessive poudre main Epsil 450g","p":0.97,"u":"2,16 €/KG","img":"https://fd5-photos.leclercdrive.fr/image.ashx?id=2838930&use=l&cat=p&typeid=i","cat":284643},{"id":44179,"n":"Sachets détachants Texil Anti-transferts - x12","p":4.44,"u":"0,37 €/P","img":"https://fd5-photos.leclercdrive.fr/image.ashx?id=2958741&use=l&cat=p&typeid=i","cat":284651},{"id":44181,"n":"Poivrons grillés Florelli Antipasti - 280g","p":3.52,"u":"12,57 €/KG","img":"https://fd5-photos.leclercdrive.fr/image.ashx?id=2633091&use=l&cat=p&typeid=i","cat":289010},{"id":44183,"n":"Tortillas Old El Paso de blé nature x8 - 326g","p":2.25,"u":"6,90 €/KG","img":"https://fd5-photos.leclercdrive.fr/image.ashx?id=2737642&use=l&cat=p&typeid=i","cat":288993},{"id":44184,"n":"Kit fajitas Old El Paso Original doux - 500g","p":4.23,"u":"8,46 €/KG","img":"https://fd5-photos.leclercdrive.fr/image.ashx?id=2940576&use=l&cat=p&typeid=i","cat":288993},{"id":44185,"n":"Kit Burritos Old El Paso Original paprika doux - 510g","p":4.45,"u":"8,73 €/KG","img":"https://fd5-photos.leclercdrive.fr/image.ashx?id=2940579&use=l&cat=p&typeid=i","cat":288993},{"id":44186,"n":"Kit Enchiladas Old El Paso au four doux - 657g","p":4.41,"u":"6,71 €/KG","img":"https://fd5-photos.leclercdrive.fr/image.ashx?id=2759502&use=l&cat=p&typeid=i","cat":288993},{"id":44195,"n":"Détachant avant lavage K2R  Action complète pistolet -750ml","p":3.69,"u":"4,92 €/L","img":"https://fd5-photos.leclercdrive.fr/image.ashx?id=2101180&use=l&cat=p&typeid=i","cat":284651},{"id":44197,"n":"Couches Activ+ Mots d'Enfants T4 : 7/18kg - x39 changes","p":12.89,"u":"0,33 €/P","img":"https://fd5-photos.leclercdrive.fr/image.ashx?id=2934715&use=l&cat=p&typeid=i","cat":284737},{"id":44198,"n":"Déodorant Carré Homme Vetiver Attirant - 100ml","p":1.12,"u":"11,20 €/L","img":"https://fd5-photos.leclercdrive.fr/image.ashx?id=2440751&use=l&cat=p&typeid=i","cat":284618},{"id":44226,"n":"Ciboulette Les Crudettes 11g","p":1.61,"u":"146,36 €/KG","img":"https://fd5-photos.leclercdrive.fr/image.ashx?id=2654629&use=l&cat=p&typeid=i","cat":293607},{"id":44227,"n":"Coriandre Les Crudettes 11g","p":1.37,"u":"124,55 €/KG","img":"https://fd5-photos.leclercdrive.fr/image.ashx?id=2654632&use=l&cat=p&typeid=i","cat":293607},{"id":44229,"n":"Persil haché Les Crudettes  50g","p":1.22,"u":"24,40 €/KG","img":"https://fd5-photos.leclercdrive.fr/image.ashx?id=2307505&use=l&cat=p&typeid=i","cat":293607},{"id":44231,"n":"Estragon de france Sainte Lucie flacon 11g","p":1.81,"u":"164,55 €/KG","img":"https://fd5-photos.leclercdrive.fr/image.ashx?id=2774292&use=l&cat=p&typeid=i","cat":298297},{"id":44235,"n":"Epices couscous Sainte Lucie à la marocaine - 30g","p":1.39,"u":"46,33 €/KG","img":"https://fd5-photos.leclercdrive.fr/image.ashx?id=2774433&use=l&cat=p&typeid=i","cat":298297},{"id":44236,"n":"Epices paëlla Sainte Lucie à l'espagnole 30g","p":1.36,"u":"45,33 €/KG","img":"https://fd5-photos.leclercdrive.fr/image.ashx?id=2104591&use=l&cat=p&typeid=i","cat":298297},{"id":44243,"n":"Poire Nashi 1p","p":0.99,"img":"https://fd5-photos.leclercdrive.fr/image.ashx?id=1628391&use=l&cat=p&typeid=i","cat":284356},{"id":44273,"n":"Miettes de thon Petit Navire À l'huile d'olive - 160g","p":2.36,"u":"14,75 €/KG","img":"https://fd5-photos.leclercdrive.fr/image.ashx?id=2519642&use=l&cat=p&typeid=i","cat":303867},{"id":44278,"n":"Ravioli bolognaise Panzani - 400g","p":2.38,"u":"5,95 €/KG","img":"https://fd5-photos.leclercdrive.fr/image.ashx?id=2876059&use=l&cat=p&typeid=i","cat":284442},{"id":44279,"n":"Fromage apéritif Apericube Panier de campagne 24 cubes","p":2.13,"u":"17,04 €/KG","img":"https://fd5-photos.leclercdrive.fr/image.ashx?id=2882656&use=l&cat=p&typeid=i","cat":314027},{"id":44285,"n":"Thon cuisiné Saupiquet  sauce catalane 1/6 2x135g","p":2.01,"u":"7,44 €/KG","img":"https://fd5-photos.leclercdrive.fr/image.ashx?id=2731549&use=l&cat=p&typeid=i","cat":303867},{"id":44293,"n":"Emmental râpé  Entremont  français 160g","p":1.72,"u":"10,75 €/KG","img":"https://fd5-photos.leclercdrive.fr/image.ashx?id=2983153&use=l&cat=p&typeid=i","cat":314035},{"id":44298,"n":"L'Ortolan familial  Fromagerie Milleret-  330g","p":2.86,"u":"8,67 €/KG","img":"https://fd5-photos.leclercdrive.fr/image.ashx?id=2226400&use=l&cat=p&typeid=i","cat":314033},{"id":44299,"n":"Fromage à Tartiner Tartare  Ail et fines herbes - 250g","p":2.63,"u":"10,52 €/KG","img":"https://fd5-photos.leclercdrive.fr/image.ashx?id=2903170&use=l&cat=p&typeid=i","cat":314029},{"id":44300,"n":"Mini bûches de chèvre Soignon x6 - 150g","p":2.56,"u":"17,07 €/KG","img":"https://fd5-photos.leclercdrive.fr/image.ashx?id=2646560&use=l&cat=p&typeid=i","cat":314030},{"id":44307,"n":"Fromage Tomme noire NRT IGP  des Pyrénées - 200g","p":2.45,"u":"12,25 €/KG","img":"https://fd5-photos.leclercdrive.fr/image.ashx?id=2849596&use=l&cat=p&typeid=i","cat":329184},{"id":44309,"n":"Emmental tranches grand cru NRT IGP - Label Rouge -175g","p":2.89,"u":"16,51 €/KG","img":"https://fd5-photos.leclercdrive.fr/image.ashx?id=2071354&use=l&cat=p&typeid=i","cat":314028},{"id":44327,"n":"Vin Union Européenne rosé Le Tonnelier - BIB 5L","p":10.24,"u":"2,05 €/L","img":"https://fd5-photos.leclercdrive.fr/image.ashx?id=2107474&use=l&cat=p&typeid=i","cat":289560},{"id":44330,"n":"IGP Pays d'Oc blanc Roche Mazet Chardonnay 12% vol BIB 3L","p":10.61,"u":"3,54 €/L","img":"https://fd5-photos.leclercdrive.fr/image.ashx?id=2597130&use=l&cat=p&typeid=i","cat":289557},{"id":44340,"n":"Cire cheveux Taft Effet mat tenue forte - 75ml","p":3.41,"u":"45,47 €/L","img":"https://fd5-photos.leclercdrive.fr/image.ashx?id=2410937&use=l&cat=p&typeid=i","cat":284609},{"id":44342,"n":"Eau de cologne Bien Etre  Verveine, Romarin - 250ml","p":4.48,"u":"17,92 €/L","img":"https://fd5-photos.leclercdrive.fr/image.ashx?id=2353668&use=l&cat=p&typeid=i","cat":291525},{"id":44355,"n":"Sandwich Baguette Mega Viennois  Sodebo Poulet Œuf - 270g","p":1.65,"u":"6,11 €/KG","img":"https://fd5-photos.leclercdrive.fr/image.ashx?id=2732392&use=l&cat=p&typeid=i","cat":333658},{"id":44361,"n":"Chocolat Pâtissier Nestlé Dessert : Noir - 205g","p":2.87,"u":"14,00 €/KG","img":"https://fd5-photos.leclercdrive.fr/image.ashx?id=2938920&use=l&cat=p&typeid=i","cat":285562},{"id":44364,"n":"Bonbon Alpin Fresh Ricola Sans sucres - 50g","p":1.35,"u":"27,00 €/KG","img":"https://fd5-photos.leclercdrive.fr/image.ashx?id=2387831&use=l&cat=p&typeid=i","cat":304256},{"id":44368,"n":"Dentifrice mini voyage Dentamyl Haleine fraiche - 25ml","p":1.6,"u":"64,00 €/L","img":"https://fd5-photos.leclercdrive.fr/image.ashx?id=2658581&use=l&cat=p&typeid=i","cat":284612},{"id":44370,"n":"Préservatifs perles et nervures X12","p":2.42,"u":"0,20 €/P","img":"https://fd5-photos.leclercdrive.fr/image.ashx?id=2856196&use=l&cat=p&typeid=i","cat":284631},{"id":44371,"n":"Préservatif classiques Plug'in x6","p":1.3,"u":"0,22 €/P","img":"https://fd5-photos.leclercdrive.fr/image.ashx?id=2856202&use=l&cat=p&typeid=i","cat":284631},{"id":44382,"n":"Saumon fumé Ronde des Mers ASC Norvège x10T - 350g","p":12.39,"u":"35,40 €/KG","img":"https://fd5-photos.leclercdrive.fr/image.ashx?id=2976285&use=l&cat=p&typeid=i","cat":285188},{"id":44383,"n":"Saumon fumé Ronde des Mers Ecosse x10T - 350g","p":12.49,"u":"35,69 €/KG","img":"https://fd5-photos.leclercdrive.fr/image.ashx?id=2976288&use=l&cat=p&typeid=i","cat":285188},{"id":44384,"n":"Saumon fumé Ronde des Mers MSC Alaska x2T - 60g","p":3.85,"u":"64,17 €/KG","img":"https://fd5-photos.leclercdrive.fr/image.ashx?id=2837698&use=l&cat=p&typeid=i","cat":285188},{"id":44385,"n":"Saumon fumé Ronde des Mers   Sauvage Alaska x8T - 240g","p":12.49,"u":"52,04 €/KG","img":"https://fd5-photos.leclercdrive.fr/image.ashx?id=2976294&use=l&cat=p&typeid=i","cat":285188},{"id":44433,"n":"Noix Bio  500g","p":5.7,"u":"11,40 €/KG","img":"https://fd5-photos.leclercdrive.fr/image.ashx?id=583355&use=l&cat=p&typeid=i","cat":284357},{"id":44434,"n":"Nectar Bio Pressade Multifruits - 1,5L","p":2.16,"u":"1,44 €/L","img":"https://fd5-photos.leclercdrive.fr/image.ashx?id=2732533&use=l&cat=p&typeid=i","cat":284917},{"id":44445,"n":"Wraps Old El Paso de blé nature x6 - 350g","p":2.15,"u":"6,14 €/KG","img":"https://fd5-photos.leclercdrive.fr/image.ashx?id=2737645&use=l&cat=p&typeid=i","cat":288993},{"id":44567,"n":"Oeufs de Nos Régions Plein air Oméga 3 - x6","p":1.52,"u":"0,25 €/P","img":"https://fd5-photos.leclercdrive.fr/image.ashx?id=2969770&use=l&cat=p&typeid=i","cat":284378},{"id":44568,"n":"Oeufs frais De Nos Régions  Oméga 3 - Plein Air - x12","p":2.88,"u":"0,24 €/P","img":"https://fd5-photos.leclercdrive.fr/image.ashx?id=2969788&use=l&cat=p&typeid=i","cat":284378},{"id":44572,"n":"AOC Bordeaux Supérieur vin rouge Chantet Blanet - 75cl","p":3.49,"u":"4,65 €/L","img":"https://fd5-photos.leclercdrive.fr/image.ashx?id=2776570&use=l&cat=p&typeid=i","cat":289556},{"id":44576,"n":"Dégivrant -25°C TECH9 400ml","p":2.65,"u":"6,63 €/L","img":"https://fd5-photos.leclercdrive.fr/image.ashx?id=1543909&use=l&cat=p&typeid=i","cat":298252},{"id":44577,"n":"Nettoyant jantes TECH9 500ml","p":3.99,"u":"7,98 €/L","img":"https://fd5-photos.leclercdrive.fr/image.ashx?id=2162450&use=l&cat=p&typeid=i","cat":298252},{"id":44578,"n":"Madeleines Saint Michel Pépites chocolat 400g","p":1.82,"u":"4,55 €/KG","img":"https://fd5-photos.leclercdrive.fr/image.ashx?id=2936200&use=l&cat=p&typeid=i","cat":284492},{"id":44656,"n":"Couette standard Tissaia  Chaude - 200x200cm","p":32.95,"u":"Dont 0,40 € d'éco-part.","img":"https://fd5-photos.leclercdrive.fr/image.ashx?id=2648445&use=l&cat=p&typeid=i","cat":288835},{"id":44657,"n":"Bière blonde Leffe Rituel 9% - 12x25cl","p":11.94,"u":"3,98 €/L","img":"https://fd5-photos.leclercdrive.fr/image.ashx?id=2548288&use=l&cat=p&typeid=i","cat":334852},{"id":44685,"n":"Chaussettes Homme ultra courtes Sport,  blanc T39/42 - x3","p":4.65,"u":"1,55 €/P","img":"https://fd5-photos.leclercdrive.fr/image.ashx?id=816730&use=l&cat=p&typeid=i","cat":334130},{"id":44686,"n":"Chaussettes Homme ultra courtes Sport, blanc T43/45 - x3","p":4.65,"u":"1,55 €/P","img":"https://fd5-photos.leclercdrive.fr/image.ashx?id=805755&use=l&cat=p&typeid=i","cat":334130},{"id":44688,"n":"Chaussettes Homme ultra courtes Noir T39/42 - x3","p":4.65,"u":"1,55 €/P","img":"https://fd5-photos.leclercdrive.fr/image.ashx?id=805719&use=l&cat=p&typeid=i","cat":334130},{"id":44690,"n":"Chaussettes Homme ultra courtes Noir T46/48 - x3","p":4.65,"u":"1,55 €/P","img":"https://fd5-photos.leclercdrive.fr/image.ashx?id=805719&use=l&cat=p&typeid=i","cat":334130},{"id":44691,"n":"Socquette sport Homme Blanc T39/42 - x3","p":4.8,"u":"1,60 €/P","img":"https://fd5-photos.leclercdrive.fr/image.ashx?id=816726&use=l&cat=p&typeid=i","cat":334130},{"id":44692,"n":"Socquette sport Homme Blanc T43/45 - x3","p":4.8,"u":"1,60 €/P","img":"https://fd5-photos.leclercdrive.fr/image.ashx?id=805751&use=l&cat=p&typeid=i","cat":334130},{"id":44693,"n":"Socquette sport Homme Blanc T46/48 - x3","p":4.8,"u":"1,60 €/P","img":"https://fd5-photos.leclercdrive.fr/image.ashx?id=805751&use=l&cat=p&typeid=i","cat":334130},{"id":44694,"n":"Socquette sport Homme Noir T39/42 - x3","p":4.8,"u":"1,60 €/P","img":"https://fd5-photos.leclercdrive.fr/image.ashx?id=805699&use=l&cat=p&typeid=i","cat":334130},{"id":44696,"n":"Socquette sport Homme Noir T46/48 - x3","p":4.8,"u":"1,60 €/P","img":"https://fd5-photos.leclercdrive.fr/image.ashx?id=805699&use=l&cat=p&typeid=i","cat":334130},{"id":44697,"n":"Mi-chaussettes sport Homme Blanc T39/42 - x3","p":4.75,"u":"1,58 €/P","img":"https://fd5-photos.leclercdrive.fr/image.ashx?id=816722&use=l&cat=p&typeid=i","cat":334130},{"id":44698,"n":"Mi-chaussette sport Homme Blanc T43/45 - x3","p":4.75,"u":"1,58 €/P","img":"https://fd5-photos.leclercdrive.fr/image.ashx?id=805747&use=l&cat=p&typeid=i","cat":334130},{"id":44699,"n":"Mi-chaussette sport Homme Blanc T46/48 - x3","p":4.75,"u":"1,58 €/P","img":"https://fd5-photos.leclercdrive.fr/image.ashx?id=805747&use=l&cat=p&typeid=i","cat":334130},{"id":44701,"n":"Mi-chaussettes sport Homme Noir T43/45 - x3","p":4.75,"u":"1,58 €/P","img":"https://fd5-photos.leclercdrive.fr/image.ashx?id=805679&use=l&cat=p&typeid=i","cat":334130},{"id":44702,"n":"Mi-chaussettes sport Homme Noir T46/48 - x3","p":4.75,"u":"1,58 €/P","img":"https://fd5-photos.leclercdrive.fr/image.ashx?id=805679&use=l&cat=p&typeid=i","cat":334130},{"id":44706,"n":"Palets bretons P'tit Déli 2x125g","p":1.84,"u":"7,36 €/KG","img":"https://fd5-photos.leclercdrive.fr/image.ashx?id=2820134&use=l&cat=p&typeid=i","cat":284487},{"id":44738,"n":"Haricots verts Notre Jardin cuits 750g","p":1.55,"u":"2,07 €/KG","img":"https://fd5-photos.leclercdrive.fr/image.ashx?id=2900142&use=l&cat=p&typeid=i","cat":319805},{"id":44739,"n":"Choux fleurs Notre Jardin  cuits 750g","p":1.74,"u":"2,32 €/KG","img":"https://fd5-photos.leclercdrive.fr/image.ashx?id=2900145&use=l&cat=p&typeid=i","cat":319805},{"id":44740,"n":"Frites allumettes Pom'lisse 2.5kg","p":4.59,"u":"1,84 €/KG","img":"https://fd5-photos.leclercdrive.fr/image.ashx?id=2699492&use=l&cat=p&typeid=i","cat":319791},{"id":44741,"n":"Riz sushi Table du monde 500g","p":1.19,"u":"2,38 €/KG","img":"https://fd5-photos.leclercdrive.fr/image.ashx?id=2679753&use=l&cat=p&typeid=i","cat":288992},{"id":44742,"n":"Duo de Fleurettes Bio  Bio Village - 600g","p":2.55,"u":"4,25 €/KG","img":"https://fd5-photos.leclercdrive.fr/image.ashx?id=2898065&use=l&cat=p&typeid=i","cat":319805},{"id":44743,"n":"Julienne de légumes Bio Village Bio - 600g","p":1.99,"u":"3,32 €/KG","img":"https://fd5-photos.leclercdrive.fr/image.ashx?id=2175780&use=l&cat=p&typeid=i","cat":319823},{"id":44745,"n":"Mini boulettes au boeuf Férial  x50 - 750g","p":6.99,"u":"9,32 €/KG","img":"https://fd5-photos.leclercdrive.fr/image.ashx?id=2966511&use=l&cat=p&typeid=i","cat":319779},{"id":44746,"n":"Glace Mystère Extrême Vanille Meringue x4 308.6g","p":4.42,"u":"14,30 €/KG","img":"https://fd5-photos.leclercdrive.fr/image.ashx?id=2878375&use=l&cat=p&typeid=i","cat":284266},{"id":44748,"n":"Purée de carottes Notre Jardin potirons 750g","p":2.62,"u":"3,49 €/KG","img":"https://fd5-photos.leclercdrive.fr/image.ashx?id=2856190&use=l&cat=p&typeid=i","cat":319805},{"id":44751,"n":"Pom' curv au four Pom'Lisse 600g","p":1.81,"u":"3,02 €/KG","img":"https://fd5-photos.leclercdrive.fr/image.ashx?id=2699690&use=l&cat=p&typeid=i","cat":319791},{"id":44758,"n":"Grattugiato 29% MG Les Croisés  100g","p":1.49,"u":"14,90 €/KG","img":"https://fd5-photos.leclercdrive.fr/image.ashx?id=2806859&use=l&cat=p&typeid=i","cat":314035},{"id":44767,"n":"Dés Gouda cumin Les Croisés 30%MG - 150g","p":1.95,"u":"13,00 €/KG","img":"https://fd5-photos.leclercdrive.fr/image.ashx?id=2532844&use=l&cat=p&typeid=i","cat":314027},{"id":44770,"n":"Steak haché Férial  5%mg x4 - 400g","p":6.99,"u":"17,48 €/KG","img":"https://fd5-photos.leclercdrive.fr/image.ashx?id=2704523&use=l&cat=p&typeid=i","cat":319778},{"id":44808,"n":"AOC Côtes du Rhône rouge BIO Rives & Terrasses - 75cl","p":3.99,"u":"5,32 €/L","img":"https://fd5-photos.leclercdrive.fr/image.ashx?id=2928318&use=l&cat=p&typeid=i","cat":289556},{"id":44859,"n":"Olives Vertes -25% sel Tramier  Dénoyautées 160g","p":1.89,"u":"11,81 €/KG","img":"https://fd5-photos.leclercdrive.fr/image.ashx?id=2840823&use=l&cat=p&typeid=i","cat":284458},{"id":44861,"n":"Sauce pesto Tradizioni d'Italia A la génoise - 180g","p":1.79,"u":"9,94 €/KG","img":"https://fd5-photos.leclercdrive.fr/image.ashx?id=2840043&use=l&cat=p&typeid=i","cat":287599},{"id":44865,"n":"Dessert fruits mixés Sojasun Abricot / Goyave - 4x100g","p":1.6,"u":"4,00 €/KG","img":"https://fd5-photos.leclercdrive.fr/image.ashx?id=2355668&use=l&cat=p&typeid=i","cat":316071},{"id":44871,"n":"Nettoyant plastique TECH9 Ecocert - 500ml","p":4.99,"u":"9,98 €/L","img":"https://fd5-photos.leclercdrive.fr/image.ashx?id=2536860&use=l&cat=p&typeid=i","cat":298252},{"id":44877,"n":"Nettoyant jantes TECH9 Ecocert - 500ml","p":4.65,"u":"9,30 €/L","img":"https://fd5-photos.leclercdrive.fr/image.ashx?id=2536869&use=l&cat=p&typeid=i","cat":298252},{"id":44878,"n":"Shampooing carrosserie TECH9 Ecocert - 500ml","p":5.99,"u":"11,98 €/L","img":"https://fd5-photos.leclercdrive.fr/image.ashx?id=2536872&use=l&cat=p&typeid=i","cat":298252},{"id":44884,"n":"Soupe Mouliné Bio Village Bio - Légumes variés - 1L","p":1.97,"u":"1,97 €/L","img":"https://fd5-photos.leclercdrive.fr/image.ashx?id=2376115&use=l&cat=p&typeid=i","cat":284462},{"id":44885,"n":"Velouté de légumes Bio Village Bio - 1L","p":2.79,"u":"2,79 €/L","img":"https://fd5-photos.leclercdrive.fr/image.ashx?id=2339879&use=l&cat=p&typeid=i","cat":284462},{"id":44900,"n":"Baguette précuite four Epi d'Or précuite four en pierre - 250g","p":1.35,"u":"5,40 €/KG","img":"https://fd5-photos.leclercdrive.fr/image.ashx?id=2956963&use=l&cat=p&typeid=i","cat":325069},{"id":44910,"n":"Crème dessert La Laitière Pot de crème chocolat - 8x100g","p":3.75,"u":"4,69 €/KG","img":"https://fd5-photos.leclercdrive.fr/image.ashx?id=2692116&use=l&cat=p&typeid=i","cat":285041},{"id":44911,"n":"Crème dessert La Laitière Pot de crème vanille - 8x100g","p":3.75,"u":"4,69 €/KG","img":"https://fd5-photos.leclercdrive.fr/image.ashx?id=2692119&use=l&cat=p&typeid=i","cat":285041},{"id":44934,"n":"Beurre Elle&Vire Condé sur Vire Doux - 82% MG - 500g","p":6.4,"u":"12,80 €/KG","img":"https://fd5-photos.leclercdrive.fr/image.ashx?id=2833648&use=l&cat=p&typeid=i","cat":284379},{"id":44941,"n":"Mini gratins Côté Table Pomme de terre Epinard  x4 480g","p":3.85,"u":"8,02 €/KG","img":"https://fd5-photos.leclercdrive.fr/image.ashx?id=2641286&use=l&cat=p&typeid=i","cat":319802},{"id":44942,"n":"Mini gratins Côté Table Pomme de terre Champignons 400g","p":2.99,"u":"7,48 €/KG","img":"https://fd5-photos.leclercdrive.fr/image.ashx?id=2074431&use=l&cat=p&typeid=i","cat":319802},{"id":44944,"n":"Oeufs de caille De Nos Régions x18","p":2.39,"u":"0,13 €/P","img":"https://fd5-photos.leclercdrive.fr/image.ashx?id=1070469&use=l&cat=p&typeid=i","cat":284378},{"id":44947,"n":"Pâtes Tagliatelle Panzani Qualité Pâtes Fraîche - 400G","p":1.52,"u":"3,80 €/KG","img":"https://fd5-photos.leclercdrive.fr/image.ashx?id=2872856&use=l&cat=p&typeid=i","cat":284427},{"id":44948,"n":"Pâtes Fetucine Panzani Qualité Pâtes Fraîche - 400G","p":1.71,"u":"4,28 €/KG","img":"https://fd5-photos.leclercdrive.fr/image.ashx?id=2902948&use=l&cat=p&typeid=i","cat":284427},{"id":44953,"n":"Pâtes Sans gluten Barilla Spaghetti - 400g","p":1.78,"u":"4,45 €/KG","img":"https://fd5-photos.leclercdrive.fr/image.ashx?id=2647639&use=l&cat=p&typeid=i","cat":284427},{"id":44954,"n":"Pâtes Sans gluten Barilla Penne Rigate - 400g","p":1.78,"u":"4,45 €/KG","img":"https://fd5-photos.leclercdrive.fr/image.ashx?id=2975461&use=l&cat=p&typeid=i","cat":284427},{"id":44959,"n":"Lingettes démaquillantes Inell Eau micellaire x25","p":2.6,"u":"0,10 €/P","img":"https://fd5-photos.leclercdrive.fr/image.ashx?id=2764392&use=l&cat=p&typeid=i","cat":284603},{"id":44963,"n":"Stick lèvres Inell Miss pink - 1 pièce","p":1.69,"img":"https://fd5-photos.leclercdrive.fr/image.ashx?id=2691673&use=l&cat=p&typeid=i","cat":285485},{"id":44964,"n":"Alèses absorbantes Chorys 60x90cm - x16","p":6.99,"u":"0,44 €/P","img":"https://fd5-photos.leclercdrive.fr/image.ashx?id=2860076&use=l&cat=p&typeid=i","cat":284628},{"id":44965,"n":"Lingettes Hygiène Adulte Chorys x64","p":4.57,"u":"0,07 €/P","img":"https://fd5-photos.leclercdrive.fr/image.ashx?id=2940911&use=l&cat=p&typeid=i","cat":284627},{"id":44967,"n":"Culottes bébé Mots d'Enfants  T5 : 12/18kg - x20 changes","p":5.45,"u":"0,27 €/P","img":"https://fd5-photos.leclercdrive.fr/image.ashx?id=2904580&use=l&cat=p&typeid=i","cat":290633},{"id":44968,"n":"Culottes bébé Mots d'Enfants  T6 : 16kg - x18 changes","p":4.99,"u":"0,28 €/P","img":"https://fd5-photos.leclercdrive.fr/image.ashx?id=2907201&use=l&cat=p&typeid=i","cat":290633},{"id":44976,"n":"Masque nourrisant Natéïs Cheveux secs ou abîmés - 300ml","p":2.63,"u":"8,77 €/L","img":"https://fd5-photos.leclercdrive.fr/image.ashx?id=2387340&use=l&cat=p&typeid=i","cat":284608},{"id":44977,"n":"Mousse nettoyante Inell Peaux sensibles 150ml","p":2.99,"u":"19,93 €/L","img":"https://fd5-photos.leclercdrive.fr/image.ashx?id=1993200&use=l&cat=p&typeid=i","cat":284603},{"id":44980,"n":"Gel lave-vaisselle Visior Classique x75 - 1,5L","p":4.75,"u":"3,17 €/L","img":"https://fd5-photos.leclercdrive.fr/image.ashx?id=2939061&use=l&cat=p&typeid=i","cat":284656},{"id":44982,"n":"Papier toilette Lotus Just.1 Rouleaux blancs - x6","p":3.63,"u":"0,61 €/P","img":"https://fd5-photos.leclercdrive.fr/image.ashx?id=2842915&use=l&cat=p&typeid=i","cat":284634},{"id":45001,"n":"Pain de campagne Epi d'Or Spécial - 500g","p":1.79,"u":"3,58 €/KG","img":"https://fd5-photos.leclercdrive.fr/image.ashx?id=2114928&use=l&cat=p&typeid=i","cat":325069},{"id":45002,"n":"Pain de mie Epi d'Or  Croque monsieur - 550g","p":1.46,"u":"2,65 €/KG","img":"https://fd5-photos.leclercdrive.fr/image.ashx?id=2860748&use=l&cat=p&typeid=i","cat":284477},{"id":45005,"n":"Fond de veau Rustica dégraissé 100g","p":2.18,"u":"21,80 €/KG","img":"https://fd5-photos.leclercdrive.fr/image.ashx?id=2979571&use=l&cat=p&typeid=i","cat":288379},{"id":45009,"n":"Cacahuètes grillées Tokapi salées 3x120g","p":1.49,"u":"4,14 €/KG","img":"https://fd5-photos.leclercdrive.fr/image.ashx?id=2793230&use=l&cat=p&typeid=i","cat":284448},{"id":45011,"n":"AOC Côtes de Beaune Vin rouge Antoine Barrier - 75cl","p":9.99,"u":"13,32 €/L","img":"https://fd5-photos.leclercdrive.fr/image.ashx?id=811230&use=l&cat=p&typeid=i","cat":289556},{"id":45014,"n":"AOC Touraine vin rouge Les Caractères - 75cl","p":4.49,"u":"5,99 €/L","img":"https://fd5-photos.leclercdrive.fr/image.ashx?id=2750159&use=l&cat=p&typeid=i","cat":289556},{"id":45015,"n":"Biscuits P'tit Déli Pépites de chocolat 300g","p":2.49,"u":"8,30 €/KG","img":"https://fd5-photos.leclercdrive.fr/image.ashx?id=2390425&use=l&cat=p&typeid=i","cat":284487},{"id":45016,"n":"AOC Médoc vin rouge Chantet Blanet - 75cl","p":3.99,"u":"5,32 €/L","img":"https://fd5-photos.leclercdrive.fr/image.ashx?id=2840737&use=l&cat=p&typeid=i","cat":289556},{"id":45019,"n":"AOC Minervois vin rouge Prieur Barsanne - 75cl","p":2.99,"u":"3,99 €/L","img":"https://fd5-photos.leclercdrive.fr/image.ashx?id=2639199&use=l&cat=p&typeid=i","cat":289556},{"id":45020,"n":"AOC Fitou vin rouge Prieur Barsanne - 75cl","p":3.99,"u":"5,32 €/L","img":"https://fd5-photos.leclercdrive.fr/image.ashx?id=2562745&use=l&cat=p&typeid=i","cat":289556},{"id":45023,"n":"AOC Moulin-à-Vent vin rouge Antoine Barrier - 75cl","p":7.75,"u":"10,33 €/L","img":"https://fd5-photos.leclercdrive.fr/image.ashx?id=2741625&use=l&cat=p&typeid=i","cat":289556},{"id":45024,"n":"AOC Mâcon Villages vin blanc Antoine Barrier - 75cl","p":7.49,"u":"9,99 €/L","img":"https://fd5-photos.leclercdrive.fr/image.ashx?id=2884249&use=l&cat=p&typeid=i","cat":289557},{"id":45025,"n":"AOC Saumur-Champigny vin rouge Les Caractères - 37,5cl","p":3.49,"u":"9,31 €/L","img":"https://fd5-photos.leclercdrive.fr/image.ashx?id=1648848&use=l&cat=p&typeid=i","cat":289556},{"id":45029,"n":"AOP Vin blanc Muscadet Sèvre & Maine sur Lie - 75cl","p":4.19,"u":"5,59 €/L","img":"https://fd5-photos.leclercdrive.fr/image.ashx?id=2905913&use=l&cat=p&typeid=i","cat":289557},{"id":45033,"n":"AOC Côtes du Rhône vin blanc Rives & Terrasses - 75cl","p":3.99,"u":"5,32 €/L","img":"https://fd5-photos.leclercdrive.fr/image.ashx?id=2856326&use=l&cat=p&typeid=i","cat":289557},{"id":45034,"n":"AOC Crozes-Hermitage vin rouge Rives & Terrasses - 75cl","p":9.99,"u":"13,32 €/L","img":"https://fd5-photos.leclercdrive.fr/image.ashx?id=2949191&use=l&cat=p&typeid=i","cat":289556},{"id":45035,"n":"AOP Alsace Riesling vin blanc Rebmann - 75 cl","p":4.85,"u":"6,47 €/L","img":"https://fd5-photos.leclercdrive.fr/image.ashx?id=2754213&use=l&cat=p&typeid=i","cat":289557},{"id":45036,"n":"AOC Alsace Riesling vin blanc Rebmann - 37,5 cl","p":3.25,"u":"8,67 €/L","img":"https://fd5-photos.leclercdrive.fr/image.ashx?id=2754216&use=l&cat=p&typeid=i","cat":289557},{"id":45038,"n":"AOP Côtes du Rhône vin rouge Grégoire XI - 75 cl","p":2.99,"u":"3,99 €/L","img":"https://fd5-photos.leclercdrive.fr/image.ashx?id=2928222&use=l&cat=p&typeid=i","cat":289556},{"id":45041,"n":"AOC Beaujolais vin rouge Antoine Barrier - 75cl","p":4.99,"u":"6,65 €/L","img":"https://fd5-photos.leclercdrive.fr/image.ashx?id=2723365&use=l&cat=p&typeid=i","cat":289556},{"id":45042,"n":"AOC Beaujolais Villages vin rouge Antoine Barrier - 75cl","p":5.49,"u":"7,32 €/L","img":"https://fd5-photos.leclercdrive.fr/image.ashx?id=2728252&use=l&cat=p&typeid=i","cat":289556},{"id":45043,"n":"AOC Bordeaux fût de chêne vin rouge Chantet Blanet - 75cl","p":2.99,"u":"3,99 €/L","img":"https://fd5-photos.leclercdrive.fr/image.ashx?id=2816133&use=l&cat=p&typeid=i","cat":289556},{"id":45044,"n":"AOC Bordeaux fût de chêne vin rouge Chantet Blanet - BIB 3L","p":10.99,"u":"3,66 €/L","img":"https://fd5-photos.leclercdrive.fr/image.ashx?id=2667262&use=l&cat=p&typeid=i","cat":289560},{"id":45045,"n":"AOC Côtes de Bourg vin rouge Chantet Blanet - 37,5cl","p":2.49,"u":"6,64 €/L","img":"https://fd5-photos.leclercdrive.fr/image.ashx?id=2913709&use=l&cat=p&typeid=i","cat":289556},{"id":45047,"n":"AOC Côtes du Rhône villages Vin Rouge Rives & Terrasses BIB 3L","p":12.99,"u":"4,33 €/L","img":"https://fd5-photos.leclercdrive.fr/image.ashx?id=2726830&use=l&cat=p&typeid=i","cat":289560},{"id":45048,"n":"AOC Bordeaux Supérieur vin  rouge Chantet Blanet - BIB 3L","p":12.99,"u":"4,33 €/L","img":"https://fd5-photos.leclercdrive.fr/image.ashx?id=2779344&use=l&cat=p&typeid=i","cat":289560},{"id":45049,"n":"AOP Cahors vin rouge Terrasses d'Autan - 75cl","p":3.89,"u":"5,19 €/L","img":"https://fd5-photos.leclercdrive.fr/image.ashx?id=2799772&use=l&cat=p&typeid=i","cat":289556},{"id":45050,"n":"AOP Bourgogne Pinot noir vin rouge Antoine Barrier - 75cl","p":7.99,"u":"10,65 €/L","img":"https://fd5-photos.leclercdrive.fr/image.ashx?id=2694106&use=l&cat=p&typeid=i","cat":289556},{"id":45051,"n":"AOP Chablis vin blanc Antoine Barrier - 75cl","p":12.99,"u":"17,32 €/L","img":"https://fd5-photos.leclercdrive.fr/image.ashx?id=2939067&use=l&cat=p&typeid=i","cat":289557},{"id":45052,"n":"Velouté Régal Soupe Potiron Châtaigne - 1L","p":2.46,"u":"2,46 €/L","img":"https://fd5-photos.leclercdrive.fr/image.ashx?id=2983811&use=l&cat=p&typeid=i","cat":284462},{"id":45053,"n":"Soupe Velouté Régal Soupe Potiron fromage fondu 1L","p":2.36,"u":"2,36 €/L","img":"https://fd5-photos.leclercdrive.fr/image.ashx?id=2607572&use=l&cat=p&typeid=i","cat":284462},{"id":45055,"n":"Soupe velouté Régal Soupe Légumes du soleil 2x30cl","p":1.62,"u":"2,70 €/L","img":"https://fd5-photos.leclercdrive.fr/image.ashx?id=2983814&use=l&cat=p&typeid=i","cat":284462},{"id":45063,"n":"Biscuits sablés P'tit Déli Noix de coco - 120g","p":0.84,"u":"7,00 €/KG","img":"https://fd5-photos.leclercdrive.fr/image.ashx?id=2669750&use=l&cat=p&typeid=i","cat":284487},{"id":45065,"n":"Bretzels d'alsace NRT sachet 200g","p":0.74,"u":"3,70 €/KG","img":"https://fd5-photos.leclercdrive.fr/image.ashx?id=2638018&use=l&cat=p&typeid=i","cat":297000},{"id":45066,"n":"Petits biscuits salés NRT D'Alsace - 200g","p":0.99,"u":"4,95 €/KG","img":"https://fd5-photos.leclercdrive.fr/image.ashx?id=2638021&use=l&cat=p&typeid=i","cat":297000},{"id":45068,"n":"Pâtes Sans gluten Barilla Coquillettes - 400g","p":1.79,"u":"4,48 €/KG","img":"https://fd5-photos.leclercdrive.fr/image.ashx?id=2976113&use=l&cat=p&typeid=i","cat":284427},{"id":45097,"n":"Panettone Tradizioni d'Italia 500g","p":5.49,"u":"10,98 €/KG","img":"https://fd5-photos.leclercdrive.fr/image.ashx?id=2743921&use=l&cat=p&typeid=i","cat":293600},{"id":45101,"n":"Carrés de soin Mots d'Enfants Bébés - x100","p":1.99,"u":"0,02 €/P","img":"https://fd5-photos.leclercdrive.fr/image.ashx?id=3014245&use=l&cat=p&typeid=i","cat":284739},{"id":45102,"n":"Culottes bébé Mots d'Enfants  T4 : 8/15kg - x22 changes","p":5.35,"u":"0,24 €/P","img":"https://fd5-photos.leclercdrive.fr/image.ashx?id=2907198&use=l&cat=p&typeid=i","cat":290633},{"id":45135,"n":"Biscuit Céréal Bio  Bio pavot sésame - 132g","p":1.41,"u":"10,68 €/KG","img":"https://fd5-photos.leclercdrive.fr/image.ashx?id=2574056&use=l&cat=p&typeid=i","cat":284487},{"id":45136,"n":"Biscuit sablé bio Céréal Bio  Miel citron sarrasin - 132g","p":1.67,"u":"12,65 €/KG","img":"https://fd5-photos.leclercdrive.fr/image.ashx?id=2574059&use=l&cat=p&typeid=i","cat":284487},{"id":45138,"n":"Biscuits Bio Bjorg complets P'tit nature - 200g","p":1.55,"u":"7,75 €/KG","img":"https://fd5-photos.leclercdrive.fr/image.ashx?id=2906157&use=l&cat=p&typeid=i","cat":284487},{"id":45139,"n":"Biscuits de Natty Bio Bjorg sans huile de palme - 150g","p":3.59,"u":"23,93 €/KG","img":"https://fd5-photos.leclercdrive.fr/image.ashx?id=2939391&use=l&cat=p&typeid=i","cat":284488},{"id":45148,"n":"Boisson végétale épeautre noisette Bjorg Bio - 1L","p":2.7,"u":"2,70 €/L","img":"https://fd5-photos.leclercdrive.fr/image.ashx?id=2960804&use=l&cat=p&typeid=i","cat":316067},{"id":45149,"n":"Boisson végétale lait d'amande  chocolat bjorg bio - 1l","p":2.7,"u":"2,70 €/L","img":"https://fd5-photos.leclercdrive.fr/image.ashx?id=2939412&use=l&cat=p&typeid=i","cat":316067},{"id":45150,"n":"Biscuits lunettes Bio Bjorg Fraise 200g","p":2.59,"u":"12,95 €/KG","img":"https://fd5-photos.leclercdrive.fr/image.ashx?id=2999976&use=l&cat=p&typeid=i","cat":284489},{"id":45157,"n":"Boulghour Tunisienne Céréal Bio Bio repas express - 220g","p":1.91,"u":"8,68 €/KG","img":"https://fd5-photos.leclercdrive.fr/image.ashx?id=2574062&use=l&cat=p&typeid=i","cat":287600},{"id":45165,"n":"Pots soir bébé bio Babybio Légumes blé - 6 mois - 2x200g","p":2.39,"u":"5,98 €/KG","img":"https://fd5-photos.leclercdrive.fr/image.ashx?id=2827479&use=l&cat=p&typeid=i","cat":312239},{"id":45168,"n":"Bouillon cube bio Jardin Bio Légumes - 72g","p":1.7,"u":"23,61 €/KG","img":"https://fd5-photos.leclercdrive.fr/image.ashx?id=2535535&use=l&cat=p&typeid=i","cat":288379},{"id":45169,"n":"Bouillon cube bio Jardin Bio Volaille dégraissé x10 - 100g","p":1.98,"u":"19,80 €/KG","img":"https://fd5-photos.leclercdrive.fr/image.ashx?id=2535538&use=l&cat=p&typeid=i","cat":288379},{"id":45171,"n":"Chocolat noir Bio Ethiquable   70% Pérou - 100g","p":2.59,"u":"25,90 €/KG","img":"https://fd5-photos.leclercdrive.fr/image.ashx?id=2870896&use=l&cat=p&typeid=i","cat":284956},{"id":45172,"n":"Chocolat noir Bio Ethiquable 72% Haïti - 100g","p":2.74,"u":"27,40 €/KG","img":"https://fd5-photos.leclercdrive.fr/image.ashx?id=2870914&use=l&cat=p&typeid=i","cat":284956},{"id":45185,"n":"Tablette de chocolat Alter Eco  Pérou Bio Noir 90% - 100g","p":2.81,"u":"28,10 €/KG","img":"https://fd5-photos.leclercdrive.fr/image.ashx?id=2906544&use=l&cat=p&typeid=i","cat":284956},{"id":45191,"n":"Couscous Jardin Bio Bio légumes du soleil - 220g","p":2.4,"u":"10,91 €/KG","img":"https://fd5-photos.leclercdrive.fr/image.ashx?id=2535022&use=l&cat=p&typeid=i","cat":287600},{"id":45192,"n":"Pâtes bio Jardin Bio Coquillettes 3 min - 500g","p":1.75,"u":"3,50 €/KG","img":"https://fd5-photos.leclercdrive.fr/image.ashx?id=2939976&use=l&cat=p&typeid=i","cat":284427},{"id":45193,"n":"Chocolat noir Bio Ethiquable  85% Madagascar - 100g","p":2.58,"u":"25,80 €/KG","img":"https://fd5-photos.leclercdrive.fr/image.ashx?id=2870881&use=l&cat=p&typeid=i","cat":284956},{"id":45194,"n":"Chocolat noir Bio Ethiquable  80% Equateur - 100g","p":2.66,"u":"26,60 €/KG","img":"https://fd5-photos.leclercdrive.fr/image.ashx?id=2870917&use=l&cat=p&typeid=i","cat":284956},{"id":45197,"n":"Quinoa boulghour  Céréal Bio  à l'Indienne bio -220g","p":2.06,"u":"9,36 €/KG","img":"https://fd5-photos.leclercdrive.fr/image.ashx?id=2574068&use=l&cat=p&typeid=i","cat":287600},{"id":45205,"n":"Biscuits fourrés Bio Bjorg  Chocolat lait noisette - 225g","p":3.8,"u":"16,89 €/KG","img":"https://fd5-photos.leclercdrive.fr/image.ashx?id=2970930&use=l&cat=p&typeid=i","cat":284488},{"id":45207,"n":"Biscuits Bio Bjorg Fourrés à la Vanille - 225g","p":3.87,"u":"17,20 €/KG","img":"https://fd5-photos.leclercdrive.fr/image.ashx?id=2912059&use=l&cat=p&typeid=i","cat":284489},{"id":45212,"n":"Duo de quinoa Jardin Bio  Bio aux légumes - 250g","p":2.03,"u":"8,12 €/KG","img":"https://fd5-photos.leclercdrive.fr/image.ashx?id=2535481&use=l&cat=p&typeid=i","cat":287600},{"id":45213,"n":"Flageolets Jardin Bio  Bio cuisinés - 680g","p":3.19,"u":"4,69 €/KG","img":"https://fd5-photos.leclercdrive.fr/image.ashx?id=2918319&use=l&cat=p&typeid=i","cat":312606},{"id":45217,"n":"Galette  Céréal Bio  Bio riz légumes Colombo x2 200g","p":2.59,"u":"12,95 €/KG","img":"https://fd5-photos.leclercdrive.fr/image.ashx?id=2573510&use=l&cat=p&typeid=i","cat":284953},{"id":45227,"n":"Biscuits fourrés Bio Bjorg Citron - 225g","p":4.31,"u":"19,16 €/KG","img":"https://fd5-photos.leclercdrive.fr/image.ashx?id=2861527&use=l&cat=p&typeid=i","cat":284489},{"id":45229,"n":"biscuits gaufres bio bjorg  Miel - 175g","p":2.25,"u":"12,86 €/KG","img":"https://fd5-photos.leclercdrive.fr/image.ashx?id=2915973&use=l&cat=p&typeid=i","cat":294777},{"id":45239,"n":"plat cuisiné lentilles bio carottes  bjorg 250g","p":1.79,"u":"7,16 €/KG","img":"https://fd5-photos.leclercdrive.fr/image.ashx?id=2861521&use=l&cat=p&typeid=i","cat":287600},{"id":45244,"n":"boisson végétale lait d'amande  bio bjorg 1l","p":2.41,"u":"2,41 €/L","img":"https://fd5-photos.leclercdrive.fr/image.ashx?id=2967067&use=l&cat=p&typeid=i","cat":316067},{"id":45245,"n":"Boisson végétale lait d'amande  vanille bjorg bio - 1l","p":2.61,"u":"2,61 €/L","img":"https://fd5-photos.leclercdrive.fr/image.ashx?id=2991978&use=l&cat=p&typeid=i","cat":316067},{"id":45246,"n":"Biscuits lunettes Bio Bjorg Myrtilles - 200g","p":3.18,"u":"15,90 €/KG","img":"https://fd5-photos.leclercdrive.fr/image.ashx?id=2999979&use=l&cat=p&typeid=i","cat":284489},{"id":45247,"n":"Maïs bio Géant Vert extra croquant - 2x140g","p":2.58,"u":"9,21 €/KG","img":"https://fd5-photos.leclercdrive.fr/image.ashx?id=2840545&use=l&cat=p&typeid=i","cat":312611},{"id":45250,"n":"Infusion bio Jardin Bio Tilleul Oranger - x20 - 30g","p":2.21,"u":"73,67 €/KG","img":"https://fd5-photos.leclercdrive.fr/image.ashx?id=2792657&use=l&cat=p&typeid=i","cat":293234},{"id":45251,"n":"Lentilles vertes Jardin Bio  Bio saveur du terroir - 250g","p":1.56,"u":"6,24 €/KG","img":"https://fd5-photos.leclercdrive.fr/image.ashx?id=2535559&use=l&cat=p&typeid=i","cat":287600},{"id":45252,"n":"Lentilles Jardin Bio  Bio façon petit salé - 250g","p":2.0,"u":"8,00 €/KG","img":"https://fd5-photos.leclercdrive.fr/image.ashx?id=2535019&use=l&cat=p&typeid=i","cat":287600},{"id":45254,"n":"Infusion Clipper Bio - Citron gingembre - 50g","p":2.25,"u":"45,00 €/KG","img":"https://fd5-photos.leclercdrive.fr/image.ashx?id=2909176&use=l&cat=p&typeid=i","cat":293234},{"id":45261,"n":"Orge riz rouge bio Céréal Bio  lentilles repas express-220g","p":1.85,"u":"7,40 €/KG","img":"https://fd5-photos.leclercdrive.fr/image.ashx?id=2574080&use=l&cat=p&typeid=i","cat":287600},{"id":45262,"n":"Orge pruneaux bio Céréal Bio  Marocain repas express-220g","p":2.25,"u":"10,23 €/KG","img":"https://fd5-photos.leclercdrive.fr/image.ashx?id=2575075&use=l&cat=p&typeid=i","cat":287600},{"id":45270,"n":"Pains au chocolat Bio La Boulangère - 6x270g","p":2.59,"u":"9,59 €/KG","img":"https://fd5-photos.leclercdrive.fr/image.ashx?id=2912185&use=l&cat=p&typeid=i","cat":296366},{"id":45274,"n":"Maïs doux Jardin Bio  Bio - 230g","p":2.12,"u":"9,22 €/KG","img":"https://fd5-photos.leclercdrive.fr/image.ashx?id=2903233&use=l&cat=p&typeid=i","cat":312611},{"id":45276,"n":"Pain de mie La Boulangère  Céréales Bio - 500g","p":2.49,"u":"4,98 €/KG","img":"https://fd5-photos.leclercdrive.fr/image.ashx?id=2912398&use=l&cat=p&typeid=i","cat":284477},{"id":45278,"n":"Purée potimarron Céréal Bio  lentilles bio-250g","p":1.73,"u":"6,92 €/KG","img":"https://fd5-photos.leclercdrive.fr/image.ashx?id=2574074&use=l&cat=p&typeid=i","cat":287600},{"id":45281,"n":"Riz cuisine Bio - Bjorg  20cl","p":1.52,"u":"7,60 €/L","img":"https://fd5-photos.leclercdrive.fr/image.ashx?id=2642411&use=l&cat=p&typeid=i","cat":316069},{"id":45287,"n":"Repas bébé Babybio - 4 mois Légumes Bio - 2x130g","p":1.93,"u":"7,42 €/KG","img":"https://fd5-photos.leclercdrive.fr/image.ashx?id=2827443&use=l&cat=p&typeid=i","cat":312234},{"id":45288,"n":"Compote bébé Babybio Bio 4 mois Pomme / Myrtille - 2x130g","p":1.77,"u":"6,81 €/KG","img":"https://fd5-photos.leclercdrive.fr/image.ashx?id=2827491&use=l&cat=p&typeid=i","cat":312387},{"id":45289,"n":"Petits pois bio Jardin Bio A l'étuvée extra fins - 230g","p":2.3,"u":"10,00 €/KG","img":"https://fd5-photos.leclercdrive.fr/image.ashx?id=2944732&use=l&cat=p&typeid=i","cat":312607},{"id":45290,"n":"Petits pois Le jardin Bio  Bio extra fins - 445g","p":3.39,"u":"7,62 €/KG","img":"https://fd5-photos.leclercdrive.fr/image.ashx?id=2944735&use=l&cat=p&typeid=i","cat":312607},{"id":45291,"n":"Quinoa Jardin Bio  Bio poulet et Sésame - 250g","p":2.13,"u":"8,52 €/KG","img":"https://fd5-photos.leclercdrive.fr/image.ashx?id=2956433&use=l&cat=p&typeid=i","cat":287600},{"id":45292,"n":"Biscuits sablés bio Jardin Bio Caramel au sel de guérande 150g","p":1.82,"u":"12,13 €/KG","img":"https://fd5-photos.leclercdrive.fr/image.ashx?id=2190326&use=l&cat=p&typeid=i","cat":284487},{"id":45294,"n":"Asperges blanches D'Aucy Grosses x2 410g","p":5.24,"u":"12,78 €/KG","img":"https://fd5-photos.leclercdrive.fr/image.ashx?id=2488854&use=l&cat=p&typeid=i","cat":312611},{"id":45295,"n":"Asperges vertes d'Aucy Grosses - x2 - 370g","p":5.23,"u":"14,14 €/KG","img":"https://fd5-photos.leclercdrive.fr/image.ashx?id=2217987&use=l&cat=p&typeid=i","cat":312611},{"id":45319,"n":"Pineau blanc Charentes NRT  17% vol - 75cl","p":7.95,"u":"10,60 €/L","img":"https://fd5-photos.leclercdrive.fr/image.ashx?id=2953743&use=l&cat=p&typeid=i","cat":284913},{"id":45320,"n":"Pineau rosé Charentes NRT  17% vol - 75cl","p":8.99,"u":"11,99 €/L","img":"https://fd5-photos.leclercdrive.fr/image.ashx?id=2953740&use=l&cat=p&typeid=i","cat":284913},{"id":45339,"n":"Tartine sarrasin Céréal Bio Bio - 145g","p":1.69,"u":"11,66 €/KG","img":"https://fd5-photos.leclercdrive.fr/image.ashx?id=2810792&use=l&cat=p&typeid=i","cat":284479},{"id":45340,"n":"Tartine  Céréal Bio  Bio multicéréales - 145g","p":1.57,"u":"10,83 €/KG","img":"https://fd5-photos.leclercdrive.fr/image.ashx?id=2810795&use=l&cat=p&typeid=i","cat":284479},{"id":45341,"n":"Tartines bio Céréal Bio  Riz et châtaigne - 145g","p":3.0,"u":"20,69 €/KG","img":"https://fd5-photos.leclercdrive.fr/image.ashx?id=2752912&use=l&cat=p&typeid=i","cat":284479},{"id":45342,"n":"Salade bio Céréal Bio Lentilles, légumes, tofu -220g","p":2.17,"u":"9,86 €/KG","img":"https://fd5-photos.leclercdrive.fr/image.ashx?id=2574077&use=l&cat=p&typeid=i","cat":287600},{"id":45344,"n":"Soja gratin Bio - Bjorg 20cl","p":0.99,"u":"4,95 €/L","img":"https://fd5-photos.leclercdrive.fr/image.ashx?id=2756203&use=l&cat=p&typeid=i","cat":316069},{"id":45351,"n":"Tartines bio Jardin Bio Sarrasin sans gluten - 150g","p":1.91,"u":"12,73 €/KG","img":"https://fd5-photos.leclercdrive.fr/image.ashx?id=2535547&use=l&cat=p&typeid=i","cat":318654},{"id":45353,"n":"Tartines bio Jardin Bio Multicéréales sans gluten -150g","p":1.89,"u":"12,60 €/KG","img":"https://fd5-photos.leclercdrive.fr/image.ashx?id=2537646&use=l&cat=p&typeid=i","cat":318654},{"id":45354,"n":"Tartines bio Jardin Bio Châtaigne sans gluten - 150g","p":2.09,"u":"13,93 €/KG","img":"https://fd5-photos.leclercdrive.fr/image.ashx?id=2537649&use=l&cat=p&typeid=i","cat":318654},{"id":45355,"n":"Thé vert Bio Clipper Au Citron - 20 sachets - 35g","p":2.11,"u":"60,29 €/KG","img":"https://fd5-photos.leclercdrive.fr/image.ashx?id=2922089&use=l&cat=p&typeid=i","cat":293233},{"id":45372,"n":"Tomates pelées Jardin Bio  Bio Entières au jus - 240g","p":1.16,"u":"4,83 €/KG","img":"https://fd5-photos.leclercdrive.fr/image.ashx?id=2967911&use=l&cat=p&typeid=i","cat":288384},{"id":45382,"n":"Déodorant Spray Femme Nivea Protect & Care - 200ml","p":3.17,"u":"15,85 €/L","img":"https://fd5-photos.leclercdrive.fr/image.ashx?id=2869188&use=l&cat=p&typeid=i","cat":284595},{"id":45415,"n":"Fromage Emmental Entremont Râpé  - 300g","p":3.13,"u":"10,43 €/KG","img":"https://fd5-photos.leclercdrive.fr/image.ashx?id=2983156&use=l&cat=p&typeid=i","cat":314035},{"id":45437,"n":"Bâtonnets Surimi grands Coraya x10 - 156g","p":2.48,"u":"15,90 €/KG","img":"https://fd5-photos.leclercdrive.fr/image.ashx?id=2762133&use=l&cat=p&typeid=i","cat":285189},{"id":45452,"n":"Pâtes Spaghetti plat Panzani 1kg","p":1.96,"u":"1,96 €/KG","img":"https://fd5-photos.leclercdrive.fr/image.ashx?id=2876071&use=l&cat=p&typeid=i","cat":284427},{"id":45455,"n":"Soupe Velouté Bio Village Saveurs du sud Bio - 2x30cl","p":1.69,"u":"2,82 €/L","img":"https://fd5-photos.leclercdrive.fr/image.ashx?id=2363814&use=l&cat=p&typeid=i","cat":284462},{"id":45456,"n":"Chips Bio Village Bio Nature - 6x30g","p":2.99,"u":"16,61 €/KG","img":"https://fd5-photos.leclercdrive.fr/image.ashx?id=2838957&use=l&cat=p&typeid=i","cat":284447},{"id":45457,"n":"Mogette sèche IGP NRT De Vendée - 500g","p":3.09,"u":"6,18 €/KG","img":"https://fd5-photos.leclercdrive.fr/image.ashx?id=2771411&use=l&cat=p&typeid=i","cat":284430},{"id":45478,"n":"Nettoyant lave-vaisselle Visior 3x40g","p":2.9,"u":"24,17 €/KG","img":"https://fd5-photos.leclercdrive.fr/image.ashx?id=2742694&use=l&cat=p&typeid=i","cat":284657},{"id":45480,"n":"Nettoyant menthe Dentamyl Appareils dentaires x36","p":2.19,"img":"https://fd5-photos.leclercdrive.fr/image.ashx?id=2486802&use=l&cat=p&typeid=i","cat":285158},{"id":45483,"n":"Pastilles javel Clair Parfum Menthe x42 - 168g","p":1.44,"u":"8,57 €/KG","img":"https://fd5-photos.leclercdrive.fr/image.ashx?id=2631447&use=l&cat=p&typeid=i","cat":284661},{"id":45498,"n":"Sacs poubelle 30L Elembal Ultra resist - x20","p":3.25,"u":"0,16 €/P","img":"https://fd5-photos.leclercdrive.fr/image.ashx?id=2958729&use=l&cat=p&typeid=i","cat":285168},{"id":45499,"n":"Sacs poubelle 50L Elembal Ultra résist - x15","p":3.9,"u":"0,26 €/P","img":"https://fd5-photos.leclercdrive.fr/image.ashx?id=2958732&use=l&cat=p&typeid=i","cat":285168},{"id":45500,"n":"Sacs poubelle 100L Elembal Ultra résist - x10","p":3.73,"u":"0,37 €/P","img":"https://fd5-photos.leclercdrive.fr/image.ashx?id=2958735&use=l&cat=p&typeid=i","cat":285168},{"id":45536,"n":"Taboulé Bonduelle Poulet - 300g","p":1.75,"u":"5,83 €/KG","img":"https://fd5-photos.leclercdrive.fr/image.ashx?id=2907902&use=l&cat=p&typeid=i","cat":333657},{"id":45541,"n":"Pizza l'Ovale Sodebo 3 fromages fondants - 200g","p":1.38,"u":"6,90 €/KG","img":"https://fd5-photos.leclercdrive.fr/image.ashx?id=2723644&use=l&cat=p&typeid=i","cat":333679},{"id":45575,"n":"Fromage raclette Les Croisés Nature et 3 poivres - 400g","p":5.3,"u":"13,25 €/KG","img":"https://fd5-photos.leclercdrive.fr/image.ashx?id=2793227&use=l&cat=p&typeid=i","cat":314037},{"id":45576,"n":"Fromage raclette Les Croisés  Nature et fumé 400g","p":5.34,"u":"13,35 €/KG","img":"https://fd5-photos.leclercdrive.fr/image.ashx?id=2793233&use=l&cat=p&typeid=i","cat":314037},{"id":45636,"n":"Bouquet garni Ducros Epices à la provençale - 18g","p":1.46,"u":"81,11 €/KG","img":"https://fd5-photos.leclercdrive.fr/image.ashx?id=1715377&use=l&cat=p&typeid=i","cat":298297},{"id":45642,"n":"Ratatouille Cuisinée Cassegrain à la Provençale 185g","p":1.72,"u":"9,30 €/KG","img":"https://fd5-photos.leclercdrive.fr/image.ashx?id=2913007&use=l&cat=p&typeid=i","cat":312612},{"id":45644,"n":"Recharge SpaWax Expert Veet Figue Sucrée et Lys Violet x6","p":6.46,"u":"43,07 €/KG","img":"https://fd5-photos.leclercdrive.fr/image.ashx?id=2854351&use=l&cat=p&typeid=i","cat":325351},{"id":45671,"n":"Chips Bret's Chèvre/piment d'espelette -125g","p":1.16,"u":"9,28 €/KG","img":"https://fd5-photos.leclercdrive.fr/image.ashx?id=1941593&use=l&cat=p&typeid=i","cat":284447},{"id":45708,"n":"Yaourt à boire Mini Yop Aromatisé Fraise - 8x100g","p":1.91,"u":"2,39 €/KG","img":"https://fd5-photos.leclercdrive.fr/image.ashx?id=2985159&use=l&cat=p&typeid=i","cat":284415},{"id":45710,"n":"Fromage Burger cheddar/emmental Président - 20 tranches - 340g","p":2.5,"u":"7,35 €/KG","img":"https://fd5-photos.leclercdrive.fr/image.ashx?id=2628239&use=l&cat=p&typeid=i","cat":314028},{"id":45711,"n":"Fromage Croque emmental Président - 20 tranches - 340g","p":2.71,"u":"7,97 €/KG","img":"https://fd5-photos.leclercdrive.fr/image.ashx?id=2838163&use=l&cat=p&typeid=i","cat":314028},{"id":45712,"n":"Emmental râpé fondant Président 500g","p":4.78,"u":"9,56 €/KG","img":"https://fd5-photos.leclercdrive.fr/image.ashx?id=2489464&use=l&cat=p&typeid=i","cat":314035},{"id":45714,"n":"Fleurs : Bouquet Poinsettia x1 bouquet","p":23.06,"img":"https://fd5-photos.leclercdrive.fr/image.ashx?id=818372&use=l&cat=p&typeid=i","cat":335920},{"id":45750,"n":"Couette unie Microstop Tissaia Anti-acariens - 140x200cm","p":29.89,"u":"Dont 0,40 € d'éco-part.","img":"https://fd5-photos.leclercdrive.fr/image.ashx?id=2648430&use=l&cat=p&typeid=i","cat":288835},{"id":45813,"n":"Cire divine Nair Monoï - 400g","p":6.76,"u":"16,90 €/KG","img":"https://fd5-photos.leclercdrive.fr/image.ashx?id=2903239&use=l&cat=p&typeid=i","cat":325351},{"id":45825,"n":"Brosse à dents pro Dentamyl Souple x2","p":0.72,"u":"0,36 €/P","img":"https://fd5-photos.leclercdrive.fr/image.ashx?id=2790979&use=l&cat=p&typeid=i","cat":284614},{"id":45826,"n":"Brosse à dents pro Dentamyl Médium x2","p":0.65,"u":"0,33 €/P","img":"https://fd5-photos.leclercdrive.fr/image.ashx?id=2790982&use=l&cat=p&typeid=i","cat":284614},{"id":45855,"n":"Whisky Clan Campbell Blended Scotch 40% vol - 1,5L","p":28.65,"u":"19,10 €/L","img":"https://fd5-photos.leclercdrive.fr/image.ashx?id=2868362&use=l&cat=p&typeid=i","cat":284547},{"id":45870,"n":"Vinaigre ménager Clair 100% naturel - 1L","p":1.08,"u":"1,08 €/L","img":"https://fd5-photos.leclercdrive.fr/image.ashx?id=2779199&use=l&cat=p&typeid=i","cat":325365},{"id":45889,"n":"Nouilles Chinoises aux légumes Tradition d'Asie - 400g","p":4.09,"u":"10,23 €/KG","img":"https://fd5-photos.leclercdrive.fr/image.ashx?id=2504467&use=l&cat=p&typeid=i","cat":333673},{"id":45908,"n":"Biscuits fourrés Prince Chocolat - 3x300g","p":3.89,"u":"4,32 €/KG","img":"https://fd5-photos.leclercdrive.fr/image.ashx?id=3014641&use=l&cat=p&typeid=i","cat":284488},{"id":45910,"n":"Thon entier Petit Navire Huile de tournesol 3x160g","p":5.59,"u":"34,94 €/KG","img":"https://fd5-photos.leclercdrive.fr/image.ashx?id=2543987&use=l&cat=p&typeid=i","cat":303867},{"id":45911,"n":"Thon en miette Petit Navire Huile de tournesol 3x160g","p":5.59,"u":"34,94 €/KG","img":"https://fd5-photos.leclercdrive.fr/image.ashx?id=2561571&use=l&cat=p&typeid=i","cat":303867},{"id":45914,"n":"Caramel beurre salé NRT De Guérande -200g","p":3.29,"u":"16,45 €/KG","img":"https://fd5-photos.leclercdrive.fr/image.ashx?id=1907759&use=l&cat=p&typeid=i","cat":284481},{"id":45923,"n":"Pur jus d'orange Bio Village Bio avec pulpe - 1L","p":3.11,"u":"3,11 €/L","img":"https://fd5-photos.leclercdrive.fr/image.ashx?id=2901542&use=l&cat=p&typeid=i","cat":284521},{"id":45957,"n":"Jambon cru Quart Tranché Aoste Serrano - 18 tranches - 220g","p":6.45,"u":"29,32 €/KG","img":"https://fd5-photos.leclercdrive.fr/image.ashx?id=2937181&use=l&cat=p&typeid=i","cat":316007},{"id":45965,"n":"Saucisses Knacki Herta Poulet x6 - 210g","p":1.51,"u":"7,19 €/KG","img":"https://fd5-photos.leclercdrive.fr/image.ashx?id=2290428&use=l&cat=p&typeid=i","cat":316012},{"id":46006,"n":"AOP Jurançon vin blanc Moelleux Terrasses d'Autan-75cl","p":6.99,"u":"9,32 €/L","img":"https://fd5-photos.leclercdrive.fr/image.ashx?id=2774859&use=l&cat=p&typeid=i","cat":289557},{"id":46016,"n":"Chocolat Pâtissier Tablette dOr Chocolat Noir - 3x200g","p":5.35,"u":"8,92 €/KG","img":"https://fd5-photos.leclercdrive.fr/image.ashx?id=2958519&use=l&cat=p&typeid=i","cat":285562},{"id":46028,"n":"IGP Pays d'Oc Rosé Grenache Cinsault JP Chenet 12.5% BIB 3L","p":11.11,"u":"3,70 €/L","img":"https://fd5-photos.leclercdrive.fr/image.ashx?id=2941715&use=l&cat=p&typeid=i","cat":289560},{"id":46037,"n":"Biscottes Toast Pelletier  Goût brioché - 150g","p":1.44,"u":"9,60 €/KG","img":"https://fd5-photos.leclercdrive.fr/image.ashx?id=1888023&use=l&cat=p&typeid=i","cat":284479},{"id":46039,"n":"Oeufs plein air Matines Moyen - x12","p":3.57,"u":"0,30 €/P","img":"https://fd5-photos.leclercdrive.fr/image.ashx?id=2795746&use=l&cat=p&typeid=i","cat":284378},{"id":46043,"n":"Barre 2 chocolats Gerlinéa  Repas minceur x10, 310g","p":5.8,"u":"18,71 €/KG","img":"https://fd5-photos.leclercdrive.fr/image.ashx?id=2638181&use=l&cat=p&typeid=i","cat":318652},{"id":46044,"n":"Barre chocolat orange GERLINEA  Repas minceur x10, 310g","p":5.8,"u":"18,71 €/KG","img":"https://fd5-photos.leclercdrive.fr/image.ashx?id=2654752&use=l&cat=p&typeid=i","cat":318652},{"id":46045,"n":"biscuits fourrés bio   bjorg myrtille - 175g","p":2.81,"u":"16,06 €/KG","img":"https://fd5-photos.leclercdrive.fr/image.ashx?id=2979734&use=l&cat=p&typeid=i","cat":284489},{"id":46047,"n":"Sirop d'érable  250g","p":3.3,"u":"13,20 €/KG","img":"https://fd5-photos.leclercdrive.fr/image.ashx?id=2480298&use=l&cat=p&typeid=i","cat":287643},{"id":46051,"n":"Menus chat Tous mes amis Viande menus gourmands 24x100g","p":6.95,"u":"2,90 €/KG","img":"https://fd5-photos.leclercdrive.fr/image.ashx?id=2027607&use=l&cat=p&typeid=i","cat":285286},{"id":46052,"n":"Gelée pour chat Tous mes amis Poisson menus gourmands 24x100g","p":6.95,"u":"2,90 €/KG","img":"https://fd5-photos.leclercdrive.fr/image.ashx?id=2027604&use=l&cat=p&typeid=i","cat":285286},{"id":46098,"n":"Biscuits chocolat Prince Lu 6x300g","p":8.89,"u":"4,94 €/KG","img":"https://fd5-photos.leclercdrive.fr/image.ashx?id=2737165&use=l&cat=p&typeid=i","cat":284488},{"id":46166,"n":"Crackers bio Bio Village 3 graines - 200g","p":2.69,"u":"13,45 €/KG","img":"https://fd5-photos.leclercdrive.fr/image.ashx?id=2310504&use=l&cat=p&typeid=i","cat":297000},{"id":46224,"n":"Friandises chien Pedigree Récompense bœuf fromage - 140g","p":1.51,"u":"10,79 €/KG","img":"https://fd5-photos.leclercdrive.fr/image.ashx?id=2256203&use=l&cat=p&typeid=i","cat":294527},{"id":46260,"n":"Pâte brisée roulée Croutipate Sans gluten - 230g","p":2.27,"u":"9,87 €/KG","img":"https://fd5-photos.leclercdrive.fr/image.ashx?id=2107414&use=l&cat=p&typeid=i","cat":333681},{"id":46261,"n":"Pâte à tarte feuilletée Cérélia Sans gluten - 280g","p":2.88,"u":"10,29 €/KG","img":"https://fd5-photos.leclercdrive.fr/image.ashx?id=2881915&use=l&cat=p&typeid=i","cat":333681},{"id":46314,"n":"Steak haché 10% matière grasse Gandolfi x2 - 240g","p":4.61,"pp":3.69,"u":"15,38 €/KG","img":"https://fd5-photos.leclercdrive.fr/image.ashx?id=853708&use=l&cat=p&typeid=i","cat":284332},{"id":46315,"n":"Steak haché 15% matière grasse Gandolfi x2 - 240g","p":3.95,"u":"16,46 €/KG","img":"https://fd5-photos.leclercdrive.fr/image.ashx?id=853704&use=l&cat=p&typeid=i","cat":284332},{"id":46320,"n":"Copeaux de bois Beaux Jours 50L","p":7.49,"u":"0,15 €/L","img":"https://fd5-photos.leclercdrive.fr/image.ashx?id=2162357&use=l&cat=p&typeid=i","cat":335919},{"id":46381,"n":"Fromage Emmenta Les Croisés En dés - 150g","p":1.89,"u":"12,60 €/KG","img":"https://fd5-photos.leclercdrive.fr/image.ashx?id=2422550&use=l&cat=p&typeid=i","cat":314027},{"id":46382,"n":"Protège-document Esquisse Turquoise - A4 - 60 vues","p":1.95,"img":"https://fd5-photos.leclercdrive.fr/image.ashx?id=1694260&use=l&cat=p&typeid=i","cat":284745},{"id":46433,"n":"Poivrons Tradizioni D'italia  Grillés/huile d'olive - 280g","p":3.49,"u":"12,46 €/KG","img":"https://fd5-photos.leclercdrive.fr/image.ashx?id=2840046&use=l&cat=p&typeid=i","cat":312608},{"id":46456,"n":"Clafoutis Délisse Abricot - 4x85g","p":2.25,"u":"6,62 €/KG","img":"https://fd5-photos.leclercdrive.fr/image.ashx?id=2905228&use=l&cat=p&typeid=i","cat":284419},{"id":46462,"n":"Mini coudes Turini 500g","p":0.99,"u":"1,98 €/KG","img":"https://fd5-photos.leclercdrive.fr/image.ashx?id=2607566&use=l&cat=p&typeid=i","cat":284427},{"id":46470,"n":"IGP Penne rigate Garofalo  - 500g","p":1.61,"u":"3,22 €/KG","img":"https://fd5-photos.leclercdrive.fr/image.ashx?id=3011893&use=l&cat=p&typeid=i","cat":284427},{"id":46471,"n":"IGP Pâte Garofalo  Linguine - 500g","p":1.89,"u":"3,78 €/KG","img":"https://fd5-photos.leclercdrive.fr/image.ashx?id=3005347&use=l&cat=p&typeid=i","cat":284427},{"id":46472,"n":"Pandoro Tradizioni D'italia 500g","p":5.99,"u":"11,98 €/KG","img":"https://fd5-photos.leclercdrive.fr/image.ashx?id=2743924&use=l&cat=p&typeid=i","cat":293600},{"id":46473,"n":"Rhum blanc Trois Rivières 40% vol - 70cl","p":13.41,"u":"19,16 €/L","img":"https://fd5-photos.leclercdrive.fr/image.ashx?id=2766334&use=l&cat=p&typeid=i","cat":284550},{"id":46525,"n":"Brosse à dents pro Dentamyl Souple x1","p":1.32,"img":"https://fd5-photos.leclercdrive.fr/image.ashx?id=2790985&use=l&cat=p&typeid=i","cat":284614},{"id":46528,"n":"Fil dentaire  menthe Dentamyl Ultra résistant  archet  - x50","p":2.05,"img":"https://fd5-photos.leclercdrive.fr/image.ashx?id=2440721&use=l&cat=p&typeid=i","cat":285159},{"id":46533,"n":"Plat à pizza Homeside Avec trous, alluminium - 30cm","p":4.5,"img":"https://fd5-photos.leclercdrive.fr/image.ashx?id=2856642&use=l&cat=p&typeid=i","cat":298490},{"id":46536,"n":"Range couverts Ardence Modulable, 5 cases - x1","p":4.5,"u":"Dont 0,04 € d'éco-part.","img":"https://fd5-photos.leclercdrive.fr/image.ashx?id=1468594&use=l&cat=p&typeid=i","cat":334135},{"id":46540,"n":"Croquette chat stérilisé Ultima Poulet - Sénior +10 ans - 1.5kg","p":6.19,"u":"4,13 €/KG","img":"https://fd5-photos.leclercdrive.fr/image.ashx?id=2922227&use=l&cat=p&typeid=i","cat":284680},{"id":46541,"n":"Croquette chat stérilisé Ultima Chat d'intérieur - Dinde -1.5kg","p":6.21,"u":"4,14 €/KG","img":"https://fd5-photos.leclercdrive.fr/image.ashx?id=2927009&use=l&cat=p&typeid=i","cat":284680},{"id":46542,"n":"Croquettes petits chien Ultima  Poulet - Bulldog - 1.5kg","p":6.48,"u":"4,32 €/KG","img":"https://fd5-photos.leclercdrive.fr/image.ashx?id=2924869&use=l&cat=p&typeid=i","cat":294526},{"id":46545,"n":"Croquettes chiens adulte Ultima Medium/maxi - poulet - 2kg","p":5.82,"u":"2,91 €/KG","img":"https://fd5-photos.leclercdrive.fr/image.ashx?id=2902181&use=l&cat=p&typeid=i","cat":284672},{"id":46547,"n":"Croquette chat stérilisé Ultima  Truite - Sensible - 1.5kg","p":6.25,"u":"4,17 €/KG","img":"https://fd5-photos.leclercdrive.fr/image.ashx?id=2937436&use=l&cat=p&typeid=i","cat":284680},{"id":46558,"n":"Boîtes alimentaires Eco+ 4x0.9L","p":2.88,"u":"0,72 €/P","img":"https://fd5-photos.leclercdrive.fr/image.ashx?id=1467660&use=l&cat=p&typeid=i","cat":284710},{"id":46559,"n":"Boîtes alimentaires Eco+ 5x0.5L","p":1.72,"u":"0,34 €/P","img":"https://fd5-photos.leclercdrive.fr/image.ashx?id=1467657&use=l&cat=p&typeid=i","cat":284710},{"id":46654,"n":"Bière blonde La Chouffe 33cl","p":2.11,"u":"6,39 €/L","img":"https://fd5-photos.leclercdrive.fr/image.ashx?id=2877073&use=l&cat=p&typeid=i","cat":334872},{"id":46667,"n":"Monster Munch Salé - 135g","p":1.31,"u":"9,70 €/KG","img":"https://fd5-photos.leclercdrive.fr/image.ashx?id=2996935&use=l&cat=p&typeid=i","cat":284449},{"id":46703,"n":"Spray désodorisant Airwick  Pure Douceur de Coton - 250ml","p":2.72,"u":"10,88 €/L","img":"https://fd5-photos.leclercdrive.fr/image.ashx?id=2858600&use=l&cat=p&typeid=i","cat":311626},{"id":46766,"n":"Saucisson nougat Montelimar - 250g","p":6.04,"u":"24,16 €/KG","img":"https://fd5-photos.leclercdrive.fr/image.ashx?id=2489368&use=l&cat=p&typeid=i","cat":327605},{"id":46848,"n":"Emmental Président Sel réduit 30% - 200g","p":2.81,"u":"14,05 €/KG","img":"https://fd5-photos.leclercdrive.fr/image.ashx?id=2833363&use=l&cat=p&typeid=i","cat":314034},{"id":46849,"n":"Beurre AOP Charentes Poitou Doux - 82% MG - 250g","p":2.75,"u":"11,00 €/KG","img":"https://fd5-photos.leclercdrive.fr/image.ashx?id=2320642&use=l&cat=p&typeid=i","cat":284379},{"id":46852,"n":"Dos de cabillaud MSC Delpierre 325g","p":11.5,"u":"35,38 €/KG","img":"https://fd5-photos.leclercdrive.fr/image.ashx?id=2958836&use=l&cat=p&typeid=i","cat":284342},{"id":46981,"n":"Petit cake Bonne Maman Aux fruits - 300g","p":3.01,"u":"10,03 €/KG","img":"https://fd5-photos.leclercdrive.fr/image.ashx?id=2936173&use=l&cat=p&typeid=i","cat":284493},{"id":46982,"n":"Cookies gros éclats Granola Chocolat - 276g","p":2.4,"u":"8,70 €/KG","img":"https://fd5-photos.leclercdrive.fr/image.ashx?id=3005335&use=l&cat=p&typeid=i","cat":325066},{"id":46984,"n":"Café et Chicorée Soluble Ricoré  Original Recharge - 180g","p":3.62,"u":"20,11 €/KG","img":"https://fd5-photos.leclercdrive.fr/image.ashx?id=2980112&use=l&cat=p&typeid=i","cat":284843},{"id":46990,"n":"Chocolat en poudre Nestlé Boîte - 500g","p":4.24,"u":"8,48 €/KG","img":"https://fd5-photos.leclercdrive.fr/image.ashx?id=2817335&use=l&cat=p&typeid=i","cat":293235},{"id":47036,"n":"Litière chats Tranquille Végétale assainissant - 4L","p":4.89,"u":"1,22 €/L","img":"https://fd5-photos.leclercdrive.fr/image.ashx?id=2421868&use=l&cat=p&typeid=i","cat":284683},{"id":47038,"n":"Beurre de cacahuètes Ethiquable  Nicaragua - 350g","p":3.43,"u":"9,80 €/KG","img":"https://fd5-photos.leclercdrive.fr/image.ashx?id=2873396&use=l&cat=p&typeid=i","cat":284481},{"id":47125,"n":"Cidre bouché rosé Envie de rose 2.5%vol. - 75cl","p":2.83,"u":"3,77 €/L","img":"https://fd5-photos.leclercdrive.fr/image.ashx?id=2908984&use=l&cat=p&typeid=i","cat":334880},{"id":47127,"n":"Bière Red Desperados 5.9%vol. - 6x33cl","p":8.8,"u":"4,44 €/L","img":"https://fd5-photos.leclercdrive.fr/image.ashx?id=2766229&use=l&cat=p&typeid=i","cat":334878},{"id":47128,"n":"Vin Union Européenne rouge Le Tonnelier - BIB 5L","p":9.42,"u":"1,88 €/L","img":"https://fd5-photos.leclercdrive.fr/image.ashx?id=2107468&use=l&cat=p&typeid=i","cat":289560},{"id":47130,"n":"Vin Union européenne blanc Le Tonnelier - BIB 5L","p":10.34,"img":"https://fd5-photos.leclercdrive.fr/image.ashx?id=2107471&use=l&cat=p&typeid=i","cat":289557},{"id":47132,"n":"IGP Pays d'Oc blanc Les Ormes De Cambras Sauvignon 12% BIB 5L","p":15.5,"u":"3,10 €/L","img":"https://fd5-photos.leclercdrive.fr/image.ashx?id=2192389&use=l&cat=p&typeid=i","cat":289557},{"id":47169,"n":"Sacs poubelle 10L Elembal Salle de bain - x20","p":0.8,"u":"0,04 €/P","img":"https://fd5-photos.leclercdrive.fr/image.ashx?id=1732829&use=l&cat=p&typeid=i","cat":285168},{"id":47176,"n":"Déodorant Spray Femme Nivea Black&White Original - 200ml","p":2.87,"u":"14,35 €/L","img":"https://fd5-photos.leclercdrive.fr/image.ashx?id=2980031&use=l&cat=p&typeid=i","cat":284595},{"id":47180,"n":"Gel douche enfant Tahiti Fruits exotiques - 300ml","p":1.76,"u":"5,87 €/L","img":"https://fd5-photos.leclercdrive.fr/image.ashx?id=2687332&use=l&cat=p&typeid=i","cat":284594},{"id":47181,"n":"Essuie-tout compact 3=9 Eco+ x3","p":2.27,"u":"0,76 €/P","img":"https://fd5-photos.leclercdrive.fr/image.ashx?id=2726688&use=l&cat=p&typeid=i","cat":284635},{"id":47234,"n":"Lames Gillette Sensor Excel - x10","p":11.27,"u":"1,13 €/P","img":"https://fd5-photos.leclercdrive.fr/image.ashx?id=2566476&use=l&cat=p&typeid=i","cat":284616},{"id":47238,"n":"Lames Gillette Sensor3 - x8","p":11.76,"u":"1,47 €/P","img":"https://fd5-photos.leclercdrive.fr/image.ashx?id=2737201&use=l&cat=p&typeid=i","cat":284616},{"id":47253,"n":"Escalope de dinde Le Gaulois x6 - 720g","p":11.2,"u":"15,56 €/KG","img":"https://fd5-photos.leclercdrive.fr/image.ashx?id=2405506&use=l&cat=p&typeid=i","cat":284337},{"id":47254,"n":"Pâtes Coudes Rayés Turini 1kg","p":1.75,"u":"1,75 €/KG","img":"https://fd5-photos.leclercdrive.fr/image.ashx?id=2980809&use=l&cat=p&typeid=i","cat":284427},{"id":47255,"n":"Pâtes linguine Turini  500g","p":0.91,"u":"1,82 €/KG","img":"https://fd5-photos.leclercdrive.fr/image.ashx?id=2607554&use=l&cat=p&typeid=i","cat":284427},{"id":47256,"n":"Pâtes Farfalles Turini  1kg","p":1.2,"u":"1,20 €/KG","img":"https://fd5-photos.leclercdrive.fr/image.ashx?id=2665574&use=l&cat=p&typeid=i","cat":284427},{"id":47257,"n":"Pâtes Spaghettoni Turini  500g","p":0.84,"u":"1,68 €/KG","img":"https://fd5-photos.leclercdrive.fr/image.ashx?id=2607557&use=l&cat=p&typeid=i","cat":284427},{"id":47258,"n":"Pâtes coquillettes Turini Blé complet  - 500g","p":1.09,"u":"2,18 €/KG","img":"https://fd5-photos.leclercdrive.fr/image.ashx?id=2607563&use=l&cat=p&typeid=i","cat":284427},{"id":47259,"n":"Pistaches Tokapi  Grillées à sec - 75g","p":1.65,"u":"22,00 €/KG","img":"https://fd5-photos.leclercdrive.fr/image.ashx?id=2795571&use=l&cat=p&typeid=i","cat":284448},{"id":47263,"n":"Brossettes Dentamyl Interdentaires - x5","p":2.49,"u":"0,50 €/P","img":"https://fd5-photos.leclercdrive.fr/image.ashx?id=2672879&use=l&cat=p&typeid=i","cat":285159},{"id":47281,"n":"Piles rechargeables Energizer Power plus AAA/LR3 - x4 piles","p":14.16,"u":"3,54 €/P","img":"https://fd5-photos.leclercdrive.fr/image.ashx?id=2748629&use=l&cat=p&typeid=i","cat":300572},{"id":47290,"n":"Piles Energizer lr44/A76 - x4","p":5.92,"img":"https://fd5-photos.leclercdrive.fr/image.ashx?id=2024972&use=l&cat=p&typeid=i","cat":300572},{"id":47291,"n":"Porc filet mignon à mijoter / à rotir - 450g","p":8.45,"u":"18,78 €/KG","img":"https://fd5-photos.leclercdrive.fr/image.ashx?id=760077&use=l&cat=p&typeid=i","cat":284331},{"id":47293,"n":"Porc: Rouelle de jambon Avec os  1.2kg","p":9.9,"u":"8,25 €/KG","img":"https://fd5-photos.leclercdrive.fr/image.ashx?id=811050&use=l&cat=p&typeid=i","cat":284331},{"id":47324,"n":"Goupillon Mots D'enfants Rose, bout éponge, rince tétine","p":2.45,"img":"https://fd5-photos.leclercdrive.fr/image.ashx?id=2693407&use=l&cat=p&typeid=i","cat":284742},{"id":47325,"n":"Goupillon Mots D'enfants Bleu, bout éponge, rince tétine","p":2.45,"img":"https://fd5-photos.leclercdrive.fr/image.ashx?id=2693410&use=l&cat=p&typeid=i","cat":284742},{"id":47359,"n":"Sandwich Mega Club Sodebo  Pain Complet Poulet Mayo - 230g","p":1.79,"u":"7,78 €/KG","img":"https://fd5-photos.leclercdrive.fr/image.ashx?id=2960156&use=l&cat=p&typeid=i","cat":333658},{"id":47360,"n":"Fromage à tartiner Madame Loïk Fouetté Ail Fines Herbes - 150g","p":1.57,"u":"10,47 €/KG","img":"https://fd5-photos.leclercdrive.fr/image.ashx?id=2948021&use=l&cat=p&typeid=i","cat":314029},{"id":47361,"n":"Bûche de chèvre Président 250g","p":2.81,"u":"11,24 €/KG","img":"https://fd5-photos.leclercdrive.fr/image.ashx?id=2446647&use=l&cat=p&typeid=i","cat":314031},{"id":47381,"n":"Vin Union européenne blanc Lichette 11° - 75 cl","p":2.13,"u":"2,84 €/L","img":"https://fd5-photos.leclercdrive.fr/image.ashx?id=2943855&use=l&cat=p&typeid=i","cat":289557},{"id":47382,"n":"Vin Union Européenne rouge Cramoisay - BIB 5L","p":14.77,"u":"2,95 €/L","img":"https://fd5-photos.leclercdrive.fr/image.ashx?id=2943861&use=l&cat=p&typeid=i","cat":289560},{"id":47389,"n":"AOP Bordeaux rouge Bio Nos racines - 75cl","p":5.06,"u":"6,75 €/L","img":"https://fd5-photos.leclercdrive.fr/image.ashx?id=2544452&use=l&cat=p&typeid=i","cat":289556},{"id":47397,"n":"Salade frisée Les Crudettes 100% coeurs - 200g","p":2.43,"u":"12,15 €/KG","img":"https://fd5-photos.leclercdrive.fr/image.ashx?id=1933278&use=l&cat=p&typeid=i","cat":284353},{"id":47404,"n":"Eau gazeuse aromatisée Badoit citron sans sucres - 6x50cl","p":3.61,"u":"1,20 €/L","img":"https://fd5-photos.leclercdrive.fr/image.ashx?id=2730643&use=l&cat=p&typeid=i","cat":284536},{"id":47409,"n":"Steack Haché Pur boeuf  Charolais Label 4x100G","p":7.47,"u":"18,68 €/KG","img":"https://fd5-photos.leclercdrive.fr/image.ashx?id=2352810&use=l&cat=p&typeid=i","cat":319778},{"id":47441,"n":"Cidre normand Les Goelleries Brut 4.5% - 2x75cl","p":3.69,"u":"2,46 €/L","img":"https://fd5-photos.leclercdrive.fr/image.ashx?id=2856543&use=l&cat=p&typeid=i","cat":334880},{"id":47483,"n":"Champagne Rothschild Brut millésimé - 75cl","p":25.51,"u":"34,01 €/L","img":"https://fd5-photos.leclercdrive.fr/image.ashx?id=2819328&use=l&cat=p&typeid=i","cat":284542},{"id":47493,"n":"Tablette chocolat au lait Milka Morceaux de Oreo -  3x100g","p":4.17,"u":"13,90 €/KG","img":"https://fd5-photos.leclercdrive.fr/image.ashx?id=2617081&use=l&cat=p&typeid=i","cat":284497},{"id":47494,"n":"Tablette chocolat au lait Milka Eclats de caramel Daim - 3x100g","p":4.17,"u":"13,90 €/KG","img":"https://fd5-photos.leclercdrive.fr/image.ashx?id=2617084&use=l&cat=p&typeid=i","cat":284497},{"id":47512,"n":"Whisky Jack Daniel's Old N°7 1,5L","p":42.18,"u":"28,12 €/L","img":"https://fd5-photos.leclercdrive.fr/image.ashx?id=2986840&use=l&cat=p&typeid=i","cat":284547},{"id":47528,"n":"Vin mousseux J.P Chenet Blanc 11%vol - 75cl","p":4.7,"u":"6,27 €/L","img":"https://fd5-photos.leclercdrive.fr/image.ashx?id=2794469&use=l&cat=p&typeid=i","cat":284544},{"id":47529,"n":"Vin mousseux de France Rosé J.P Chenet 11%vol - 75cl","p":4.61,"u":"6,15 €/L","img":"https://fd5-photos.leclercdrive.fr/image.ashx?id=2794472&use=l&cat=p&typeid=i","cat":284544},{"id":47535,"n":"Thé vert Twinings Gunpowder Vrac- 200g","p":5.22,"u":"26,10 €/KG","img":"https://fd5-photos.leclercdrive.fr/image.ashx?id=2950726&use=l&cat=p&typeid=i","cat":293233},{"id":47542,"n":"Starmint Haribo Sachet bonbons menthe - 200g","p":1.28,"u":"6,40 €/KG","img":"https://fd5-photos.leclercdrive.fr/image.ashx?id=2984889&use=l&cat=p&typeid=i","cat":304252},{"id":47543,"n":"Sucettes Chupa Chups Au fruits, sachet - 192g","p":2.3,"u":"11,98 €/KG","img":"https://fd5-photos.leclercdrive.fr/image.ashx?id=2647651&use=l&cat=p&typeid=i","cat":304252},{"id":47563,"n":"Macédoine de Légumes Bonduelle 265g","p":0.89,"u":"3,36 €/KG","img":"https://fd5-photos.leclercdrive.fr/image.ashx?id=2910007&use=l&cat=p&typeid=i","cat":312612},{"id":47578,"n":"Yaourt de brebis Petit Basque Châtaignes - 2x125g","p":1.79,"u":"7,16 €/KG","img":"https://fd5-photos.leclercdrive.fr/image.ashx?id=2848839&use=l&cat=p&typeid=i","cat":314998},{"id":47592,"n":"Crêpe fourrée Whaou Cracky choco x8 - 256g","p":2.1,"u":"8,20 €/KG","img":"https://fd5-photos.leclercdrive.fr/image.ashx?id=2971029&use=l&cat=p&typeid=i","cat":284494},{"id":47593,"n":"Yaourts Mamie Nova Chocolat - 2x150g","p":1.23,"u":"4,10 €/KG","img":"https://fd5-photos.leclercdrive.fr/image.ashx?id=2909029&use=l&cat=p&typeid=i","cat":285041},{"id":47594,"n":"Yaourts Mamie Nova  Café - 2x150g","p":1.18,"u":"3,93 €/KG","img":"https://fd5-photos.leclercdrive.fr/image.ashx?id=2909035&use=l&cat=p&typeid=i","cat":285041},{"id":47646,"n":"Pâtes Macaroni Panzani  3 Minutes - 500G","p":1.31,"u":"2,62 €/KG","img":"https://fd5-photos.leclercdrive.fr/image.ashx?id=2896081&use=l&cat=p&typeid=i","cat":284427},{"id":47648,"n":"Filets de maquereaux Saupiquet Vin blanc et aromates - 176g","p":1.79,"u":"10,17 €/KG","img":"https://fd5-photos.leclercdrive.fr/image.ashx?id=2829967&use=l&cat=p&typeid=i","cat":303868},{"id":47651,"n":"Huile d'olive bio Soleou Vierge extra caractère - 75cl","p":8.48,"u":"11,31 €/L","img":"https://fd5-photos.leclercdrive.fr/image.ashx?id=2549654&use=l&cat=p&typeid=i","cat":284453},{"id":47657,"n":"Bâtonnets Dentastix Pedigree Grand chien x56 - 2160g","p":15.45,"u":"7,15 €/KG","img":"https://fd5-photos.leclercdrive.fr/image.ashx?id=2980064&use=l&cat=p&typeid=i","cat":294527},{"id":47658,"n":"Bâtonnets  Dentastix Pedigree Petit chien x56 - 880g","p":9.47,"u":"10,76 €/KG","img":"https://fd5-photos.leclercdrive.fr/image.ashx?id=2937787&use=l&cat=p&typeid=i","cat":294527},{"id":47667,"n":"Pâtes Penne Rigate Panzani 3 Minutes - 500G","p":1.1,"u":"2,20 €/KG","img":"https://fd5-photos.leclercdrive.fr/image.ashx?id=2896087&use=l&cat=p&typeid=i","cat":284427},{"id":47668,"n":"Pâtes Spaghetti Panzani Prêt en 3 min - 1kg","p":2.3,"u":"2,30 €/KG","img":"https://fd5-photos.leclercdrive.fr/image.ashx?id=2896102&use=l&cat=p&typeid=i","cat":284427},{"id":47675,"n":"Sardines Connétable Piment - 140g","p":1.75,"u":"12,50 €/KG","img":"https://fd5-photos.leclercdrive.fr/image.ashx?id=2807573&use=l&cat=p&typeid=i","cat":305146},{"id":47681,"n":"Sauce pizza Turini aux tomates et origan - 390g","p":0.99,"u":"2,54 €/KG","img":"https://fd5-photos.leclercdrive.fr/image.ashx?id=2412025&use=l&cat=p&typeid=i","cat":288384},{"id":47685,"n":"Moutarde American Style Heinz Classique - 240g","p":2.13,"u":"8,88 €/KG","img":"https://fd5-photos.leclercdrive.fr/image.ashx?id=2928354&use=l&cat=p&typeid=i","cat":288850},{"id":47686,"n":"Fromage Spécialité Babybel Maxi - 200g","p":1.87,"u":"9,35 €/KG","img":"https://fd5-photos.leclercdrive.fr/image.ashx?id=2806913&use=l&cat=p&typeid=i","cat":314030},{"id":47693,"n":"AOP Saint-Émilion vin rouge Chantet Blanet - 75cl","p":8.95,"u":"11,93 €/L","img":"https://fd5-photos.leclercdrive.fr/image.ashx?id=2848493&use=l&cat=p&typeid=i","cat":289556},{"id":47694,"n":"AOC Sauternes vin blanc Chantet Blanet - 75cl","p":12.99,"u":"17,32 €/L","img":"https://fd5-photos.leclercdrive.fr/image.ashx?id=2748055&use=l&cat=p&typeid=i","cat":289557},{"id":47698,"n":"AOC Madiran vin rouge  Terrasses d'Autan - 75cl","p":4.49,"u":"5,99 €/L","img":"https://fd5-photos.leclercdrive.fr/image.ashx?id=2800270&use=l&cat=p&typeid=i","cat":289556},{"id":47702,"n":"Sirop La Maison Guiot Violette - 70cl","p":2.93,"u":"4,19 €/L","img":"https://fd5-photos.leclercdrive.fr/image.ashx?id=2014832&use=l&cat=p&typeid=i","cat":295020},{"id":47718,"n":"Boisson gourmande PAGO Cocktail Tropical Vitaminé - 75cl","p":1.86,"u":"2,48 €/L","img":"https://fd5-photos.leclercdrive.fr/image.ashx?id=2861854&use=l&cat=p&typeid=i","cat":284917},{"id":47722,"n":"Compotes Pom'Potes Gourdes  Pomme Nature - 12x90g","p":4.24,"u":"3,93 €/KG","img":"https://fd5-photos.leclercdrive.fr/image.ashx?id=2968082&use=l&cat=p&typeid=i","cat":284508},{"id":47724,"n":"Compotes Pom'Potes Gourdes  Sans sucres- 20x90g","p":7.92,"u":"4,40 €/KG","img":"https://fd5-photos.leclercdrive.fr/image.ashx?id=2883408&use=l&cat=p&typeid=i","cat":284508},{"id":47725,"n":"Bière blonde Lime Desperados 3%vol. - 3x33cl","p":4.6,"u":"4,65 €/L","img":"https://fd5-photos.leclercdrive.fr/image.ashx?id=2655868&use=l&cat=p&typeid=i","cat":334878},{"id":47726,"n":"Bière Red Desperados 5.9%vol. - 3x33cl","p":4.75,"u":"4,80 €/L","img":"https://fd5-photos.leclercdrive.fr/image.ashx?id=2918640&use=l&cat=p&typeid=i","cat":334878},{"id":47734,"n":"Huile spécial fondue Cauvin 1L","p":5.0,"u":"5,00 €/L","img":"https://fd5-photos.leclercdrive.fr/image.ashx?id=2484218&use=l&cat=p&typeid=i","cat":284453},{"id":47742,"n":"Lait nuage de lait Régilait Non sucré entier - 10x14g","p":0.97,"u":"6,93 €/KG","img":"https://fd5-photos.leclercdrive.fr/image.ashx?id=2018649&use=l&cat=p&typeid=i","cat":299162},{"id":47760,"n":"Gâteaux moelleux Milka Pépites de chocolat - 140g","p":1.79,"u":"12,79 €/KG","img":"https://fd5-photos.leclercdrive.fr/image.ashx?id=2192581&use=l&cat=p&typeid=i","cat":284495},{"id":47790,"n":"Crottin poitevin NRT Fromage de chèvre - 2x60g","p":3.1,"u":"25,83 €/KG","img":"https://fd5-photos.leclercdrive.fr/image.ashx?id=2932432&use=l&cat=p&typeid=i","cat":314031},{"id":47793,"n":"Cancoillotte aux noix NRT IGP 250g","p":2.09,"u":"8,36 €/KG","img":"https://fd5-photos.leclercdrive.fr/image.ashx?id=2663857&use=l&cat=p&typeid=i","cat":314037},{"id":47794,"n":"Fromage Tomme de Savoie NRT IGP 300g","p":4.29,"u":"14,30 €/KG","img":"https://fd5-photos.leclercdrive.fr/image.ashx?id=2934835&use=l&cat=p&typeid=i","cat":329184},{"id":47796,"n":"Papier toilette humide Lotus Pure - x42 feuilles","p":1.61,"u":"0,04 €/P","img":"https://fd5-photos.leclercdrive.fr/image.ashx?id=2866070&use=l&cat=p&typeid=i","cat":284634},{"id":47797,"n":"Papier toilette Lotus Confort Blanc - Aquatube - x12","p":3.67,"u":"0,31 €/P","img":"https://fd5-photos.leclercdrive.fr/image.ashx?id=3002213&use=l&cat=p&typeid=i","cat":284634},{"id":47801,"n":"Pizza 4 fromages à cuire 600g","p":7.95,"u":"13,25 €/KG","img":"https://fd5-photos.leclercdrive.fr/image.ashx?id=2124386&use=l&cat=p&typeid=i","cat":333679},{"id":47811,"n":"Shampooing femme Gliss Color brillance - 250ml","p":2.58,"u":"10,32 €/L","img":"https://fd5-photos.leclercdrive.fr/image.ashx?id=2614615&use=l&cat=p&typeid=i","cat":284606},{"id":47812,"n":"Shampooing Gliss Ultimate  Cheveux sec flacon - 250ml","p":2.51,"u":"10,04 €/L","img":"https://fd5-photos.leclercdrive.fr/image.ashx?id=2868933&use=l&cat=p&typeid=i","cat":284606},{"id":47838,"n":"Speck Montorsi 100g","p":2.59,"u":"25,90 €/KG","img":"https://fd5-photos.leclercdrive.fr/image.ashx?id=2525843&use=l&cat=p&typeid=i","cat":316007},{"id":47839,"n":"Prosciutto Montorsi 90g","p":2.92,"u":"32,44 €/KG","img":"https://fd5-photos.leclercdrive.fr/image.ashx?id=2525849&use=l&cat=p&typeid=i","cat":316007},{"id":47841,"n":"Crème glacée l'Angélys Café - 450g","p":4.4,"u":"9,78 €/KG","img":"https://fd5-photos.leclercdrive.fr/image.ashx?id=2963568&use=l&cat=p&typeid=i","cat":284263},{"id":47843,"n":"Cordon bleu poulet Maître Coq 1kg","p":5.85,"u":"5,85 €/KG","img":"https://fd5-photos.leclercdrive.fr/image.ashx?id=2939475&use=l&cat=p&typeid=i","cat":319780},{"id":47865,"n":"Apéritif Lillet Rosé à base de vin 17% vol 75cl","p":13.58,"u":"18,11 €/L","img":"https://fd5-photos.leclercdrive.fr/image.ashx?id=2946493&use=l&cat=p&typeid=i","cat":304569},{"id":47866,"n":"Apéritif Lillet Blanc à base de vin 17% vol 75cl","p":12.5,"u":"16,67 €/L","img":"https://fd5-photos.leclercdrive.fr/image.ashx?id=2998922&use=l&cat=p&typeid=i","cat":304569},{"id":47926,"n":"Ktipiti Extra L'atelier blini - 175g","p":2.56,"u":"14,63 €/KG","img":"https://fd5-photos.leclercdrive.fr/image.ashx?id=2973706&use=l&cat=p&typeid=i","cat":315999},{"id":47927,"n":"Blinis Cocktail Blini x16 - 135g","p":1.69,"u":"12,52 €/KG","img":"https://fd5-photos.leclercdrive.fr/image.ashx?id=2947952&use=l&cat=p&typeid=i","cat":285191},{"id":47936,"n":"Saumon fumé de  l'atlantique   200g","p":6.56,"u":"32,80 €/KG","img":"https://fd5-photos.leclercdrive.fr/image.ashx?id=2506137&use=l&cat=p&typeid=i","cat":285188},{"id":48003,"n":"Boisson à base de thé Arizona Mangue - 50cl","p":1.29,"u":"2,58 €/L","img":"https://fd5-photos.leclercdrive.fr/image.ashx?id=2188986&use=l&cat=p&typeid=i","cat":295019},{"id":48007,"n":"Vin mousseux de France Kriter blanc Demi-sec - 75cl","p":5.16,"u":"6,88 €/L","img":"https://fd5-photos.leclercdrive.fr/image.ashx?id=2840871&use=l&cat=p&typeid=i","cat":284544},{"id":48029,"n":"Sirop Moulin de Valdonne Pêche blanche - 70cl","p":3.35,"u":"4,79 €/L","img":"https://fd5-photos.leclercdrive.fr/image.ashx?id=2842678&use=l&cat=p&typeid=i","cat":295020},{"id":48030,"n":"Bâtonnets surimi Fleury Michon  Fromage et herbes MSC x16 -256g","p":3.53,"u":"13,79 €/KG","img":"https://fd5-photos.leclercdrive.fr/image.ashx?id=2936944&use=l&cat=p&typeid=i","cat":285189},{"id":48048,"n":"Flan bio les 2 vaches Vanille caramel - 4x100g","p":1.86,"u":"4,65 €/KG","img":"https://fd5-photos.leclercdrive.fr/image.ashx?id=2735446&use=l&cat=p&typeid=i","cat":284420},{"id":48055,"n":"Hachis parmentier Marie  1kg","p":5.06,"u":"5,06 €/KG","img":"https://fd5-photos.leclercdrive.fr/image.ashx?id=2993385&use=l&cat=p&typeid=i","cat":284254},{"id":48079,"n":"Vinaigre de Cidre MAILLE au jus de pomme concentré 50cl","p":2.12,"u":"4,24 €/L","img":"https://fd5-photos.leclercdrive.fr/image.ashx?id=2945421&use=l&cat=p&typeid=i","cat":298543},{"id":48104,"n":"Sardines Parmentier Huile d'olive/hyacinte - 232g","p":3.17,"u":"13,66 €/KG","img":"https://fd5-photos.leclercdrive.fr/image.ashx?id=2826519&use=l&cat=p&typeid=i","cat":305146},{"id":48107,"n":"Thon mariné Petit Navire Citron/thym - 110g","p":2.0,"u":"18,18 €/KG","img":"https://fd5-photos.leclercdrive.fr/image.ashx?id=2986122&use=l&cat=p&typeid=i","cat":303867},{"id":48112,"n":"Poivre noir moulu Ducros Fort, N°9 - 35g","p":3.19,"u":"91,14 €/KG","img":"https://fd5-photos.leclercdrive.fr/image.ashx?id=2486593&use=l&cat=p&typeid=i","cat":284457},{"id":48113,"n":"Thym Ducros Flacon - 14g","p":2.12,"u":"151,43 €/KG","img":"https://fd5-photos.leclercdrive.fr/image.ashx?id=2983210&use=l&cat=p&typeid=i","cat":298297},{"id":48114,"n":"Persil Ducros 5g","p":1.4,"u":"280,00 €/KG","img":"https://fd5-photos.leclercdrive.fr/image.ashx?id=2490503&use=l&cat=p&typeid=i","cat":298297},{"id":48118,"n":"Whisky Glenmorangie Original 10ans - 40%vol - 70cl","p":28.18,"u":"40,26 €/L","img":"https://fd5-photos.leclercdrive.fr/image.ashx?id=2525408&use=l&cat=p&typeid=i","cat":284547},{"id":48123,"n":"IGP Pâte Radiatori Garofalo Festives - 500g","p":2.6,"u":"5,20 €/KG","img":"https://fd5-photos.leclercdrive.fr/image.ashx?id=2994560&use=l&cat=p&typeid=i","cat":284427},{"id":48126,"n":"Sachets congelation Alfapac Petit modèle  X50","p":1.41,"u":"0,03 €/P","img":"https://fd5-photos.leclercdrive.fr/image.ashx?id=2918694&use=l&cat=p&typeid=i","cat":334134},{"id":48128,"n":"Sachets congélation Alfapac Grand modèle x25","p":2.14,"u":"0,09 €/P","img":"https://fd5-photos.leclercdrive.fr/image.ashx?id=2918697&use=l&cat=p&typeid=i","cat":334134},{"id":48152,"n":"Ecrasé de pdt Florette Huile d'olive - 2x200g","p":2.92,"u":"7,49 €/KG","img":"https://fd5-photos.leclercdrive.fr/image.ashx?id=2795144&use=l&cat=p&typeid=i","cat":333665},{"id":48164,"n":"Barres céréales Extra Kellogg's Chocolat et Amande - 4x32g","p":3.05,"u":"23,83 €/KG","img":"https://fd5-photos.leclercdrive.fr/image.ashx?id=2736601&use=l&cat=p&typeid=i","cat":285869},{"id":48167,"n":"Dosettes café Plantation  Doux - x36 - 250g","p":3.83,"u":"15,32 €/KG","img":"https://fd5-photos.leclercdrive.fr/image.ashx?id=2622121&use=l&cat=p&typeid=i","cat":293238},{"id":48179,"n":"Tendre de boeuf Charal  240g","p":6.42,"u":"26,75 €/KG","img":"https://fd5-photos.leclercdrive.fr/image.ashx?id=2915958&use=l&cat=p&typeid=i","cat":284328},{"id":48200,"n":"Rillettes de poulet rôti Bordeau Chesnel - 220g","p":2.28,"u":"10,36 €/KG","img":"https://fd5-photos.leclercdrive.fr/image.ashx?id=2855046&use=l&cat=p&typeid=i","cat":316008},{"id":48203,"n":"Olives vertes Croc'frais A l'orientale Dénoyautées 200g","p":2.59,"u":"12,95 €/KG","img":"https://fd5-photos.leclercdrive.fr/image.ashx?id=2833702&use=l&cat=p&typeid=i","cat":316002},{"id":48210,"n":"Pâte d'amande Maître Prunille Tricolore - 250g","p":2.28,"u":"9,12 €/KG","img":"https://fd5-photos.leclercdrive.fr/image.ashx?id=2248330&use=l&cat=p&typeid=i","cat":284504},{"id":48211,"n":"Mélange de saison Florette 320g","p":2.63,"u":"8,22 €/KG","img":"https://fd5-photos.leclercdrive.fr/image.ashx?id=2844055&use=l&cat=p&typeid=i","cat":284353},{"id":48226,"n":"Petit Pois, Carotte Cassegrain Tendres et Fondants 130g","p":1.17,"u":"9,00 €/KG","img":"https://fd5-photos.leclercdrive.fr/image.ashx?id=2912977&use=l&cat=p&typeid=i","cat":312607},{"id":48255,"n":"Recharge EasyWax Expert Veet Bras Jambes Peaux Normales 50ml","p":6.94,"u":"138,80 €/L","img":"https://fd5-photos.leclercdrive.fr/image.ashx?id=2970789&use=l&cat=p&typeid=i","cat":325351},{"id":48258,"n":"Croquettes chat Ultima Stérilisé - Saumon - 3kg","p":10.31,"u":"3,44 €/KG","img":"https://fd5-photos.leclercdrive.fr/image.ashx?id=2922221&use=l&cat=p&typeid=i","cat":284680},{"id":48266,"n":"Rhum blanc Trois Rivières  50%vol - 1L","p":17.9,"u":"17,90 €/L","img":"https://fd5-photos.leclercdrive.fr/image.ashx?id=2936656&use=l&cat=p&typeid=i","cat":284550},{"id":48267,"n":"Rhum ambré Saint James 45%vol - 70cl","p":14.24,"u":"20,34 €/L","img":"https://fd5-photos.leclercdrive.fr/image.ashx?id=2970945&use=l&cat=p&typeid=i","cat":284550},{"id":48268,"n":"Gin Gordon's 37.5%vol - 70cl","p":15.13,"u":"21,61 €/L","img":"https://fd5-photos.leclercdrive.fr/image.ashx?id=2736388&use=l&cat=p&typeid=i","cat":284550},{"id":48269,"n":"Vodka Poliakov 37.5%vol - 1.5L","p":22.42,"u":"14,95 €/L","img":"https://fd5-photos.leclercdrive.fr/image.ashx?id=2276399&use=l&cat=p&typeid=i","cat":284550},{"id":48270,"n":"Whisky Tullamore Dew 40%vol - 70cl","p":17.18,"u":"24,54 €/L","img":"https://fd5-photos.leclercdrive.fr/image.ashx?id=2864801&use=l&cat=p&typeid=i","cat":284547},{"id":48272,"n":"Liqueur de menthe Get 31 24° - 70cl","p":14.08,"u":"20,11 €/L","img":"https://fd5-photos.leclercdrive.fr/image.ashx?id=2840497&use=l&cat=p&typeid=i","cat":286032},{"id":48277,"n":"Coloration cheveux Kit Racines Schwarzkopf - R1 châtain clair","p":6.8,"img":"https://fd5-photos.leclercdrive.fr/image.ashx?id=2817482&use=l&cat=p&typeid=i","cat":288899},{"id":48281,"n":"Crème max nourrissante Nivea 200ml","p":3.37,"u":"16,85 €/L","img":"https://fd5-photos.leclercdrive.fr/image.ashx?id=3007894&use=l&cat=p&typeid=i","cat":325350},{"id":48286,"n":"Mousse au chocolat Marie Morin 400g","p":7.24,"u":"18,10 €/KG","img":"https://fd5-photos.leclercdrive.fr/image.ashx?id=2633064&use=l&cat=p&typeid=i","cat":284417},{"id":48294,"n":"Rillettes du Mans La Véritable Bordeau Chesnel - 110g","p":1.81,"u":"16,45 €/KG","img":"https://fd5-photos.leclercdrive.fr/image.ashx?id=1933083&use=l&cat=p&typeid=i","cat":316008},{"id":48306,"n":"IGP Pays d'Oc rosé Grenache Les Ormes de Cambras 11.5% 75cl","p":2.63,"u":"3,51 €/L","img":"https://fd5-photos.leclercdrive.fr/image.ashx?id=2285234&use=l&cat=p&typeid=i","cat":289558},{"id":48307,"n":"IGP Pays d'Oc rosé Grenache Les Ormes de Cambras - BIB 5L","p":17.0,"u":"3,40 €/L","img":"https://fd5-photos.leclercdrive.fr/image.ashx?id=2489458&use=l&cat=p&typeid=i","cat":289560},{"id":48309,"n":"Bière aromatisée Skøll Vodka et agrumes - 3x33cl","p":3.3,"u":"3,33 €/L","img":"https://fd5-photos.leclercdrive.fr/image.ashx?id=2803556&use=l&cat=p&typeid=i","cat":334878},{"id":48310,"n":"Concentré à diluer Pulco Citron vert - 70cl","p":2.31,"u":"3,30 €/L","img":"https://fd5-photos.leclercdrive.fr/image.ashx?id=2686630&use=l&cat=p&typeid=i","cat":295020},{"id":48311,"n":"Concentré à diluer Pulco Orange Citron - 70cl","p":2.36,"u":"3,37 €/L","img":"https://fd5-photos.leclercdrive.fr/image.ashx?id=2686633&use=l&cat=p&typeid=i","cat":295020},{"id":48312,"n":"Eau minérale gazeuse Perrier  Fines bulles - 6x50cl","p":3.48,"u":"1,16 €/L","img":"https://fd5-photos.leclercdrive.fr/image.ashx?id=2737021&use=l&cat=p&typeid=i","cat":284536},{"id":48314,"n":"Spécialité laitière Délisse Oncteux Stracciatella - 4x120g","p":1.76,"u":"3,67 €/KG","img":"https://fd5-photos.leclercdrive.fr/image.ashx?id=2554834&use=l&cat=p&typeid=i","cat":314999},{"id":48339,"n":"Chocolat au lait Lindt  Praliné Noisette - 100g","p":1.86,"u":"18,60 €/KG","img":"https://fd5-photos.leclercdrive.fr/image.ashx?id=2751321&use=l&cat=p&typeid=i","cat":284497},{"id":48348,"n":"Chocolat au lait Lindt Création Caramel - 150g","p":2.95,"u":"19,67 €/KG","img":"https://fd5-photos.leclercdrive.fr/image.ashx?id=2685814&use=l&cat=p&typeid=i","cat":284497},{"id":48352,"n":"Tablette de chocolat noir Lindt Orange intense - 100g","p":2.16,"u":"21,60 €/KG","img":"https://fd5-photos.leclercdrive.fr/image.ashx?id=2689496&use=l&cat=p&typeid=i","cat":284956},{"id":48353,"n":"Tablette de chocolat noir Lindt 70% cacao - 100g","p":2.15,"u":"21,50 €/KG","img":"https://fd5-photos.leclercdrive.fr/image.ashx?id=2681592&use=l&cat=p&typeid=i","cat":284956},{"id":48354,"n":"Tablette de chocolat noir Lindt 85% cacao - 100g","p":2.15,"u":"21,50 €/KG","img":"https://fd5-photos.leclercdrive.fr/image.ashx?id=2681589&use=l&cat=p&typeid=i","cat":284956},{"id":48355,"n":"Tablette de chocolat noir Lindt Caramel Pointe de sel - 100g","p":2.16,"u":"21,60 €/KG","img":"https://fd5-photos.leclercdrive.fr/image.ashx?id=2689493&use=l&cat=p&typeid=i","cat":284956},{"id":48373,"n":"Démélant Petit Manava Pour enfants, spray - 200ml","p":2.05,"u":"10,25 €/L","img":"https://fd5-photos.leclercdrive.fr/image.ashx?id=2713655&use=l&cat=p&typeid=i","cat":284608},{"id":48376,"n":"Café moulu Velours Noir 100% Arabica - 2x250g","p":10.04,"u":"20,08 €/KG","img":"https://fd5-photos.leclercdrive.fr/image.ashx?id=2229299&use=l&cat=p&typeid=i","cat":284750},{"id":48378,"n":"Café moulu Jacques Vabre Brésil 100% Arabica - 250g","p":4.32,"u":"17,28 €/KG","img":"https://fd5-photos.leclercdrive.fr/image.ashx?id=2100380&use=l&cat=p&typeid=i","cat":284750},{"id":48383,"n":"Gel Lubrifiant Massage 2 en 1 Durex Sensuel Ylang Ylang 200ml","p":8.31,"u":"41,55 €/L","img":"https://fd5-photos.leclercdrive.fr/image.ashx?id=2736562&use=l&cat=p&typeid=i","cat":285160},{"id":48392,"n":"Boules en cire naturelle Quies x12 paires","p":4.04,"u":"0,34 €/P","img":"https://fd5-photos.leclercdrive.fr/image.ashx?id=2159502&use=l&cat=p&typeid=i","cat":284630},{"id":48399,"n":"Chaussettes unie Tissaia Sport 27/30 x3","p":3.35,"u":"1,12 €/P","img":"https://fd5-photos.leclercdrive.fr/image.ashx?id=850155&use=l&cat=p&typeid=i","cat":334130},{"id":48400,"n":"Chaussettes unie Tissaia Sport, 31/35 x3","p":3.35,"u":"1,12 €/P","img":"https://fd5-photos.leclercdrive.fr/image.ashx?id=850151&use=l&cat=p&typeid=i","cat":334130},{"id":48403,"n":"Chaussettes unie Tissaia Sport, 27/30  x3","p":3.35,"u":"1,12 €/P","img":"https://fd5-photos.leclercdrive.fr/image.ashx?id=1949327&use=l&cat=p&typeid=i","cat":334130},{"id":48404,"n":"Chaussettes unie Tissaia Sport, 31/35 x3","p":3.35,"u":"1,12 €/P","img":"https://fd5-photos.leclercdrive.fr/image.ashx?id=849676&use=l&cat=p&typeid=i","cat":334130},{"id":48419,"n":"AOP Alsace Riesling blanc Wolfberger - 75cl","p":6.5,"pp":4.87,"u":"6,49 €/L","img":"https://fd5-photos.leclercdrive.fr/image.ashx?id=2905357&use=l&cat=p&typeid=i","cat":289557},{"id":48421,"n":"AOP Alsace Gewurztraminer blanc Wolfberger 13,5% - 75cl","p":7.85,"pp":5.89,"u":"7,85 €/L","img":"https://fd5-photos.leclercdrive.fr/image.ashx?id=2936368&use=l&cat=p&typeid=i","cat":289557},{"id":48429,"n":"AOP Corse rosé Terra Nostra - 75cl","p":8.65,"u":"11,53 €/L","img":"https://fd5-photos.leclercdrive.fr/image.ashx?id=2217563&use=l&cat=p&typeid=i","cat":289558},{"id":48471,"n":"Mélange 5 baies n°5 Ducros 70g","p":4.25,"u":"60,71 €/KG","img":"https://fd5-photos.leclercdrive.fr/image.ashx?id=2486602&use=l&cat=p&typeid=i","cat":284457},{"id":48480,"n":"Epices mexicaine Sainte Lucie Chili con carne - 30g","p":1.42,"u":"47,33 €/KG","img":"https://fd5-photos.leclercdrive.fr/image.ashx?id=1951229&use=l&cat=p&typeid=i","cat":298297},{"id":48504,"n":"Faux filet *** Charal  x1 - 200g","p":6.58,"u":"32,90 €/KG","img":"https://fd5-photos.leclercdrive.fr/image.ashx?id=1893008&use=l&cat=p&typeid=i","cat":284328},{"id":48511,"n":"Menagère poivre blanc  Ducros N° 8 - 90g","p":4.55,"u":"50,56 €/KG","img":"https://fd5-photos.leclercdrive.fr/image.ashx?id=2559481&use=l&cat=p&typeid=i","cat":284457},{"id":48512,"n":"Poivre noir n°6 Ducros Moulin - 28g","p":3.23,"u":"115,36 €/KG","img":"https://fd5-photos.leclercdrive.fr/image.ashx?id=2559472&use=l&cat=p&typeid=i","cat":284457},{"id":48513,"n":"Poivre noir n°6 Ducros Grains - 90g","p":4.07,"u":"45,22 €/KG","img":"https://fd5-photos.leclercdrive.fr/image.ashx?id=2473336&use=l&cat=p&typeid=i","cat":284457},{"id":48515,"n":"Coriandre Ducros Moulue - 32g","p":1.32,"u":"41,25 €/KG","img":"https://fd5-photos.leclercdrive.fr/image.ashx?id=2490497&use=l&cat=p&typeid=i","cat":298297},{"id":48520,"n":"Epices Sainte Lucie Poulet tandoori - 30g","p":1.34,"u":"44,67 €/KG","img":"https://fd5-photos.leclercdrive.fr/image.ashx?id=1952045&use=l&cat=p&typeid=i","cat":298297},{"id":48521,"n":"Oignon semoule Sainte Lucie 40g","p":1.45,"u":"36,25 €/KG","img":"https://fd5-photos.leclercdrive.fr/image.ashx?id=2774415&use=l&cat=p&typeid=i","cat":298297},{"id":48523,"n":"Romarin Sainte Lucie Feuilles coupées - 32g","p":1.61,"u":"50,31 €/KG","img":"https://fd5-photos.leclercdrive.fr/image.ashx?id=2775092&use=l&cat=p&typeid=i","cat":298297},{"id":48525,"n":"Tomato Ketchup Heinz - 700g","p":2.64,"u":"3,77 €/KG","img":"https://fd5-photos.leclercdrive.fr/image.ashx?id=2729326&use=l&cat=p&typeid=i","cat":284455},{"id":48546,"n":"Goûter laitier Récré O'Lé  ChocoVanille, Caramel -12x85g","p":6.12,"u":"6,00 €/KG","img":"https://fd5-photos.leclercdrive.fr/image.ashx?id=3011611&use=l&cat=p&typeid=i","cat":284506},{"id":48564,"n":"Céréales Bio Hipp - Dès 4/6mois 100% céréales - 250g","p":2.5,"u":"10,00 €/KG","img":"https://fd5-photos.leclercdrive.fr/image.ashx?id=2929077&use=l&cat=p&typeid=i","cat":312225},{"id":48575,"n":"Lasagnes bolognaise bio HippBio 250g","p":2.11,"u":"8,44 €/KG","img":"https://fd5-photos.leclercdrive.fr/image.ashx?id=2929080&use=l&cat=p&typeid=i","cat":312238},{"id":48593,"n":"Galettes de riz Hipp Bio A la pomme - 30g","p":1.24,"u":"41,33 €/KG","img":"https://fd5-photos.leclercdrive.fr/image.ashx?id=2927606&use=l&cat=p&typeid=i","cat":312227},{"id":48595,"n":"Gourdes Bio bébé Hipp 4 variétés - 6 mois - 8x90g","p":6.17,"u":"8,57 €/KG","img":"https://fd5-photos.leclercdrive.fr/image.ashx?id=2904416&use=l&cat=p&typeid=i","cat":312393},{"id":48596,"n":"Gourdes Bio bébé Hipp  4 variétés - 8x90g","p":6.27,"u":"8,71 €/KG","img":"https://fd5-photos.leclercdrive.fr/image.ashx?id=3000357&use=l&cat=p&typeid=i","cat":312393},{"id":48598,"n":"Cannelloni bio Hipp Bio Aux légumes - 250g","p":2.09,"u":"8,36 €/KG","img":"https://fd5-photos.leclercdrive.fr/image.ashx?id=2929083&use=l&cat=p&typeid=i","cat":312238},{"id":48602,"n":"Repas du soir Babybio 12 mois Légumes vert Bio - 400g","p":2.69,"u":"6,73 €/KG","img":"https://fd5-photos.leclercdrive.fr/image.ashx?id=2834524&use=l&cat=p&typeid=i","cat":312239},{"id":48603,"n":"Farine de blé Francine 1,4kg","p":1.73,"u":"1,24 €/KG","img":"https://fd5-photos.leclercdrive.fr/image.ashx?id=2881308&use=l&cat=p&typeid=i","cat":284503},{"id":48604,"n":"Farine fluide Francine 1.4kg","p":1.8,"u":"1,29 €/KG","img":"https://fd5-photos.leclercdrive.fr/image.ashx?id=2881305&use=l&cat=p&typeid=i","cat":284503},{"id":48611,"n":"Plat bébé soir Blédiner 12 mois Pâtes légumes - 2x200g","p":2.04,"u":"5,10 €/KG","img":"https://fd5-photos.leclercdrive.fr/image.ashx?id=2975068&use=l&cat=p&typeid=i","cat":312239},{"id":48615,"n":"Coton Demak'up Duo disque x108","p":1.61,"u":"0,01 €/P","img":"https://fd5-photos.leclercdrive.fr/image.ashx?id=2791461&use=l&cat=p&typeid=i","cat":285593},{"id":48646,"n":"Soda à l'orange Orangina Sans Sucres - 6x33cl","p":3.83,"u":"1,93 €/L","img":"https://fd5-photos.leclercdrive.fr/image.ashx?id=2946931&use=l&cat=p&typeid=i","cat":284532},{"id":48697,"n":"Sachet chat Purina One Sterillcat - 8x85g","p":3.54,"u":"5,21 €/KG","img":"https://fd5-photos.leclercdrive.fr/image.ashx?id=2899695&use=l&cat=p&typeid=i","cat":285286},{"id":48698,"n":"Croquettes chat Purina One Stérilisé/Intérieur-Poulet1.5kg","p":6.72,"u":"4,48 €/KG","img":"https://fd5-photos.leclercdrive.fr/image.ashx?id=2681257&use=l&cat=p&typeid=i","cat":284680},{"id":48704,"n":"Boîte chat Whiskas Gelée du pêcheur - 4x390g","p":4.55,"u":"2,92 €/KG","img":"https://fd5-photos.leclercdrive.fr/image.ashx?id=2759622&use=l&cat=p&typeid=i","cat":285601},{"id":48711,"n":"Friandises chien Fido  Dental Delicious - 130g","p":1.93,"u":"14,85 €/KG","img":"https://fd5-photos.leclercdrive.fr/image.ashx?id=2361614&use=l&cat=p&typeid=i","cat":294527},{"id":48715,"n":"Poires demi-fruits Eco+ Sirop léger - 455 g","p":1.67,"u":"3,67 €/KG","img":"https://fd5-photos.leclercdrive.fr/image.ashx?id=2783008&use=l&cat=p&typeid=i","cat":284507},{"id":48717,"n":"Barquettes chats Gourmet Gold Les mousselines - 24x85g","p":10.29,"u":"5,04 €/KG","img":"https://fd5-photos.leclercdrive.fr/image.ashx?id=2861500&use=l&cat=p&typeid=i","cat":285286},{"id":48720,"n":"Poêlée parisienne D'aucy  580g","p":3.22,"u":"5,55 €/KG","img":"https://fd5-photos.leclercdrive.fr/image.ashx?id=2835256&use=l&cat=p&typeid=i","cat":312612},{"id":48721,"n":"Poêlée jardinière D'aucy  580g","p":2.76,"u":"4,76 €/KG","img":"https://fd5-photos.leclercdrive.fr/image.ashx?id=2582816&use=l&cat=p&typeid=i","cat":312612},{"id":48725,"n":"Légumes pour Couscous D'Aucy Orientale - 800g","p":1.7,"u":"2,13 €/KG","img":"https://fd5-photos.leclercdrive.fr/image.ashx?id=2577800&use=l&cat=p&typeid=i","cat":312612},{"id":48734,"n":"Grand duc Ducros Touch'salade Provençale -180g","p":5.43,"u":"30,17 €/KG","img":"https://fd5-photos.leclercdrive.fr/image.ashx?id=1637670&use=l&cat=p&typeid=i","cat":298297},{"id":48744,"n":"Pulpe de  tomate Turini  Nature - 390g","p":1.59,"u":"4,08 €/KG","img":"https://fd5-photos.leclercdrive.fr/image.ashx?id=2181810&use=l&cat=p&typeid=i","cat":288384},{"id":48745,"n":"Chocolat Pâtissier Nestlé Dessert Lait - 170g","p":2.85,"u":"16,76 €/KG","img":"https://fd5-photos.leclercdrive.fr/image.ashx?id=2961242&use=l&cat=p&typeid=i","cat":285562},{"id":48777,"n":"Confiture Confipote allégée en  Sucres - Pot Fraise - 350g","p":1.79,"u":"5,11 €/KG","img":"https://fd5-photos.leclercdrive.fr/image.ashx?id=2388436&use=l&cat=p&typeid=i","cat":284480},{"id":48786,"n":"Chocolat noir Bio Ethiquable  75% Nicaragua - 100g","p":2.71,"u":"27,10 €/KG","img":"https://fd5-photos.leclercdrive.fr/image.ashx?id=2870884&use=l&cat=p&typeid=i","cat":284956},{"id":48787,"n":"Chocolat noir Bio Ethiquable  Quinoa - 100g","p":2.66,"u":"26,60 €/KG","img":"https://fd5-photos.leclercdrive.fr/image.ashx?id=2870854&use=l&cat=p&typeid=i","cat":284956},{"id":48788,"n":"Céréales lentilles Jardin Bio Sachet express bio - 250g","p":1.95,"u":"7,80 €/KG","img":"https://fd5-photos.leclercdrive.fr/image.ashx?id=2159820&use=l&cat=p&typeid=i","cat":284953},{"id":48803,"n":"Confiture Confipote allégée en  Sucres - Pot Abricot - 350g","p":1.75,"u":"5,00 €/KG","img":"https://fd5-photos.leclercdrive.fr/image.ashx?id=2120959&use=l&cat=p&typeid=i","cat":284480},{"id":48806,"n":"Tomates pelées bio Jardin Bio - 480g","p":2.57,"u":"5,35 €/KG","img":"https://fd5-photos.leclercdrive.fr/image.ashx?id=2535571&use=l&cat=p&typeid=i","cat":288384},{"id":48807,"n":"Tartines bio Jardin Bio  Craquantes avoine - 150g","p":2.17,"u":"14,47 €/KG","img":"https://fd5-photos.leclercdrive.fr/image.ashx?id=2849187&use=l&cat=p&typeid=i","cat":318654},{"id":48809,"n":"Tartines bio Jardin Bio Craquantes au sarrasin - 300g","p":4.21,"u":"14,03 €/KG","img":"https://fd5-photos.leclercdrive.fr/image.ashx?id=2535562&use=l&cat=p&typeid=i","cat":284479},{"id":48810,"n":"Tortillas chili Jardin Bio Sans gluten bio - 125g","p":2.28,"u":"18,24 €/KG","img":"https://fd5-photos.leclercdrive.fr/image.ashx?id=2959475&use=l&cat=p&typeid=i","cat":318654},{"id":48811,"n":"Tortillas nature Jardin Bio Sans gluten bio - 125g","p":2.26,"u":"18,08 €/KG","img":"https://fd5-photos.leclercdrive.fr/image.ashx?id=2537643&use=l&cat=p&typeid=i","cat":318654},{"id":48817,"n":"Lait sucré Régilait Caramel beurre salé - 300g","p":3.17,"u":"10,57 €/KG","img":"https://fd5-photos.leclercdrive.fr/image.ashx?id=2018640&use=l&cat=p&typeid=i","cat":299162},{"id":48822,"n":"Friandises chat Catisfactions Saumon - 180g","p":2.88,"u":"16,00 €/KG","img":"https://fd5-photos.leclercdrive.fr/image.ashx?id=2912527&use=l&cat=p&typeid=i","cat":285285},{"id":48823,"n":"Haché Végétal bio Céréal Bio Façon Bolognaise au Soja 250g","p":2.75,"u":"11,00 €/KG","img":"https://fd5-photos.leclercdrive.fr/image.ashx?id=2575090&use=l&cat=p&typeid=i","cat":287600},{"id":48839,"n":"Lait concentré Régilait Non sucré, demi écrémé - 410g","p":1.56,"u":"3,80 €/KG","img":"https://fd5-photos.leclercdrive.fr/image.ashx?id=2405863&use=l&cat=p&typeid=i","cat":299162},{"id":48843,"n":"Préparation gâteau Nestlé Fondant chocolat - 317g","p":4.63,"u":"14,61 €/KG","img":"https://fd5-photos.leclercdrive.fr/image.ashx?id=2848379&use=l&cat=p&typeid=i","cat":284505},{"id":48844,"n":"Préparation gâteau Nestlé Moelleux chocolat - 344g","p":4.63,"u":"13,46 €/KG","img":"https://fd5-photos.leclercdrive.fr/image.ashx?id=2848376&use=l&cat=p&typeid=i","cat":284505},{"id":48846,"n":"Purée tomate bio Jardin Bio 200g","p":0.87,"u":"4,35 €/KG","img":"https://fd5-photos.leclercdrive.fr/image.ashx?id=2535034&use=l&cat=p&typeid=i","cat":288384},{"id":48849,"n":"Palmier bio Jardin Bio Pur beurre - 100g","p":1.85,"u":"18,50 €/KG","img":"https://fd5-photos.leclercdrive.fr/image.ashx?id=2190347&use=l&cat=p&typeid=i","cat":284487},{"id":48856,"n":"Huile de tournesol Ethiquable Origine Du Gers Bio - 75cl","p":4.9,"u":"6,53 €/L","img":"https://fd5-photos.leclercdrive.fr/image.ashx?id=2944218&use=l&cat=p&typeid=i","cat":284453},{"id":48859,"n":"Farine de blé épéautre du Gers  Bio 1kg","p":3.38,"u":"3,38 €/KG","img":"https://fd5-photos.leclercdrive.fr/image.ashx?id=2968406&use=l&cat=p&typeid=i","cat":284503},{"id":48862,"n":"Farine de blé semi complète  Gers Bio 1kg","p":2.89,"u":"2,89 €/KG","img":"https://fd5-photos.leclercdrive.fr/image.ashx?id=2916249&use=l&cat=p&typeid=i","cat":288382},{"id":48870,"n":"Infusion bio Jardin Bio Thym de France x20 - 28g","p":2.37,"u":"84,64 €/KG","img":"https://fd5-photos.leclercdrive.fr/image.ashx?id=2792840&use=l&cat=p&typeid=i","cat":293234},{"id":48875,"n":"Décor pour gateaux Vahiné Spécial anniversaire - x1","p":1.46,"img":"https://fd5-photos.leclercdrive.fr/image.ashx?id=2833345&use=l&cat=p&typeid=i","cat":284504},{"id":48877,"n":"Récré O'lé Mont Blanc - 12x85g Choco/Caramel/Biscuit/Brownie","p":5.14,"u":"5,04 €/KG","img":"https://fd5-photos.leclercdrive.fr/image.ashx?id=3011608&use=l&cat=p&typeid=i","cat":284506},{"id":48879,"n":"Purée de piment Tables du Monde - 100g","p":1.19,"u":"11,90 €/KG","img":"https://fd5-photos.leclercdrive.fr/image.ashx?id=2679744&use=l&cat=p&typeid=i","cat":288992},{"id":48890,"n":"Pâtes De Cecco  Fusilli n°34 - 500g","p":1.67,"u":"3,34 €/KG","img":"https://fd5-photos.leclercdrive.fr/image.ashx?id=3004441&use=l&cat=p&typeid=i","cat":284427},{"id":48891,"n":"Pâtes De Cecco Penne rigate n°41 - 500g","p":1.95,"u":"3,90 €/KG","img":"https://fd5-photos.leclercdrive.fr/image.ashx?id=3005359&use=l&cat=p&typeid=i","cat":284427},{"id":48899,"n":"Pâtes De Cecco Orechiette   n°91 - 500g","p":2.17,"u":"4,34 €/KG","img":"https://fd5-photos.leclercdrive.fr/image.ashx?id=2956661&use=l&cat=p&typeid=i","cat":284427},{"id":48900,"n":"Corned beef gelée Dolo 340g","p":4.08,"u":"12,00 €/KG","img":"https://fd5-photos.leclercdrive.fr/image.ashx?id=3008047&use=l&cat=p&typeid=i","cat":305149},{"id":48915,"n":"Sauce Arôme Maggi 1kg","p":5.7,"u":"5,70 €/KG","img":"https://fd5-photos.leclercdrive.fr/image.ashx?id=2785352&use=l&cat=p&typeid=i","cat":288379},{"id":48977,"n":"Sauce brazil Colona Tube - 500ml","p":2.83,"u":"5,15 €/L","img":"https://fd5-photos.leclercdrive.fr/image.ashx?id=2179064&use=l&cat=p&typeid=i","cat":318431},{"id":48993,"n":"Sauce Samouraï Colona Tube - 500ml","p":2.65,"u":"5,30 €/L","img":"https://fd5-photos.leclercdrive.fr/image.ashx?id=2687167&use=l&cat=p&typeid=i","cat":318431},{"id":48994,"n":"Sauce Pitta Kebab Colona Tube - 500ml","p":2.63,"u":"5,26 €/L","img":"https://fd5-photos.leclercdrive.fr/image.ashx?id=2687173&use=l&cat=p&typeid=i","cat":318431},{"id":49001,"n":"Sauce ch'biloute Colona Tube - 500ml","p":2.36,"u":"4,72 €/L","img":"https://fd5-photos.leclercdrive.fr/image.ashx?id=2687194&use=l&cat=p&typeid=i","cat":318431},{"id":49018,"n":"Beurre Moulé Paysan Breton Sel de guérande - 80% MG - 250g","p":3.02,"u":"12,08 €/KG","img":"https://fd5-photos.leclercdrive.fr/image.ashx?id=2869035&use=l&cat=p&typeid=i","cat":284379},{"id":49050,"n":"Boisson gazeuse Sprink's Sans alcool - Mojito - 1.5L","p":1.75,"u":"1,17 €/L","img":"https://fd5-photos.leclercdrive.fr/image.ashx?id=2925976&use=l&cat=p&typeid=i","cat":284531},{"id":49070,"n":"Préparation gâteau Nestlé Coeur fondant - 305g","p":3.81,"u":"12,49 €/KG","img":"https://fd5-photos.leclercdrive.fr/image.ashx?id=2848385&use=l&cat=p&typeid=i","cat":284505},{"id":49077,"n":"Biscuit P'tit Deli  Chocolat lait - 150g","p":1.58,"u":"10,53 €/KG","img":"https://fd5-photos.leclercdrive.fr/image.ashx?id=2529605&use=l&cat=p&typeid=i","cat":284488},{"id":49078,"n":"Gaufrette P'tit Déli  Chocolat lait - 125g","p":1.29,"u":"10,32 €/KG","img":"https://fd5-photos.leclercdrive.fr/image.ashx?id=2399856&use=l&cat=p&typeid=i","cat":284490},{"id":49079,"n":"Petites madeleines P'tit Deli  Pépites de chocolat - 400g","p":1.69,"u":"4,23 €/KG","img":"https://fd5-photos.leclercdrive.fr/image.ashx?id=2999511&use=l&cat=p&typeid=i","cat":284492},{"id":49080,"n":"Gâteau fourré fraise P'tit Deli Lapin - 140g","p":1.14,"u":"8,14 €/KG","img":"https://fd5-photos.leclercdrive.fr/image.ashx?id=2671411&use=l&cat=p&typeid=i","cat":284495},{"id":49082,"n":"Gâteau fourré P'tit Deli Tout chocolat, lapin - 140g","p":1.3,"u":"9,29 €/KG","img":"https://fd5-photos.leclercdrive.fr/image.ashx?id=2211200&use=l&cat=p&typeid=i","cat":284495},{"id":49083,"n":"Biscuit palmier feuilleté Eco+ 100g","p":0.42,"u":"4,20 €/KG","img":"https://fd5-photos.leclercdrive.fr/image.ashx?id=2768016&use=l&cat=p&typeid=i","cat":284487},{"id":49131,"n":"Gin Bombay Sapphire 40° - 70cl","p":22.09,"u":"31,56 €/L","img":"https://fd5-photos.leclercdrive.fr/image.ashx?id=2842879&use=l&cat=p&typeid=i","cat":284550},{"id":49132,"n":"Gin Tanqueray 43.1%vol - 70cl","p":21.92,"u":"31,31 €/L","img":"https://fd5-photos.leclercdrive.fr/image.ashx?id=2414906&use=l&cat=p&typeid=i","cat":284550},{"id":49243,"n":"Pizza La Pizza de Manosque 3 Fromages - 400g","p":4.67,"u":"11,68 €/KG","img":"https://fd5-photos.leclercdrive.fr/image.ashx?id=1599396&use=l&cat=p&typeid=i","cat":284256},{"id":49249,"n":"Gousse de vanille Bio Vahiné Madagascar Grand cru - 3g","p":4.2,"img":"https://fd5-photos.leclercdrive.fr/image.ashx?id=2559826&use=l&cat=p&typeid=i","cat":284504},{"id":49254,"n":"Gelifiant Vahiné Agar Agar - 8g","p":2.74,"u":"342,50 €/KG","img":"https://fd5-photos.leclercdrive.fr/image.ashx?id=2833342&use=l&cat=p&typeid=i","cat":284504},{"id":49267,"n":"Viande bébé Bio Yooji Boeuf - Dès 6 mois - 120g","p":3.87,"u":"32,25 €/KG","img":"https://fd5-photos.leclercdrive.fr/image.ashx?id=2583629&use=l&cat=p&typeid=i","cat":290631},{"id":49282,"n":"Tablette de chocolat noir Lindt Zeste de citron vert - 100g","p":2.16,"u":"21,60 €/KG","img":"https://fd5-photos.leclercdrive.fr/image.ashx?id=2608160&use=l&cat=p&typeid=i","cat":284956},{"id":49288,"n":"Bols soir bébé bio Babybio Pâtes - 8 mois - 2x200g","p":2.63,"u":"6,58 €/KG","img":"https://fd5-photos.leclercdrive.fr/image.ashx?id=2838344&use=l&cat=p&typeid=i","cat":312239},{"id":49290,"n":"Protège-slips Vania Confort Flexiform Fresh - x28","p":1.7,"u":"0,06 €/P","img":"https://fd5-photos.leclercdrive.fr/image.ashx?id=2685123&use=l&cat=p&typeid=i","cat":284625},{"id":49294,"n":"Cotons Démaquillants Demak'Up Original - x105","p":1.41,"u":"0,01 €/P","img":"https://fd5-photos.leclercdrive.fr/image.ashx?id=2745274&use=l&cat=p&typeid=i","cat":284636},{"id":49295,"n":"Cotons Démaquillants Demak'Up Ovale sensitive - x48","p":1.56,"u":"0,03 €/P","img":"https://fd5-photos.leclercdrive.fr/image.ashx?id=2745277&use=l&cat=p&typeid=i","cat":284636},{"id":49296,"n":"Barre Chocolat au Lait Lion x10 barres - 420g","p":3.74,"u":"8,90 €/KG","img":"https://fd5-photos.leclercdrive.fr/image.ashx?id=2736988&use=l&cat=p&typeid=i","cat":284498},{"id":49298,"n":"Biscuits croquant Nutella &Go! Pâte à tartiner x2 packs - 104g","p":2.07,"u":"19,90 €/KG","img":"https://fd5-photos.leclercdrive.fr/image.ashx?id=2737240&use=l&cat=p&typeid=i","cat":284488},{"id":49304,"n":"Détachant Vanish  Powergel - 200ml","p":3.69,"u":"18,45 €/L","img":"https://fd5-photos.leclercdrive.fr/image.ashx?id=2587861&use=l&cat=p&typeid=i","cat":284651},{"id":49327,"n":"Déodorant Bille Homme Nivea Men Black&White Original - 50ml","p":1.89,"u":"37,80 €/L","img":"https://fd5-photos.leclercdrive.fr/image.ashx?id=2165815&use=l&cat=p&typeid=i","cat":284618},{"id":49333,"n":"Déodorant bille Men Expert Carbon Protection 48h - 50ml","p":2.79,"u":"55,80 €/L","img":"https://fd5-photos.leclercdrive.fr/image.ashx?id=2394561&use=l&cat=p&typeid=i","cat":284618},{"id":49337,"n":"Protège-slips Vania Confort Fresh - Normal - x28","p":2.1,"u":"0,08 €/P","img":"https://fd5-photos.leclercdrive.fr/image.ashx?id=2735203&use=l&cat=p&typeid=i","cat":284625},{"id":49338,"n":"Protège-slips plat Vania Confort Aloe Vera- Normal - x28","p":1.99,"u":"0,07 €/P","img":"https://fd5-photos.leclercdrive.fr/image.ashx?id=2735200&use=l&cat=p&typeid=i","cat":284625},{"id":49340,"n":"Cornichons Eco+ Au vinaigre - 190g","p":0.88,"u":"4,63 €/KG","img":"https://fd5-photos.leclercdrive.fr/image.ashx?id=2974711&use=l&cat=p&typeid=i","cat":284458},{"id":49342,"n":"Moutarde Eco+ Forte au vinaigre - 850g","p":1.66,"u":"1,95 €/KG","img":"https://fd5-photos.leclercdrive.fr/image.ashx?id=2954325&use=l&cat=p&typeid=i","cat":288850},{"id":49344,"n":"Poivrons piquillos Olabe 225g","p":2.43,"u":"10,80 €/KG","img":"https://fd5-photos.leclercdrive.fr/image.ashx?id=2552039&use=l&cat=p&typeid=i","cat":312608},{"id":49346,"n":"Mini cornichons Jardin D'Orant Au condiment balsamique - 185g","p":2.02,"u":"10,92 €/KG","img":"https://fd5-photos.leclercdrive.fr/image.ashx?id=2918688&use=l&cat=p&typeid=i","cat":284458},{"id":49349,"n":"Petit croquant Kühne Aigre doux - 360g","p":3.76,"u":"10,44 €/KG","img":"https://fd5-photos.leclercdrive.fr/image.ashx?id=2551036&use=l&cat=p&typeid=i","cat":284458},{"id":49353,"n":"Olives apéro Borges A la marocaine - 150g","p":2.6,"u":"17,33 €/KG","img":"https://fd5-photos.leclercdrive.fr/image.ashx?id=2528274&use=l&cat=p&typeid=i","cat":284458},{"id":49354,"n":"Olives Noires Grecques Tramier  Dénoyautées 220g","p":2.34,"u":"23,40 €/KG","img":"https://fd5-photos.leclercdrive.fr/image.ashx?id=2836340&use=l&cat=p&typeid=i","cat":284450},{"id":49385,"n":"Litchis St-Mamet Dénoyautés - 250g","p":3.19,"u":"12,76 €/KG","img":"https://fd5-photos.leclercdrive.fr/image.ashx?id=2474215&use=l&cat=p&typeid=i","cat":284507},{"id":49401,"n":"Matière grasse Primevere Bio à tartiner - 55% MG - 250g","p":2.33,"u":"9,32 €/KG","img":"https://fd5-photos.leclercdrive.fr/image.ashx?id=2928456&use=l&cat=p&typeid=i","cat":315229},{"id":49494,"n":"Snack soufflés bacon Tokapi Lot - 4x85g","p":2.72,"u":"8,00 €/KG","img":"https://fd5-photos.leclercdrive.fr/image.ashx?id=2691384&use=l&cat=p&typeid=i","cat":284449},{"id":49495,"n":"Soufflés Tornades Tokapi Fromage- 4x85g","p":2.88,"u":"8,47 €/KG","img":"https://fd5-photos.leclercdrive.fr/image.ashx?id=2982631&use=l&cat=p&typeid=i","cat":284449},{"id":49496,"n":"Soufflés  Tokapi Nature - 4x85g","p":2.76,"u":"8,12 €/KG","img":"https://fd5-photos.leclercdrive.fr/image.ashx?id=2691387&use=l&cat=p&typeid=i","cat":284449},{"id":49497,"n":"Soufflés Tornades Tokapi Paprika- 4x85g","p":2.92,"u":"8,59 €/KG","img":"https://fd5-photos.leclercdrive.fr/image.ashx?id=2691390&use=l&cat=p&typeid=i","cat":284449},{"id":49553,"n":"Bière Licorne Black 6%vol - 3x33cl","p":3.54,"u":"3,58 €/L","img":"https://fd5-photos.leclercdrive.fr/image.ashx?id=2853617&use=l&cat=p&typeid=i","cat":334852},{"id":49561,"n":"Gel Douche 5en1 Men Expert Pure carbon - 300ml","p":2.94,"u":"9,80 €/L","img":"https://fd5-photos.leclercdrive.fr/image.ashx?id=1603553&use=l&cat=p&typeid=i","cat":284619},{"id":49567,"n":"Diabolo grenadine Sprink's Bouteille - 1.5L","p":1.69,"u":"1,13 €/L","img":"https://fd5-photos.leclercdrive.fr/image.ashx?id=2901461&use=l&cat=p&typeid=i","cat":284532},{"id":49575,"n":"Boisson énergisante Monster Energy Mixxd Punch - 50CL","p":1.45,"u":"2,90 €/L","img":"https://fd5-photos.leclercdrive.fr/image.ashx?id=2206172&use=l&cat=p&typeid=i","cat":284533},{"id":49596,"n":"Café dosettes Tassimo L'Or Espresso Décaféiné x16","p":5.41,"u":"51,04 €/KG","img":"https://fd5-photos.leclercdrive.fr/image.ashx?id=2662090&use=l&cat=p&typeid=i","cat":293240},{"id":49624,"n":"Vin Union Européenne rosé Champlure - BIB 5L","p":14.77,"u":"2,95 €/L","img":"https://fd5-photos.leclercdrive.fr/image.ashx?id=2552523&use=l&cat=p&typeid=i","cat":289560},{"id":49632,"n":"Pain de mie 100% Mie Harrys Nature Longue conservation 325g","p":2.05,"u":"6,31 €/KG","img":"https://fd5-photos.leclercdrive.fr/image.ashx?id=2469647&use=l&cat=p&typeid=i","cat":284477},{"id":49636,"n":"Biscuits Baiocchi Mulino Bianco Chocolat noisette Snack - 336g","p":2.65,"u":"7,89 €/KG","img":"https://fd5-photos.leclercdrive.fr/image.ashx?id=2787962&use=l&cat=p&typeid=i","cat":284488},{"id":49642,"n":"Atomiseur Brume Cristaline Eau de source - 400ml","p":3.31,"u":"8,28 €/L","img":"https://fd5-photos.leclercdrive.fr/image.ashx?id=1851993&use=l&cat=p&typeid=i","cat":290295},{"id":49649,"n":"Sauce Tomate Cuisinée Heinz Ail & Oignon x2 - 210g","p":1.43,"u":"3,40 €/KG","img":"https://fd5-photos.leclercdrive.fr/image.ashx?id=2926990&use=l&cat=p&typeid=i","cat":288384},{"id":49653,"n":"Chapelure dorée Tipiak 250g","p":0.7,"u":"2,80 €/KG","img":"https://fd5-photos.leclercdrive.fr/image.ashx?id=2563490&use=l&cat=p&typeid=i","cat":288382},{"id":49654,"n":"Olives vertes dénoyautées Tramier - 260g","p":4.04,"u":"15,54 €/KG","img":"https://fd5-photos.leclercdrive.fr/image.ashx?id=2444949&use=l&cat=p&typeid=i","cat":284458},{"id":49656,"n":"Sauce burger Amora 448g","p":2.31,"u":"5,16 €/KG","img":"https://fd5-photos.leclercdrive.fr/image.ashx?id=3014656&use=l&cat=p&typeid=i","cat":318431},{"id":49657,"n":"Huile de noisette Cauvin 25cl","p":3.65,"u":"14,60 €/L","img":"https://fd5-photos.leclercdrive.fr/image.ashx?id=2484221&use=l&cat=p&typeid=i","cat":284453},{"id":49659,"n":"Huile de noix Cauvin Bouteille - 25cl","p":3.25,"u":"13,00 €/L","img":"https://fd5-photos.leclercdrive.fr/image.ashx?id=2482318&use=l&cat=p&typeid=i","cat":284453},{"id":49664,"n":"Farine complète Francine Boîte - 1kg","p":1.79,"u":"1,79 €/KG","img":"https://fd5-photos.leclercdrive.fr/image.ashx?id=2018898&use=l&cat=p&typeid=i","cat":284503},{"id":49667,"n":"Sauceline Maïzena 250g","p":1.69,"u":"6,76 €/KG","img":"https://fd5-photos.leclercdrive.fr/image.ashx?id=2915673&use=l&cat=p&typeid=i","cat":288382},{"id":49674,"n":"Fécule de pomme de terre Tipiak Substitut de farine - 250g","p":0.74,"u":"2,96 €/KG","img":"https://fd5-photos.leclercdrive.fr/image.ashx?id=2563487&use=l&cat=p&typeid=i","cat":288382},{"id":49677,"n":"Mousse fromage blanc Délisse Lit de fruits 0%MG - 4x115g","p":1.83,"u":"3,98 €/KG","img":"https://fd5-photos.leclercdrive.fr/image.ashx?id=2991130&use=l&cat=p&typeid=i","cat":284409},{"id":49681,"n":"Yaourt La Laitière Nature - 4x125g","p":1.8,"u":"3,60 €/KG","img":"https://fd5-photos.leclercdrive.fr/image.ashx?id=3007978&use=l&cat=p&typeid=i","cat":284409},{"id":49682,"n":"Yaourt La Laitière Vanille - 4x125g","p":1.77,"u":"3,54 €/KG","img":"https://fd5-photos.leclercdrive.fr/image.ashx?id=2650393&use=l&cat=p&typeid=i","cat":286006},{"id":49684,"n":"Yaourts La Laitière Nature - 8x125g","p":2.52,"u":"20,16 €/KG","img":"https://fd5-photos.leclercdrive.fr/image.ashx?id=2679509&use=l&cat=p&typeid=i","cat":284409},{"id":49700,"n":"Matin Léger Bio de Lactel Sans lactose 1.2%mg - 6x1L","p":11.19,"u":"1,87 €/L","img":"https://fd5-photos.leclercdrive.fr/image.ashx?id=2883552&use=l&cat=p&typeid=i","cat":317169},{"id":49800,"n":"Chorizo doux César Moroni   200g","p":2.34,"u":"11,70 €/KG","img":"https://fd5-photos.leclercdrive.fr/image.ashx?id=2854420&use=l&cat=p&typeid=i","cat":316006},{"id":49803,"n":"Chorizo fort César Moroni   200g","p":2.58,"u":"12,90 €/KG","img":"https://fd5-photos.leclercdrive.fr/image.ashx?id=2947841&use=l&cat=p&typeid=i","cat":316006},{"id":49805,"n":"Cocktail Piña colada Caraibos Sans alcool - 75cl","p":2.2,"u":"2,93 €/L","img":"https://fd5-photos.leclercdrive.fr/image.ashx?id=3011299&use=l&cat=p&typeid=i","cat":284549},{"id":49825,"n":"Croco Pik Haribo  Sachet bonbons acidulés - 275g","p":1.62,"u":"5,89 €/KG","img":"https://fd5-photos.leclercdrive.fr/image.ashx?id=2802350&use=l&cat=p&typeid=i","cat":304250},{"id":49828,"n":"Happy Life Haribo Sachet bonbons - 275g","p":1.41,"u":"5,13 €/KG","img":"https://fd5-photos.leclercdrive.fr/image.ashx?id=2803577&use=l&cat=p&typeid=i","cat":304250},{"id":49834,"n":"Bonbons LUTTI BestFizz Assortiment Piquant - 550g","p":3.59,"u":"6,53 €/KG","img":"https://fd5-photos.leclercdrive.fr/image.ashx?id=2815022&use=l&cat=p&typeid=i","cat":304250},{"id":49845,"n":"Jus multifruits Jafaden Brique, ABC - 2L","p":2.65,"u":"1,33 €/L","img":"https://fd5-photos.leclercdrive.fr/image.ashx?id=2759220&use=l&cat=p&typeid=i","cat":284917},{"id":49851,"n":"Limonade Sprink's 1.5L","p":0.95,"u":"0,63 €/L","img":"https://fd5-photos.leclercdrive.fr/image.ashx?id=2913721&use=l&cat=p&typeid=i","cat":284531},{"id":49852,"n":"Speck alto adige IGP Tradizioni d'Italia - 70g","p":1.95,"u":"27,86 €/KG","img":"https://fd5-photos.leclercdrive.fr/image.ashx?id=2925225&use=l&cat=p&typeid=i","cat":316007},{"id":49854,"n":"Prosciutto di San daniele AOP Tradizioni d'Italia - 70g","p":3.35,"u":"47,86 €/KG","img":"https://fd5-photos.leclercdrive.fr/image.ashx?id=2925219&use=l&cat=p&typeid=i","cat":316007},{"id":49857,"n":"Mortadella bologna IGP Tradizioni d'Italia - 150g","p":2.59,"u":"17,27 €/KG","img":"https://fd5-photos.leclercdrive.fr/image.ashx?id=2925222&use=l&cat=p&typeid=i","cat":316009},{"id":49858,"n":"Prosciutto di parma AOP 18 mois Tradizioni d'Italia - 80g","p":3.79,"u":"47,38 €/KG","img":"https://fd5-photos.leclercdrive.fr/image.ashx?id=1961988&use=l&cat=p&typeid=i","cat":316007},{"id":49865,"n":"Steak haché Authentique Charal Pur Bœuf 10% MG  8x125g - 1kg","p":14.5,"u":"14,50 €/KG","img":"https://fd5-photos.leclercdrive.fr/image.ashx?id=2741955&use=l&cat=p&typeid=i","cat":319778},{"id":49870,"n":"Protection Absorbante Tena Men  Médium - x10","p":4.07,"u":"0,41 €/P","img":"https://fd5-photos.leclercdrive.fr/image.ashx?id=2428573&use=l&cat=p&typeid=i","cat":291514},{"id":49872,"n":"Tampons Tampax Compak Pearl Super - x18","p":2.74,"u":"0,15 €/P","img":"https://fd5-photos.leclercdrive.fr/image.ashx?id=2956616&use=l&cat=p&typeid=i","cat":284626},{"id":49880,"n":"Boisson concentrée Frucci Menthe avec édulcorants - 75cl","p":2.39,"u":"3,19 €/L","img":"https://fd5-photos.leclercdrive.fr/image.ashx?id=2909903&use=l&cat=p&typeid=i","cat":295020},{"id":49881,"n":"Sirop Frucci Zero Grenadine avec edulcorants-75cl","p":2.49,"u":"3,32 €/L","img":"https://fd5-photos.leclercdrive.fr/image.ashx?id=2956110&use=l&cat=p&typeid=i","cat":295020},{"id":49882,"n":"Sirop Frucci Zero Pêche avec édulcorants - 75cl","p":2.35,"u":"3,13 €/L","img":"https://fd5-photos.leclercdrive.fr/image.ashx?id=2954100&use=l&cat=p&typeid=i","cat":295020},{"id":49883,"n":"Soda tonic Sprink's 1.5L","p":1.05,"u":"0,70 €/L","img":"https://fd5-photos.leclercdrive.fr/image.ashx?id=2954106&use=l&cat=p&typeid=i","cat":284531},{"id":49900,"n":"Feuilletés fromage fondu Eco+ 650g","p":1.61,"u":"2,48 €/KG","img":"https://fd5-photos.leclercdrive.fr/image.ashx?id=2079792&use=l&cat=p&typeid=i","cat":319776},{"id":49903,"n":"Bresaola Della Valtellina IGP Tradizioni d'Italia - 70g","p":3.13,"u":"44,71 €/KG","img":"https://fd5-photos.leclercdrive.fr/image.ashx?id=2925228&use=l&cat=p&typeid=i","cat":316007},{"id":49930,"n":"Yaourt douceur Le Petit Basque Brebis nature - 4x100g","p":2.45,"u":"6,13 €/KG","img":"https://fd5-photos.leclercdrive.fr/image.ashx?id=2248084&use=l&cat=p&typeid=i","cat":314998},{"id":49931,"n":"Yaourt douceur Le Petit Basque Brebis citron - 4x100g","p":2.94,"u":"7,35 €/KG","img":"https://fd5-photos.leclercdrive.fr/image.ashx?id=2248087&use=l&cat=p&typeid=i","cat":314998},{"id":49932,"n":"Fromage Pavé d'Affinois Original - 180g","p":2.32,"u":"12,89 €/KG","img":"https://fd5-photos.leclercdrive.fr/image.ashx?id=2644070&use=l&cat=p&typeid=i","cat":314030},{"id":49933,"n":"Fromage Pavé d'Affinois Mini Mix 5 variétés - 130g","p":2.36,"u":"18,15 €/KG","img":"https://fd5-photos.leclercdrive.fr/image.ashx?id=2644076&use=l&cat=p&typeid=i","cat":314030},{"id":49954,"n":"Limonade Sprink's 6x50cl","p":4.92,"u":"1,64 €/L","img":"https://fd5-photos.leclercdrive.fr/image.ashx?id=2913718&use=l&cat=p&typeid=i","cat":284531},{"id":49955,"n":"Soda 7UP Citron/citron vert zéro - 1.5L","p":1.2,"u":"0,80 €/L","img":"https://fd5-photos.leclercdrive.fr/image.ashx?id=2752462&use=l&cat=p&typeid=i","cat":284531},{"id":49956,"n":"Soda à l'orange Orangina Sans Sucres - 1,5L","p":1.57,"u":"1,05 €/L","img":"https://fd5-photos.leclercdrive.fr/image.ashx?id=2946496&use=l&cat=p&typeid=i","cat":284532},{"id":49960,"n":"Café en Grains Carte Noire  Arabica Classique - 250g","p":5.77,"u":"23,08 €/KG","img":"https://fd5-photos.leclercdrive.fr/image.ashx?id=2980136&use=l&cat=p&typeid=i","cat":293237},{"id":49971,"n":"Frites Pom Bistro à la Graisse de Canard - 500g","p":2.88,"u":"5,76 €/KG","img":"https://fd5-photos.leclercdrive.fr/image.ashx?id=2866412&use=l&cat=p&typeid=i","cat":319791},{"id":49979,"n":"Soupe liquide Liebig  Potiron Chataîgne - Brique 1L","p":3.09,"u":"3,09 €/L","img":"https://fd5-photos.leclercdrive.fr/image.ashx?id=2785358&use=l&cat=p&typeid=i","cat":284462},{"id":49981,"n":"Velouté Liebig Légumes du soleil - 1L","p":2.62,"u":"2,62 €/L","img":"https://fd5-photos.leclercdrive.fr/image.ashx?id=2750991&use=l&cat=p&typeid=i","cat":284462},{"id":49984,"n":"Café dosettes Tassimo L'Or Espresso Delizioso x16","p":4.95,"u":"47,60 €/KG","img":"https://fd5-photos.leclercdrive.fr/image.ashx?id=2507329&use=l&cat=p&typeid=i","cat":293240},{"id":49990,"n":"Tortillas fraiches 20cm x8 - 320g","p":2.07,"u":"6,47 €/KG","img":"https://fd5-photos.leclercdrive.fr/image.ashx?id=1553401&use=l&cat=p&typeid=i","cat":288993},{"id":49991,"n":"Tortillas wrap Poco Loco  25cmx6 - 370g","p":2.62,"u":"7,08 €/KG","img":"https://fd5-photos.leclercdrive.fr/image.ashx?id=2672542&use=l&cat=p&typeid=i","cat":288993},{"id":49997,"n":"Boisson aux fruits Oasis Mini Tropical - 6x25cl","p":3.12,"u":"2,08 €/L","img":"https://fd5-photos.leclercdrive.fr/image.ashx?id=2684443&use=l&cat=p&typeid=i","cat":295018},{"id":50003,"n":"Café soluble Maxwell House Qualité Filtre - 20g","p":7.31,"u":"36,55 €/KG","img":"https://fd5-photos.leclercdrive.fr/image.ashx?id=1755025&use=l&cat=p&typeid=i","cat":284843},{"id":50004,"n":"Kit Crousti Fajitas Old El Paso extra doux - 521g","p":4.37,"u":"8,39 €/KG","img":"https://fd5-photos.leclercdrive.fr/image.ashx?id=2765402&use=l&cat=p&typeid=i","cat":288993},{"id":50013,"n":"Sauce guacamole 300g","p":2.65,"u":"8,83 €/KG","img":"https://fd5-photos.leclercdrive.fr/image.ashx?id=2772332&use=l&cat=p&typeid=i","cat":284451},{"id":50017,"n":"Confit de tomates séchées  Les Tartinables Florelli 190g","p":2.48,"u":"13,05 €/KG","img":"https://fd5-photos.leclercdrive.fr/image.ashx?id=3011671&use=l&cat=p&typeid=i","cat":289010},{"id":50018,"n":"Légumes grillés Florelli 280g","p":3.65,"u":"13,04 €/KG","img":"https://fd5-photos.leclercdrive.fr/image.ashx?id=2664199&use=l&cat=p&typeid=i","cat":289010},{"id":50021,"n":"Cacahuètes apéritif Tanoshi wasabi - sachet 100g","p":2.34,"u":"23,40 €/KG","img":"https://fd5-photos.leclercdrive.fr/image.ashx?id=2921190&use=l&cat=p&typeid=i","cat":288992},{"id":50052,"n":"Lait bébé en poudre Galliagest croissance Dès 12 mois 900g","p":14.66,"u":"16,29 €/KG","img":"https://fd5-photos.leclercdrive.fr/image.ashx?id=2616844&use=l&cat=p&typeid=i","cat":290219},{"id":50053,"n":"Eau gazeuse minérale Salvetat pauvre en sodium - 6x50cl","p":2.73,"u":"0,91 €/L","img":"https://fd5-photos.leclercdrive.fr/image.ashx?id=2533469&use=l&cat=p&typeid=i","cat":284536},{"id":50058,"n":"Bloc correspondanc uni Esquisse 21x29cm - A4 - x50 feuilles","p":1.99,"img":"https://fd5-photos.leclercdrive.fr/image.ashx?id=1928746&use=l&cat=p&typeid=i","cat":284697},{"id":50068,"n":"Soupe liquide velouté Knorr Potiron crème fraîche - 500ml","p":2.0,"u":"4,00 €/L","img":"https://fd5-photos.leclercdrive.fr/image.ashx?id=2738035&use=l&cat=p&typeid=i","cat":284462},{"id":50070,"n":"Soupe velouté  Potiron - 30cl","p":1.56,"u":"5,20 €/L","img":"https://fd5-photos.leclercdrive.fr/image.ashx?id=2740898&use=l&cat=p&typeid=i","cat":284462},{"id":50071,"n":"Soupe Douceur Knorr 8 légumes - 30cl","p":1.43,"u":"4,77 €/L","img":"https://fd5-photos.leclercdrive.fr/image.ashx?id=2738026&use=l&cat=p&typeid=i","cat":284462},{"id":50072,"n":"Soupe Liquide Douceur Knorr 8 légumes à la crème - 50cl","p":1.51,"u":"3,02 €/L","img":"https://fd5-photos.leclercdrive.fr/image.ashx?id=2738023&use=l&cat=p&typeid=i","cat":284462},{"id":50078,"n":"Quinoa Bio Ethiquable Croquant Equateur - 500g","p":3.76,"u":"7,52 €/KG","img":"https://fd5-photos.leclercdrive.fr/image.ashx?id=2876821&use=l&cat=p&typeid=i","cat":284429},{"id":50082,"n":"Dessert fruits mixés Sojasun Myrtilles - 4x100g","p":1.52,"u":"3,80 €/KG","img":"https://fd5-photos.leclercdrive.fr/image.ashx?id=2355680&use=l&cat=p&typeid=i","cat":316071},{"id":50083,"n":"Taboulé aux tomates  Garbit - 730g","p":2.62,"u":"3,59 €/KG","img":"https://fd5-photos.leclercdrive.fr/image.ashx?id=2901905&use=l&cat=p&typeid=i","cat":325094},{"id":50106,"n":"Nems au Porc Tables du Monde x4 - 280g","p":1.76,"u":"6,29 €/KG","img":"https://fd5-photos.leclercdrive.fr/image.ashx?id=1760305&use=l&cat=p&typeid=i","cat":333673},{"id":50123,"n":"Vinaigrette Puget  Ciboulette/échalotes - 33cl","p":2.27,"u":"6,88 €/L","img":"https://fd5-photos.leclercdrive.fr/image.ashx?id=2912146&use=l&cat=p&typeid=i","cat":284456},{"id":50126,"n":"Compotes Andros  Pomme/châtaigne - 785g","p":3.26,"u":"4,15 €/KG","img":"https://fd5-photos.leclercdrive.fr/image.ashx?id=2396381&use=l&cat=p&typeid=i","cat":284508},{"id":50131,"n":"Compotes Pom'Potes Gourdes  Multivariétés - 20x90g","p":6.46,"u":"3,59 €/KG","img":"https://fd5-photos.leclercdrive.fr/image.ashx?id=3010930&use=l&cat=p&typeid=i","cat":284508},{"id":50132,"n":"Compotes Pom'Potes Gourdes  Multivariétés Inédits - 12x90g","p":4.95,"u":"4,58 €/KG","img":"https://fd5-photos.leclercdrive.fr/image.ashx?id=2870170&use=l&cat=p&typeid=i","cat":284508},{"id":50134,"n":"Poudre anti-calcaire Calgon 4 en 1 - 60 doses","p":11.09,"u":"7,39 €/KG","img":"https://fd5-photos.leclercdrive.fr/image.ashx?id=2954199&use=l&cat=p&typeid=i","cat":284653},{"id":50135,"n":"Lingettes Textil Anti-transfert - x40","p":3.71,"u":"0,09 €/P","img":"https://fd5-photos.leclercdrive.fr/image.ashx?id=2964574&use=l&cat=p&typeid=i","cat":290450},{"id":50138,"n":"Vin rosé Domaine Casa Rossa Corse AOP - 75cl","p":7.58,"u":"10,11 €/L","img":"https://fd5-photos.leclercdrive.fr/image.ashx?id=2683742&use=l&cat=p&typeid=i","cat":289558},{"id":50191,"n":"Whisky The Glenlivet Founder's Scotch Single Malt 40% vol 70cl","p":26.07,"u":"37,24 €/L","img":"https://fd5-photos.leclercdrive.fr/image.ashx?id=2866019&use=l&cat=p&typeid=i","cat":284547},{"id":50211,"n":"Pain Bruschetta La Boulangère 400g","p":2.48,"u":"6,20 €/KG","img":"https://fd5-photos.leclercdrive.fr/image.ashx?id=2912404&use=l&cat=p&typeid=i","cat":284985},{"id":50212,"n":"Pain suédois La Boulangère 180g","p":1.99,"u":"11,06 €/KG","img":"https://fd5-photos.leclercdrive.fr/image.ashx?id=2445376&use=l&cat=p&typeid=i","cat":284985},{"id":50214,"n":"Laque  Fixation forte - 75ml","p":1.29,"u":"17,20 €/L","img":"https://fd5-photos.leclercdrive.fr/image.ashx?id=2934718&use=l&cat=p&typeid=i","cat":284609},{"id":50215,"n":"Huile sublime  Vitanove Cheveux sec - 150ml","p":2.99,"u":"19,93 €/L","img":"https://fd5-photos.leclercdrive.fr/image.ashx?id=2209720&use=l&cat=p&typeid=i","cat":284608},{"id":50218,"n":"Tronches de Cake St Michel 175g","p":1.53,"u":"8,74 €/KG","img":"https://fd5-photos.leclercdrive.fr/image.ashx?id=2949946&use=l&cat=p&typeid=i","cat":284495},{"id":50220,"n":"Biscuits Duo Mini BN  190g","p":1.6,"u":"8,42 €/KG","img":"https://fd5-photos.leclercdrive.fr/image.ashx?id=2219606&use=l&cat=p&typeid=i","cat":284488},{"id":50224,"n":"Cookies Milka Pépites de chocolat - 168g","p":1.53,"u":"9,11 €/KG","img":"https://fd5-photos.leclercdrive.fr/image.ashx?id=3002285&use=l&cat=p&typeid=i","cat":325066},{"id":50225,"n":"Biscuits Choco suprême Milka Chocolat - 180g","p":2.76,"u":"15,33 €/KG","img":"https://fd5-photos.leclercdrive.fr/image.ashx?id=2990991&use=l&cat=p&typeid=i","cat":284488},{"id":50226,"n":"Biscuits sablés Granola Chocolat au lait - 3x200g","p":4.29,"u":"7,15 €/KG","img":"https://fd5-photos.leclercdrive.fr/image.ashx?id=3009125&use=l&cat=p&typeid=i","cat":284488},{"id":50227,"n":"Biscuits Granola Chocolat au lait - 200g","p":1.44,"u":"7,20 €/KG","img":"https://fd5-photos.leclercdrive.fr/image.ashx?id=2324282&use=l&cat=p&typeid=i","cat":284488},{"id":50231,"n":"Biscuit Dinosaurus Lotus Chocolat au lait - 225g","p":2.3,"u":"10,22 €/KG","img":"https://fd5-photos.leclercdrive.fr/image.ashx?id=2859815&use=l&cat=p&typeid=i","cat":284488},{"id":50235,"n":"Cookies Bonne Maman  Chocolat noisette - 225g","p":2.59,"u":"11,51 €/KG","img":"https://fd5-photos.leclercdrive.fr/image.ashx?id=2936164&use=l&cat=p&typeid=i","cat":325066},{"id":50253,"n":"Soda Sprink's Lemon - 1.5L","p":1.45,"u":"0,97 €/L","img":"https://fd5-photos.leclercdrive.fr/image.ashx?id=2913715&use=l&cat=p&typeid=i","cat":284532},{"id":50255,"n":"Soda Sprink's Citron - 1.5L","p":1.09,"u":"0,73 €/L","img":"https://fd5-photos.leclercdrive.fr/image.ashx?id=2913730&use=l&cat=p&typeid=i","cat":284532},{"id":50256,"n":"Soda Sprink's Lemon Lime - 1.5L","p":0.99,"u":"0,66 €/L","img":"https://fd5-photos.leclercdrive.fr/image.ashx?id=2913736&use=l&cat=p&typeid=i","cat":284532},{"id":50262,"n":"Kebab de poulet Fleury Michon Semoule à l'orientale - 280g","p":3.11,"u":"11,11 €/KG","img":"https://fd5-photos.leclercdrive.fr/image.ashx?id=2680167&use=l&cat=p&typeid=i","cat":333665},{"id":50360,"n":"Mousse à Raser Nivea Men Peaux Sensibles - 200 ml","p":2.46,"u":"12,30 €/L","img":"https://fd5-photos.leclercdrive.fr/image.ashx?id=3005212&use=l&cat=p&typeid=i","cat":284617},{"id":50362,"n":"Gel à Raser Nivea Men Peaux Sensibles - 200ml","p":2.45,"u":"12,25 €/L","img":"https://fd5-photos.leclercdrive.fr/image.ashx?id=2945724&use=l&cat=p&typeid=i","cat":284617},{"id":50365,"n":"Moelleux Pépites Choco GERBLE  sans sucre - 196g","p":3.02,"u":"15,41 €/KG","img":"https://fd5-photos.leclercdrive.fr/image.ashx?id=2812705&use=l&cat=p&typeid=i","cat":318653},{"id":50409,"n":"Biscottes Crac'form Gerblé 250g","p":3.14,"u":"12,56 €/KG","img":"https://fd5-photos.leclercdrive.fr/image.ashx?id=2662994&use=l&cat=p&typeid=i","cat":284479},{"id":50420,"n":"Marmelade Marca Guia 900g","p":2.84,"u":"3,16 €/KG","img":"https://fd5-photos.leclercdrive.fr/image.ashx?id=2304857&use=l&cat=p&typeid=i","cat":284480},{"id":50432,"n":"Pain Campagnard GERBLE  Sans gluten - 350g","p":4.04,"u":"11,54 €/KG","img":"https://fd5-photos.leclercdrive.fr/image.ashx?id=2662829&use=l&cat=p&typeid=i","cat":325069},{"id":50458,"n":"Fromage Roucoulons Fromagerie Milleret- 220g","p":2.81,"u":"12,77 €/KG","img":"https://fd5-photos.leclercdrive.fr/image.ashx?id=2450922&use=l&cat=p&typeid=i","cat":329558},{"id":50459,"n":"Fromage à Tartiner St Môret  Nature - 150g","p":1.87,"u":"12,47 €/KG","img":"https://fd5-photos.leclercdrive.fr/image.ashx?id=2755468&use=l&cat=p&typeid=i","cat":314029},{"id":50485,"n":"Sirop Frucci Sans sucres - 75cl","p":2.39,"u":"3,19 €/L","img":"https://fd5-photos.leclercdrive.fr/image.ashx?id=2956735&use=l&cat=p&typeid=i","cat":295020},{"id":50491,"n":"Bière blanche Hoegaarden 4,9% - 6x25cl","p":4.69,"u":"3,13 €/L","img":"https://fd5-photos.leclercdrive.fr/image.ashx?id=2963922&use=l&cat=p&typeid=i","cat":334878},{"id":50508,"n":"Soin yeux L'Oréal Paris  Revitalift anti-rides  - 15ml","p":15.17,"img":"https://fd5-photos.leclercdrive.fr/image.ashx?id=2867524&use=l&cat=p&typeid=i","cat":325345},{"id":50524,"n":"Crème soin Nivea visage Sensitive soin de jour - 50ml","p":4.68,"u":"93,60 €/L","img":"https://fd5-photos.leclercdrive.fr/image.ashx?id=2221581&use=l&cat=p&typeid=i","cat":325345},{"id":50548,"n":"Lait de croissance Lactel Nature - 6x1L","p":11.63,"u":"1,94 €/L","img":"https://fd5-photos.leclercdrive.fr/image.ashx?id=2927438&use=l&cat=p&typeid=i","cat":284728},{"id":50585,"n":"Haricots verts d'aucy  Extra-fins - 440g","p":1.76,"u":"4,00 €/KG","img":"https://fd5-photos.leclercdrive.fr/image.ashx?id=2527370&use=l&cat=p&typeid=i","cat":312606},{"id":50590,"n":"Lentilles préparées D'aucy  530g","p":1.52,"u":"2,87 €/KG","img":"https://fd5-photos.leclercdrive.fr/image.ashx?id=2560597&use=l&cat=p&typeid=i","cat":312609},{"id":50592,"n":"Pois chiches Sultanines 265g","p":0.84,"u":"3,17 €/KG","img":"https://fd5-photos.leclercdrive.fr/image.ashx?id=1920223&use=l&cat=p&typeid=i","cat":312609},{"id":50599,"n":"Crème soyeuse Bio Lait d'anesse So'Bio Etic - 50 ml","p":10.52,"u":"210,40 €/L","img":"https://fd5-photos.leclercdrive.fr/image.ashx?id=2906463&use=l&cat=p&typeid=i","cat":325345},{"id":50600,"n":"Crème onctueuse lait d'anesse Bio - So'Bio Etic - 50 ml","p":6.45,"u":"129,00 €/L","img":"https://fd5-photos.leclercdrive.fr/image.ashx?id=2909062&use=l&cat=p&typeid=i","cat":325345},{"id":50604,"n":"Lotion micellaire So Bio Etic Aloe vera bio - 500 ml","p":6.84,"u":"13,68 €/L","img":"https://fd5-photos.leclercdrive.fr/image.ashx?id=2493508&use=l&cat=p&typeid=i","cat":284603},{"id":50609,"n":"Savon crème lait d'anesse SoBIO Distrinat bio - 100g","p":3.06,"u":"30,60 €/KG","img":"https://fd5-photos.leclercdrive.fr/image.ashx?id=2494728&use=l&cat=p&typeid=i","cat":284597},{"id":50626,"n":"AOC Saint-Émilion vin rouge Chantet Blanet - 37,5cl","p":4.79,"u":"12,77 €/L","img":"https://fd5-photos.leclercdrive.fr/image.ashx?id=2805981&use=l&cat=p&typeid=i","cat":289556},{"id":50640,"n":"IGP Méditerranée vin rosé Terres Ocrées 12.5% vol BIB 5L","p":12.99,"u":"2,60 €/L","img":"https://fd5-photos.leclercdrive.fr/image.ashx?id=2883318&use=l&cat=p&typeid=i","cat":289560},{"id":50659,"n":"Confisuc gelée Saint Louis 1kg","p":2.64,"u":"2,64 €/KG","img":"https://fd5-photos.leclercdrive.fr/image.ashx?id=1943688&use=l&cat=p&typeid=i","cat":284502},{"id":50662,"n":"Chocolat en poudre Nesquik Extra Choco - 600g","p":5.03,"u":"8,38 €/KG","img":"https://fd5-photos.leclercdrive.fr/image.ashx?id=3004438&use=l&cat=p&typeid=i","cat":293235},{"id":50672,"n":"Biscuits à la cuillère x30 Bonne Maman - 250g","p":4.24,"u":"16,96 €/KG","img":"https://fd5-photos.leclercdrive.fr/image.ashx?id=2936152&use=l&cat=p&typeid=i","cat":284487},{"id":50673,"n":"Financier amandes Bonne Maman 250g","p":3.31,"u":"13,24 €/KG","img":"https://fd5-photos.leclercdrive.fr/image.ashx?id=2936176&use=l&cat=p&typeid=i","cat":284492},{"id":50674,"n":"Quatre quarts Bonne Maman 500g","p":3.05,"u":"6,10 €/KG","img":"https://fd5-photos.leclercdrive.fr/image.ashx?id=2936158&use=l&cat=p&typeid=i","cat":294776},{"id":50675,"n":"Gâteau Bonne Maman  Marbré chocolat - 475g","p":3.22,"u":"6,78 €/KG","img":"https://fd5-photos.leclercdrive.fr/image.ashx?id=2936161&use=l&cat=p&typeid=i","cat":294776},{"id":50676,"n":"Madeleine coquille St Michel  Oeuf plein air x24 - 600g","p":2.87,"u":"4,78 €/KG","img":"https://fd5-photos.leclercdrive.fr/image.ashx?id=2936197&use=l&cat=p&typeid=i","cat":284492},{"id":50678,"n":"IGP Vinaigre balsamique Modène Maille - 75cl","p":4.48,"u":"5,97 €/L","img":"https://fd5-photos.leclercdrive.fr/image.ashx?id=2805666&use=l&cat=p&typeid=i","cat":298543},{"id":50680,"n":"Barre Chocolatée KINDER Country  Céréales chocolat x15 - 352,5g","p":4.62,"u":"13,13 €/KG","img":"https://fd5-photos.leclercdrive.fr/image.ashx?id=2231903&use=l&cat=p&typeid=i","cat":284498},{"id":50682,"n":"Gâteau Ker Cadélac Le Moelleux Original - 500g","p":2.42,"u":"4,84 €/KG","img":"https://fd5-photos.leclercdrive.fr/image.ashx?id=2955797&use=l&cat=p&typeid=i","cat":294776},{"id":50683,"n":"Barre marbré  Ker Cadélac  Cacao - 500g","p":2.23,"u":"4,46 €/KG","img":"https://fd5-photos.leclercdrive.fr/image.ashx?id=2939508&use=l&cat=p&typeid=i","cat":294776},{"id":50686,"n":"Compotes Pom'Potes Gourdes  Multivariétés Inédits - 12x90g","p":5.68,"u":"5,26 €/KG","img":"https://fd5-photos.leclercdrive.fr/image.ashx?id=2864303&use=l&cat=p&typeid=i","cat":284508},{"id":50687,"n":"Compotes Pom'Potes Gourdes  Multivariétés Inédits - 12x90g","p":6.47,"u":"5,99 €/KG","img":"https://fd5-photos.leclercdrive.fr/image.ashx?id=3010924&use=l&cat=p&typeid=i","cat":284508},{"id":50688,"n":"Pains au chocolat Pasquier  x16 - 720g","p":4.21,"u":"5,85 €/KG","img":"https://fd5-photos.leclercdrive.fr/image.ashx?id=2686837&use=l&cat=p&typeid=i","cat":296366},{"id":50689,"n":"Croissants Pasquier x8 - 320g","p":1.95,"u":"6,09 €/KG","img":"https://fd5-photos.leclercdrive.fr/image.ashx?id=2853053&use=l&cat=p&typeid=i","cat":296366},{"id":50690,"n":"Brioche tressée Pasquier Tranchée nature - 500g","p":2.48,"u":"4,96 €/KG","img":"https://fd5-photos.leclercdrive.fr/image.ashx?id=2978706&use=l&cat=p&typeid=i","cat":284478},{"id":50698,"n":"Chocolat napolitain Villars Mignonnettes - 500g","p":13.02,"u":"26,04 €/KG","img":"https://fd5-photos.leclercdrive.fr/image.ashx?id=2464306&use=l&cat=p&typeid=i","cat":284499},{"id":50703,"n":"Mini canapés nature Jacquet - 255g","p":1.37,"u":"5,37 €/KG","img":"https://fd5-photos.leclercdrive.fr/image.ashx?id=2894794&use=l&cat=p&typeid=i","cat":285454},{"id":50705,"n":"Toasts ronds nature Jacquet - 250g","p":1.63,"u":"6,52 €/KG","img":"https://fd5-photos.leclercdrive.fr/image.ashx?id=2979602&use=l&cat=p&typeid=i","cat":285454},{"id":50706,"n":"Toasts foie gras ronds Jacquet - 250g","p":1.28,"u":"5,12 €/KG","img":"https://fd5-photos.leclercdrive.fr/image.ashx?id=2979599&use=l&cat=p&typeid=i","cat":285454},{"id":50710,"n":"Chocolats  Lindt Mignonnettes - 500g","p":12.25,"u":"24,50 €/KG","img":"https://fd5-photos.leclercdrive.fr/image.ashx?id=2209197&use=l&cat=p&typeid=i","cat":284499},{"id":50713,"n":"Biscuits Oreo Vanille / chocolat blanc - 246g","p":2.24,"u":"9,11 €/KG","img":"https://fd5-photos.leclercdrive.fr/image.ashx?id=2989447&use=l&cat=p&typeid=i","cat":284488},{"id":50715,"n":"Biscottes Gourmande Pelletier Goût brioché - 260g","p":2.26,"u":"8,69 €/KG","img":"https://fd5-photos.leclercdrive.fr/image.ashx?id=2961825&use=l&cat=p&typeid=i","cat":284479},{"id":50734,"n":"Soda Sprink's Orange - 1.5L","p":0.92,"u":"0,61 €/L","img":"https://fd5-photos.leclercdrive.fr/image.ashx?id=2925979&use=l&cat=p&typeid=i","cat":284532},{"id":50736,"n":"Blancs de poulet Eco+ 4 tranches - 180g","p":1.31,"u":"7,28 €/KG","img":"https://fd5-photos.leclercdrive.fr/image.ashx?id=2683634&use=l&cat=p&typeid=i","cat":316010},{"id":50744,"n":"Cervelas Eco+ 400g","p":1.62,"u":"4,05 €/KG","img":"https://fd5-photos.leclercdrive.fr/image.ashx?id=2683637&use=l&cat=p&typeid=i","cat":316012},{"id":50759,"n":"Biscuit croquant Bonne Maman  Noix de coco - 150g","p":1.5,"u":"10,00 €/KG","img":"https://fd5-photos.leclercdrive.fr/image.ashx?id=2936188&use=l&cat=p&typeid=i","cat":284487},{"id":50760,"n":"Sablés Bonne Maman  Tout Chocolat - 150g","p":1.49,"u":"9,93 €/KG","img":"https://fd5-photos.leclercdrive.fr/image.ashx?id=2923687&use=l&cat=p&typeid=i","cat":325066},{"id":50761,"n":"Coppa Saint Azay Chiffonnade - 100g","p":2.99,"u":"29,90 €/KG","img":"https://fd5-photos.leclercdrive.fr/image.ashx?id=2708351&use=l&cat=p&typeid=i","cat":316007},{"id":50767,"n":"Roti de porc Eco+ 5 tranches - 150g","p":1.79,"u":"11,93 €/KG","img":"https://fd5-photos.leclercdrive.fr/image.ashx?id=2706747&use=l&cat=p&typeid=i","cat":316009},{"id":50770,"n":"Pâtes serpentin Turini  Cuisson rapide - 500g","p":1.16,"u":"2,32 €/KG","img":"https://fd5-photos.leclercdrive.fr/image.ashx?id=2607560&use=l&cat=p&typeid=i","cat":284427},{"id":50773,"n":"Dés de jambon Eco+ 2x100G","p":1.65,"u":"8,25 €/KG","img":"https://fd5-photos.leclercdrive.fr/image.ashx?id=2930936&use=l&cat=p&typeid=i","cat":316011},{"id":50778,"n":"Jambon qualité choix Eco+ 10 tranches - 500g","p":4.21,"u":"8,42 €/KG","img":"https://fd5-photos.leclercdrive.fr/image.ashx?id=2970492&use=l&cat=p&typeid=i","cat":316009},{"id":50779,"n":"Saucisse de Strasbourg Eco+ x10 - 350g","p":1.19,"u":"3,40 €/KG","img":"https://fd5-photos.leclercdrive.fr/image.ashx?id=2794856&use=l&cat=p&typeid=i","cat":316012},{"id":50802,"n":"Huile d'olive Tramier Vierge extra - 75cl","p":7.2,"u":"9,60 €/L","img":"https://fd5-photos.leclercdrive.fr/image.ashx?id=2769807&use=l&cat=p&typeid=i","cat":284453},{"id":50805,"n":"Sauce Tomates Barilla Olive - 400g","p":1.66,"u":"4,15 €/KG","img":"https://fd5-photos.leclercdrive.fr/image.ashx?id=2832515&use=l&cat=p&typeid=i","cat":287599},{"id":50810,"n":"Sauce Tomates Barilla Arrabbiata - 400g","p":1.57,"u":"3,93 €/KG","img":"https://fd5-photos.leclercdrive.fr/image.ashx?id=2832509&use=l&cat=p&typeid=i","cat":287599},{"id":50842,"n":"Rhum ambré La martiniquaise Flask 40%vol - 20cl","p":3.4,"u":"17,00 €/L","img":"https://fd5-photos.leclercdrive.fr/image.ashx?id=2955155&use=l&cat=p&typeid=i","cat":284550},{"id":50863,"n":"Savon verveine Petit Olivier 2x100g","p":2.01,"u":"10,05 €/KG","img":"https://fd5-photos.leclercdrive.fr/image.ashx?id=2144839&use=l&cat=p&typeid=i","cat":284597},{"id":50864,"n":"Savon Petit Olivier Fleur d'oranger - 2x100g","p":2.29,"u":"11,45 €/KG","img":"https://fd5-photos.leclercdrive.fr/image.ashx?id=2660862&use=l&cat=p&typeid=i","cat":284597},{"id":50865,"n":"Savon rose Le Petit Olivier Savonnette extra douce - 2x100g","p":2.4,"u":"12,00 €/KG","img":"https://fd5-photos.leclercdrive.fr/image.ashx?id=2660865&use=l&cat=p&typeid=i","cat":284597},{"id":50866,"n":"Savon doux karité Petit Olivier Surgras - 250g","p":2.42,"u":"9,68 €/KG","img":"https://fd5-photos.leclercdrive.fr/image.ashx?id=2144848&use=l&cat=p&typeid=i","cat":284597},{"id":50867,"n":"Petit Olivier savon Marseille Avec ou sans pompe -  300ml","p":2.69,"u":"8,97 €/L","img":"https://fd5-photos.leclercdrive.fr/image.ashx?id=2683793&use=l&cat=p&typeid=i","cat":284597},{"id":50899,"n":"Sandwich baguette Daunat XXL Poulet crudités - 230g","p":2.29,"u":"9,96 €/KG","img":"https://fd5-photos.leclercdrive.fr/image.ashx?id=2623229&use=l&cat=p&typeid=i","cat":333658},{"id":50903,"n":"Rana Feuilles de lasagnes Fraîches - 250g","p":2.1,"u":"8,40 €/KG","img":"https://fd5-photos.leclercdrive.fr/image.ashx?id=2529144&use=l&cat=p&typeid=i","cat":333682},{"id":50915,"n":"Gnocchi à poêler Lustucru Fromage - 300g","p":1.58,"u":"5,27 €/KG","img":"https://fd5-photos.leclercdrive.fr/image.ashx?id=3014482&use=l&cat=p&typeid=i","cat":333682},{"id":50919,"n":"Emincés de boeuf Fleury Michon pommes de terre poivre - 280g","p":3.77,"u":"13,46 €/KG","img":"https://fd5-photos.leclercdrive.fr/image.ashx?id=3003299&use=l&cat=p&typeid=i","cat":333665},{"id":50927,"n":"Rillettes du Mans La Véritable Bordeau Chesnel - 400g","p":3.54,"u":"354,00 €/L","img":"https://fd5-photos.leclercdrive.fr/image.ashx?id=2763097&use=l&cat=p&typeid=i","cat":316008},{"id":50956,"n":"Bougies chauffe plats Ardence x25","p":2.39,"img":"https://fd5-photos.leclercdrive.fr/image.ashx?id=2635550&use=l&cat=p&typeid=i","cat":335913},{"id":50970,"n":"Plat bébé bio Good Goût bio Ratatouille - Dès 6 mois - 190g","p":2.45,"u":"12,89 €/KG","img":"https://fd5-photos.leclercdrive.fr/image.ashx?id=2579071&use=l&cat=p&typeid=i","cat":312235},{"id":50984,"n":"Soda zéro Sprink's Agrumes - 1,5L","p":0.76,"u":"0,51 €/L","img":"https://fd5-photos.leclercdrive.fr/image.ashx?id=2913724&use=l&cat=p&typeid=i","cat":284532},{"id":50990,"n":"Fruits au sirop St Mamet Ananas en morceaux - 345g","p":2.9,"u":"8,41 €/KG","img":"https://fd5-photos.leclercdrive.fr/image.ashx?id=2927309&use=l&cat=p&typeid=i","cat":284507},{"id":50991,"n":"Fruits au sirop St Mamet Ananas en tranches - 345g","p":3.06,"u":"8,87 €/KG","img":"https://fd5-photos.leclercdrive.fr/image.ashx?id=2630226&use=l&cat=p&typeid=i","cat":284507},{"id":51004,"n":"Sucre de canne Daddy Demi morceaux - 750g","p":2.05,"u":"2,73 €/KG","img":"https://fd5-photos.leclercdrive.fr/image.ashx?id=2907950&use=l&cat=p&typeid=i","cat":284502},{"id":51046,"n":"Mouchoirs blancs 3 plis Eco+ x15","p":0.97,"u":"0,06 €/P","img":"https://fd5-photos.leclercdrive.fr/image.ashx?id=2824244&use=l&cat=p&typeid=i","cat":284638},{"id":51047,"n":"Biscuits Petit Brun extra 300g","p":1.34,"u":"4,47 €/KG","img":"https://fd5-photos.leclercdrive.fr/image.ashx?id=3002264&use=l&cat=p&typeid=i","cat":284487},{"id":51048,"n":"Lentilles Notre Jardin 3x130g","p":2.1,"u":"5,38 €/KG","img":"https://fd5-photos.leclercdrive.fr/image.ashx?id=3002617&use=l&cat=p&typeid=i","cat":312609},{"id":51050,"n":"Chips Pom'lisse Barbecue - 6x30g","p":1.99,"u":"11,06 €/KG","img":"https://fd5-photos.leclercdrive.fr/image.ashx?id=2809668&use=l&cat=p&typeid=i","cat":284447},{"id":51086,"n":"Crevettes Argentine Pêche Océan sauvages rouge - 400G","p":6.99,"u":"17,48 €/KG","img":"https://fd5-photos.leclercdrive.fr/image.ashx?id=2340036&use=l&cat=p&typeid=i","cat":319787},{"id":51089,"n":"Soda Sprink's Aux agrumes - 1.5L","p":1.4,"u":"0,93 €/L","img":"https://fd5-photos.leclercdrive.fr/image.ashx?id=2913727&use=l&cat=p&typeid=i","cat":284532},{"id":51227,"n":"Papier cuisson Alfapac Naturel 10M x 0.37","p":2.43,"img":"https://fd5-photos.leclercdrive.fr/image.ashx?id=2887734&use=l&cat=p&typeid=i","cat":334134},{"id":51248,"n":"Crème dessert La Laitière Caramel  - 4x100g","p":1.95,"u":"4,88 €/KG","img":"https://fd5-photos.leclercdrive.fr/image.ashx?id=2875990&use=l&cat=p&typeid=i","cat":285041},{"id":51249,"n":"Crème brûlée La Laitière saveur vanille - 4x100g","p":2.63,"u":"6,58 €/KG","img":"https://fd5-photos.leclercdrive.fr/image.ashx?id=2624116&use=l&cat=p&typeid=i","cat":284419},{"id":51250,"n":"Yaourt nature Activia bifidus 0%MG  - 8x125g","p":3.09,"u":"3,09 €/KG","img":"https://fd5-photos.leclercdrive.fr/image.ashx?id=2741688&use=l&cat=p&typeid=i","cat":315000},{"id":51257,"n":"Eau aromatisée O'Fresh Citron vert - 1.5L","p":0.75,"u":"0,50 €/L","img":"https://fd5-photos.leclercdrive.fr/image.ashx?id=2450038&use=l&cat=p&typeid=i","cat":284537},{"id":51265,"n":"Eau aromatisée O'Fresh Citron - 1.5L","p":0.75,"u":"0,50 €/L","img":"https://fd5-photos.leclercdrive.fr/image.ashx?id=2450041&use=l&cat=p&typeid=i","cat":284537},{"id":51268,"n":"Eau aromatisée O'Fresh Fraise - 1.5L","p":0.75,"u":"0,50 €/L","img":"https://fd5-photos.leclercdrive.fr/image.ashx?id=2450044&use=l&cat=p&typeid=i","cat":284537},{"id":51270,"n":"Tablette chocolat Côte d'Or Chocolat au lait - 3x100g","p":4.7,"u":"15,67 €/KG","img":"https://fd5-photos.leclercdrive.fr/image.ashx?id=2875561&use=l&cat=p&typeid=i","cat":284497},{"id":51271,"n":"Tablette chocolat Côte d'Or Noir extra - 3x100g","p":3.74,"u":"12,47 €/KG","img":"https://fd5-photos.leclercdrive.fr/image.ashx?id=2875564&use=l&cat=p&typeid=i","cat":284956},{"id":51274,"n":"Tablette chocolat Côte d'Or Chocolar lait/ Raisin - 180g","p":3.39,"u":"18,83 €/KG","img":"https://fd5-photos.leclercdrive.fr/image.ashx?id=2961272&use=l&cat=p&typeid=i","cat":284497},{"id":51275,"n":"Tablette chocolat Côte d'Or Chocolat lait/Noisettes - 180g","p":3.28,"u":"18,22 €/KG","img":"https://fd5-photos.leclercdrive.fr/image.ashx?id=2993140&use=l&cat=p&typeid=i","cat":284497},{"id":51276,"n":"Tablette chocolat Côte d'Or Chocolat noir/Noisettes - 180g","p":3.11,"u":"17,28 €/KG","img":"https://fd5-photos.leclercdrive.fr/image.ashx?id=2993143&use=l&cat=p&typeid=i","cat":284956},{"id":51289,"n":"Fromage Blanc Calin Nature - 0% extra - 850g","p":2.06,"u":"2,42 €/KG","img":"https://fd5-photos.leclercdrive.fr/image.ashx?id=2973724&use=l&cat=p&typeid=i","cat":315000},{"id":51291,"n":"Fromage blanc Soignon Nature lait de chèvre - 4x100g","p":2.6,"u":"6,50 €/KG","img":"https://fd5-photos.leclercdrive.fr/image.ashx?id=2539902&use=l&cat=p&typeid=i","cat":314998},{"id":51292,"n":"Yaourts Douceur satinée Délisse Nature - 8x125g","p":2.59,"u":"2,59 €/KG","img":"https://fd5-photos.leclercdrive.fr/image.ashx?id=2932414&use=l&cat=p&typeid=i","cat":284409},{"id":51297,"n":"Compotes Andros Pomme nature - 8x100g","p":2.11,"u":"2,64 €/KG","img":"https://fd5-photos.leclercdrive.fr/image.ashx?id=2884006&use=l&cat=p&typeid=i","cat":284416},{"id":51298,"n":"Compotes Andros  Pomme nature - 16x100g","p":3.12,"u":"1,95 €/KG","img":"https://fd5-photos.leclercdrive.fr/image.ashx?id=2908195&use=l&cat=p&typeid=i","cat":284416},{"id":51300,"n":"Yaourt Nature Sucré Yoplait - 4x125g","p":1.08,"u":"2,16 €/KG","img":"https://fd5-photos.leclercdrive.fr/image.ashx?id=2799898&use=l&cat=p&typeid=i","cat":284409},{"id":51318,"n":"Nonnettes de Dijon NRT Cassis - 200g","p":3.99,"u":"19,95 €/KG","img":"https://fd5-photos.leclercdrive.fr/image.ashx?id=2622338&use=l&cat=p&typeid=i","cat":284493},{"id":51323,"n":"Trousse de secours Stéripan Grand format - x1","p":8.25,"img":"https://fd5-photos.leclercdrive.fr/image.ashx?id=2320914&use=l&cat=p&typeid=i","cat":284630},{"id":51344,"n":"Riz au lait La Laitière Rhum raisin - 4x115g","p":1.8,"u":"3,91 €/KG","img":"https://fd5-photos.leclercdrive.fr/image.ashx?id=2490455&use=l&cat=p&typeid=i","cat":284418},{"id":51346,"n":"Dessert liégeois Viennois Vanille lit de caramel - 4x100g","p":1.52,"u":"3,80 €/KG","img":"https://fd5-photos.leclercdrive.fr/image.ashx?id=2692122&use=l&cat=p&typeid=i","cat":285042},{"id":51353,"n":"Fromage Cantal jeune NRT AOP  200g","p":3.19,"u":"15,95 €/KG","img":"https://fd5-photos.leclercdrive.fr/image.ashx?id=2934832&use=l&cat=p&typeid=i","cat":314034},{"id":51354,"n":"Mascarpone gorgonzola Tradizioni d'Italia - 200g","p":2.69,"u":"13,45 €/KG","img":"https://fd5-photos.leclercdrive.fr/image.ashx?id=2966535&use=l&cat=p&typeid=i","cat":314032},{"id":51355,"n":"Plat courges 6 mois Good Goût Bio - sauté d'agneau - 190g","p":2.86,"u":"15,05 €/KG","img":"https://fd5-photos.leclercdrive.fr/image.ashx?id=2637276&use=l&cat=p&typeid=i","cat":312236},{"id":51361,"n":"Brassé Poire vanille Good Goût Bio Dès 6 mois - 90g","p":1.13,"u":"12,56 €/KG","img":"https://fd5-photos.leclercdrive.fr/image.ashx?id=2736178&use=l&cat=p&typeid=i","cat":312392},{"id":51392,"n":"Yaourts à la Grecque Délisse Lit de fruit jaunes - 4x150g","p":1.99,"u":"3,32 €/KG","img":"https://fd5-photos.leclercdrive.fr/image.ashx?id=2699699&use=l&cat=p&typeid=i","cat":314999},{"id":51395,"n":"Profiteroles Délisse 4x90g","p":2.49,"u":"6,92 €/KG","img":"https://fd5-photos.leclercdrive.fr/image.ashx?id=2844842&use=l&cat=p&typeid=i","cat":284419},{"id":51397,"n":"Croissants pur beurre 4p","p":3.35,"u":"0,84 €/P","img":"https://fd5-photos.leclercdrive.fr/image.ashx?id=572842&use=l&cat=p&typeid=i","cat":284984},{"id":51510,"n":"Stylo bille Esquisse 4 couleurs différentes - x4","p":1.49,"img":"https://fd5-photos.leclercdrive.fr/image.ashx?id=2131230&use=l&cat=p&typeid=i","cat":284696},{"id":51607,"n":"Fromage enfant Kiri Goûter 8 portions barquettes - 280g","p":3.2,"u":"11,43 €/KG","img":"https://fd5-photos.leclercdrive.fr/image.ashx?id=2972886&use=l&cat=p&typeid=i","cat":314030},{"id":51638,"n":"Trieur Esquisse A4 Turquoise - 8 positions","p":2.99,"img":"https://fd5-photos.leclercdrive.fr/image.ashx?id=1698766&use=l&cat=p&typeid=i","cat":284745},{"id":51653,"n":"Bananes Panier du Primeur x5","p":1.69,"u":"0,34 €/P","img":"https://fd5-photos.leclercdrive.fr/image.ashx?id=2302456&use=l&cat=p&typeid=i","cat":284356},{"id":51683,"n":"Sucre en morceaux Saint Louis Sécables - 1kg","p":2.07,"u":"2,07 €/KG","img":"https://fd5-photos.leclercdrive.fr/image.ashx?id=2624233&use=l&cat=p&typeid=i","cat":284502},{"id":51684,"n":"Bière Colomba  Rosée - 4x25cl","p":5.69,"u":"5,69 €/L","img":"https://fd5-photos.leclercdrive.fr/image.ashx?id=2432700&use=l&cat=p&typeid=i","cat":334878},{"id":51685,"n":"Bière Pietra  Blonde - 6x25cl","p":8.3,"u":"5,53 €/L","img":"https://fd5-photos.leclercdrive.fr/image.ashx?id=1877273&use=l&cat=p&typeid=i","cat":334872},{"id":51687,"n":"Bière Pietra  Rossa  - 4X25cl","p":7.08,"u":"7,08 €/L","img":"https://fd5-photos.leclercdrive.fr/image.ashx?id=1877276&use=l&cat=p&typeid=i","cat":334878},{"id":51722,"n":"Bâtonnet Magic Smicy Mutlifruits x8 - 320g","p":2.51,"u":"7,84 €/KG","img":"https://fd5-photos.leclercdrive.fr/image.ashx?id=2133942&use=l&cat=p&typeid=i","cat":285250},{"id":51750,"n":"Sel fin La Baleine Iodé - 500g","p":0.59,"u":"1,18 €/KG","img":"https://fd5-photos.leclercdrive.fr/image.ashx?id=1752100&use=l&cat=p&typeid=i","cat":284457},{"id":51751,"n":"Cacolac Chocolat Canettes Pack - 6x25cl","p":4.26,"u":"2,84 €/L","img":"https://fd5-photos.leclercdrive.fr/image.ashx?id=2554623&use=l&cat=p&typeid=i","cat":295246},{"id":51763,"n":"Trieur Esquisse A4 Noir - 8 positions","p":2.99,"img":"https://fd5-photos.leclercdrive.fr/image.ashx?id=1698772&use=l&cat=p&typeid=i","cat":284745},{"id":51770,"n":"Protège-documents Esquisse Rouge - A4 - 40 vues","p":1.79,"img":"https://fd5-photos.leclercdrive.fr/image.ashx?id=940775&use=l&cat=p&typeid=i","cat":284745},{"id":51771,"n":"Protège-documents Esquisse  Transparent - A4 - 40 vues","p":1.79,"img":"https://fd5-photos.leclercdrive.fr/image.ashx?id=1690170&use=l&cat=p&typeid=i","cat":284745},{"id":51774,"n":"Chemise 3 rabats Esquisse Rouge/Noir/Bleu Polypro x3","p":3.5,"u":"1,17 €/P","img":"https://fd5-photos.leclercdrive.fr/image.ashx?id=1690176&use=l&cat=p&typeid=i","cat":284745},{"id":51822,"n":"Thé glacé Lipton Ice Tea Pêche - 4x50cl","p":4.37,"u":"2,19 €/L","img":"https://fd5-photos.leclercdrive.fr/image.ashx?id=2505471&use=l&cat=p&typeid=i","cat":295019},{"id":51831,"n":"Eau gazeuse Rozana 6x50cl","p":3.14,"u":"1,05 €/L","img":"https://fd5-photos.leclercdrive.fr/image.ashx?id=2870608&use=l&cat=p&typeid=i","cat":284536},{"id":51864,"n":"Bière blonde Kronenbourg 4,2° - 6x25cl","p":3.36,"u":"2,24 €/L","img":"https://fd5-photos.leclercdrive.fr/image.ashx?id=2992747&use=l&cat=p&typeid=i","cat":334873},{"id":51865,"n":"Bière blonde Kronenbourg 4,2° - 10x25cl","p":5.4,"u":"2,16 €/L","img":"https://fd5-photos.leclercdrive.fr/image.ashx?id=2992750&use=l&cat=p&typeid=i","cat":334873},{"id":51866,"n":"Lait Croissance Mots d'Enfants 12 à 36 mois - 6x1L","p":8.04,"u":"1,34 €/L","img":"https://fd5-photos.leclercdrive.fr/image.ashx?id=2770684&use=l&cat=p&typeid=i","cat":284728},{"id":51904,"n":"Règle Esquisse 30cm - x1","p":0.75,"img":"https://fd5-photos.leclercdrive.fr/image.ashx?id=2726908&use=l&cat=p&typeid=i","cat":334133},{"id":51934,"n":"Goûter laitier Récré O'Lé Gourdes Chocolat - 12x85g","p":5.79,"u":"5,68 €/KG","img":"https://fd5-photos.leclercdrive.fr/image.ashx?id=2887035&use=l&cat=p&typeid=i","cat":284506},{"id":51935,"n":"Goûter laitier Récré O'Lé Gourdes Saveur Vanille - 12x85g","p":4.98,"u":"4,88 €/KG","img":"https://fd5-photos.leclercdrive.fr/image.ashx?id=2795213&use=l&cat=p&typeid=i","cat":284506},{"id":51939,"n":"Trio salade Florette Mâche roquette betterave - 175g","p":2.7,"u":"15,43 €/KG","img":"https://fd5-photos.leclercdrive.fr/image.ashx?id=2650534&use=l&cat=p&typeid=i","cat":284353},{"id":51956,"n":"Gel barquette  Bien Air Muguet  x1","p":1.24,"img":"https://fd5-photos.leclercdrive.fr/image.ashx?id=2466877&use=l&cat=p&typeid=i","cat":311628},{"id":51957,"n":"Gel désodorisant Bien Air Marine - x1","p":1.35,"img":"https://fd5-photos.leclercdrive.fr/image.ashx?id=2466880&use=l&cat=p&typeid=i","cat":311628},{"id":51976,"n":"Boisson lactée Candy'UP Chocolat - 24x20cl","p":11.32,"u":"2,36 €/L","img":"https://fd5-photos.leclercdrive.fr/image.ashx?id=2851060&use=l&cat=p&typeid=i","cat":295246},{"id":51978,"n":"Boisson au soja Nat&Vie Chocolat - 1L","p":1.4,"u":"1,40 €/L","img":"https://fd5-photos.leclercdrive.fr/image.ashx?id=2886457&use=l&cat=p&typeid=i","cat":316067},{"id":51979,"n":"Boisson au soja Vanille Végé 1L Végé - 200g","p":1.35,"u":"1,35 €/L","img":"https://fd5-photos.leclercdrive.fr/image.ashx?id=2872703&use=l&cat=p&typeid=i","cat":316067},{"id":51980,"n":"Lait demi-écrémé Délisse UHT -  6x25cl","p":3.36,"u":"2,24 €/L","img":"https://fd5-photos.leclercdrive.fr/image.ashx?id=2971503&use=l&cat=p&typeid=i","cat":284377},{"id":51989,"n":"Lait sans lactose Délisse UHT Bouteille -  6x50cl","p":5.76,"u":"1,92 €/L","img":"https://fd5-photos.leclercdrive.fr/image.ashx?id=2492267&use=l&cat=p&typeid=i","cat":317169},{"id":51990,"n":"Lait demi-écrémé Délisse Délactosé bouteille - 50cl","p":0.96,"u":"1,92 €/L","img":"https://fd5-photos.leclercdrive.fr/image.ashx?id=2610232&use=l&cat=p&typeid=i","cat":317169},{"id":51995,"n":"Spécialité laitière Délisse Epaisse - 7% MG - 50cl","p":1.43,"u":"2,86 €/L","img":"https://fd5-photos.leclercdrive.fr/image.ashx?id=2363802&use=l&cat=p&typeid=i","cat":284381},{"id":51996,"n":"Spécialtié laitière Délisse UHT Fluide 4%mg - 3x20cl","p":1.99,"u":"3,32 €/L","img":"https://fd5-photos.leclercdrive.fr/image.ashx?id=2909398&use=l&cat=p&typeid=i","cat":284381},{"id":51999,"n":"Spécialité laitière Délisse Semi-épaisse 4%mg - 2x25cl","p":1.9,"u":"3,80 €/L","img":"https://fd5-photos.leclercdrive.fr/image.ashx?id=1790942&use=l&cat=p&typeid=i","cat":284381},{"id":52000,"n":"Spécialité laitière Délisse Epaisse - 7% MG - 20cl","p":0.95,"u":"4,75 €/L","img":"https://fd5-photos.leclercdrive.fr/image.ashx?id=2375583&use=l&cat=p&typeid=i","cat":284381},{"id":52001,"n":"Pâte à pizza fine Herta Rectangulaire - 390g","p":1.69,"u":"4,33 €/KG","img":"https://fd5-photos.leclercdrive.fr/image.ashx?id=2976110&use=l&cat=p&typeid=i","cat":333681},{"id":52002,"n":"HERTA Pâte à pizza fine & ronde 265g","p":1.09,"u":"4,11 €/KG","img":"https://fd5-photos.leclercdrive.fr/image.ashx?id=2975674&use=l&cat=p&typeid=i","cat":333681},{"id":52003,"n":"Eau aromatisée O'Fresh Fraise - 6x50cl","p":3.0,"u":"1,00 €/L","img":"https://fd5-photos.leclercdrive.fr/image.ashx?id=2441378&use=l&cat=p&typeid=i","cat":284537},{"id":52004,"n":"AOC Alsace Edelzwicker  vin blanc Rebmann - 75 cl","p":4.49,"u":"5,99 €/L","img":"https://fd5-photos.leclercdrive.fr/image.ashx?id=2775472&use=l&cat=p&typeid=i","cat":289557},{"id":52006,"n":"Blinis Ronde des Mers Medium x8 - 160g","p":1.69,"u":"10,56 €/KG","img":"https://fd5-photos.leclercdrive.fr/image.ashx?id=2981888&use=l&cat=p&typeid=i","cat":285191},{"id":52071,"n":"Tortillas Table du Monde De maïs - 320g","p":1.69,"u":"5,28 €/KG","img":"https://fd5-photos.leclercdrive.fr/image.ashx?id=2679759&use=l&cat=p&typeid=i","cat":288993},{"id":52077,"n":"IGP Côtes du Tarn Gamay  Rouge Vieux Carion 12% BIB 3L","p":7.99,"u":"2,66 €/L","img":"https://fd5-photos.leclercdrive.fr/image.ashx?id=2756155&use=l&cat=p&typeid=i","cat":289560},{"id":52078,"n":"Pointe Brie de Meaux NRT AOP 200g","p":3.09,"u":"15,45 €/KG","img":"https://fd5-photos.leclercdrive.fr/image.ashx?id=2564491&use=l&cat=p&typeid=i","cat":314033},{"id":52080,"n":"Emmental fromage rapé Les Croisés - 1kg","p":7.97,"u":"7,97 €/KG","img":"https://fd5-photos.leclercdrive.fr/image.ashx?id=2832990&use=l&cat=p&typeid=i","cat":314035},{"id":52081,"n":"Boisson à base de vin rosé  saveur fraise Festalie - 75 cl","p":2.4,"u":"3,20 €/L","img":"https://fd5-photos.leclercdrive.fr/image.ashx?id=2774903&use=l&cat=p&typeid=i","cat":304569},{"id":52089,"n":"Fromage Cantal Entre deux NRT  AOP - 220g","p":3.26,"u":"14,82 €/KG","img":"https://fd5-photos.leclercdrive.fr/image.ashx?id=2934838&use=l&cat=p&typeid=i","cat":314034},{"id":52090,"n":"Pizza Turini 3 Fromages - 3x350g","p":5.3,"u":"5,05 €/KG","img":"https://fd5-photos.leclercdrive.fr/image.ashx?id=2815247&use=l&cat=p&typeid=i","cat":284256},{"id":52093,"n":"Salade Menu Fraîcheur Lentilles aux oignons - 300g","p":1.52,"u":"5,07 €/KG","img":"https://fd5-photos.leclercdrive.fr/image.ashx?id=2645954&use=l&cat=p&typeid=i","cat":333657},{"id":52094,"n":"Poulet rôti purée Côté Table Barquette - 300g","p":2.38,"u":"7,93 €/KG","img":"https://fd5-photos.leclercdrive.fr/image.ashx?id=2624001&use=l&cat=p&typeid=i","cat":284953},{"id":52095,"n":"Salade Menu Fraîcheur Légumes penne pesto  - 300g","p":1.99,"u":"6,63 €/KG","img":"https://fd5-photos.leclercdrive.fr/image.ashx?id=2816585&use=l&cat=p&typeid=i","cat":333657},{"id":52096,"n":"Confit de figues NRT De Provence - 150g","p":1.87,"u":"12,47 €/KG","img":"https://fd5-photos.leclercdrive.fr/image.ashx?id=2839995&use=l&cat=p&typeid=i","cat":284480},{"id":52104,"n":"Gaufres P'tit Deli Poudrées - 260g","p":1.69,"u":"6,50 €/KG","img":"https://fd5-photos.leclercdrive.fr/image.ashx?id=2968994&use=l&cat=p&typeid=i","cat":294777},{"id":52105,"n":"Mini brownies chocolat  Sans gluten - 240g","p":3.24,"u":"13,50 €/KG","img":"https://fd5-photos.leclercdrive.fr/image.ashx?id=2463404&use=l&cat=p&typeid=i","cat":318654},{"id":52111,"n":"Chiffonade chorizo Saint Azay 100g","p":2.19,"u":"21,90 €/KG","img":"https://fd5-photos.leclercdrive.fr/image.ashx?id=2845146&use=l&cat=p&typeid=i","cat":316007},{"id":52112,"n":"Jambon sec Saint Azay  4 tranches - 100g","p":2.06,"u":"20,60 €/KG","img":"https://fd5-photos.leclercdrive.fr/image.ashx?id=2869275&use=l&cat=p&typeid=i","cat":316007},{"id":52113,"n":"Jambon sec Saint Azay  8 tranches - 200g","p":4.09,"u":"20,45 €/KG","img":"https://fd5-photos.leclercdrive.fr/image.ashx?id=2872451&use=l&cat=p&typeid=i","cat":316007},{"id":52114,"n":"Fromage Emmental râpé NRT IGP de Savoie - 100g","p":1.99,"u":"19,90 €/KG","img":"https://fd5-photos.leclercdrive.fr/image.ashx?id=2771088&use=l&cat=p&typeid=i","cat":314035},{"id":52115,"n":"Ail Rustica  250g","p":3.29,"u":"13,16 €/KG","img":"https://fd5-photos.leclercdrive.fr/image.ashx?id=2341894&use=l&cat=p&typeid=i","cat":319804},{"id":52117,"n":"Persil et ail Rustica   250g","p":3.33,"u":"13,32 €/KG","img":"https://fd5-photos.leclercdrive.fr/image.ashx?id=2341897&use=l&cat=p&typeid=i","cat":319804},{"id":52118,"n":"Persil Rustica 250g","p":3.29,"u":"13,16 €/KG","img":"https://fd5-photos.leclercdrive.fr/image.ashx?id=2835205&use=l&cat=p&typeid=i","cat":319804},{"id":52122,"n":"Limonade Sprink's Zero - 1.5L","p":0.59,"u":"0,39 €/L","img":"https://fd5-photos.leclercdrive.fr/image.ashx?id=2913681&use=l&cat=p&typeid=i","cat":284531},{"id":52124,"n":"Pâtes Tagliatelles Turini  Fraiches - 600g","p":1.89,"u":"3,15 €/KG","img":"https://fd5-photos.leclercdrive.fr/image.ashx?id=2823081&use=l&cat=p&typeid=i","cat":333682},{"id":52128,"n":"Dés de saumon Ronde des Mers  Fumé nature - 90g","p":4.1,"u":"45,56 €/KG","img":"https://fd5-photos.leclercdrive.fr/image.ashx?id=3004624&use=l&cat=p&typeid=i","cat":285188},{"id":52134,"n":"Emmental -30% sel fromage bloc  Les Croisés - 200g","p":2.59,"u":"12,95 €/KG","img":"https://fd5-photos.leclercdrive.fr/image.ashx?id=2897790&use=l&cat=p&typeid=i","cat":314034},{"id":52135,"n":"Emmental -30% sel fromage râpé Les Croisés - 150g","p":1.99,"u":"13,27 €/KG","img":"https://fd5-photos.leclercdrive.fr/image.ashx?id=2949197&use=l&cat=p&typeid=i","cat":314035},{"id":52138,"n":"Anchois entiers NRT à l'huile d'olive vierge extra - 115g","p":2.69,"u":"23,39 €/KG","img":"https://fd5-photos.leclercdrive.fr/image.ashx?id=967659&use=l&cat=p&typeid=i","cat":305147},{"id":52139,"n":"Confit d'oignons NRT 150g","p":1.87,"u":"12,47 €/KG","img":"https://fd5-photos.leclercdrive.fr/image.ashx?id=2839998&use=l&cat=p&typeid=i","cat":284458},{"id":52141,"n":"Bâtonnets Dentastix Pedigree Moyen chien x7 - 180g","p":2.25,"u":"12,50 €/KG","img":"https://fd5-photos.leclercdrive.fr/image.ashx?id=2981301&use=l&cat=p&typeid=i","cat":294527},{"id":52142,"n":"Bâtonnets Dentastix Pedigree Grand chien x7 - 270g","p":3.37,"u":"12,48 €/KG","img":"https://fd5-photos.leclercdrive.fr/image.ashx?id=2877046&use=l&cat=p&typeid=i","cat":294527},{"id":52143,"n":"Bâtonnets Dentastix Pedigree Petit chien x7 - 110g","p":1.68,"u":"15,27 €/KG","img":"https://fd5-photos.leclercdrive.fr/image.ashx?id=2832338&use=l&cat=p&typeid=i","cat":294527},{"id":52148,"n":"Filet de poulet Fleury Michon pommes de terre - 300g","p":3.1,"u":"10,33 €/KG","img":"https://fd5-photos.leclercdrive.fr/image.ashx?id=2656754&use=l&cat=p&typeid=i","cat":333665},{"id":52170,"n":"Amandes effilées Vahiné 125g","p":3.6,"u":"28,80 €/KG","img":"https://fd5-photos.leclercdrive.fr/image.ashx?id=2490575&use=l&cat=p&typeid=i","cat":284504},{"id":52171,"n":"Noix de coco Vahiné  Râpée - 115g","p":1.57,"u":"13,65 €/KG","img":"https://fd5-photos.leclercdrive.fr/image.ashx?id=2559811&use=l&cat=p&typeid=i","cat":284504},{"id":52172,"n":"Noisettes en poudre Vahiné 100g","p":3.19,"u":"31,90 €/KG","img":"https://fd5-photos.leclercdrive.fr/image.ashx?id=2559823&use=l&cat=p&typeid=i","cat":284504},{"id":52174,"n":"Raisins blond Vahiné  125g","p":1.87,"u":"14,96 €/KG","img":"https://fd5-photos.leclercdrive.fr/image.ashx?id=2606253&use=l&cat=p&typeid=i","cat":284357},{"id":52175,"n":"Raisins secs Vahiné  125g","p":1.85,"u":"14,80 €/KG","img":"https://fd5-photos.leclercdrive.fr/image.ashx?id=2559820&use=l&cat=p&typeid=i","cat":284357},{"id":52176,"n":"Cerneaux de noix Vahiné 50g","p":1.56,"u":"31,20 €/KG","img":"https://fd5-photos.leclercdrive.fr/image.ashx?id=2606247&use=l&cat=p&typeid=i","cat":284504},{"id":52177,"n":"Pignons de pin Vahiné 50g","p":3.67,"u":"73,40 €/KG","img":"https://fd5-photos.leclercdrive.fr/image.ashx?id=2559799&use=l&cat=p&typeid=i","cat":284357},{"id":52246,"n":"Spray retouche L'Oréal Paris Magic Retouch Noir","p":10.63,"u":"141,73 €/L","img":"https://fd5-photos.leclercdrive.fr/image.ashx?id=2586420&use=l&cat=p&typeid=i","cat":288899},{"id":52247,"n":"Spray racine Magic Retouch 6 Chatain/acajou - 75ml","p":8.9,"u":"118,67 €/L","img":"https://fd5-photos.leclercdrive.fr/image.ashx?id=2618011&use=l&cat=p&typeid=i","cat":288899},{"id":52248,"n":"Spray racine Magic Retouch 5 Blond - 75ml","p":10.57,"u":"140,93 €/L","img":"https://fd5-photos.leclercdrive.fr/image.ashx?id=2597193&use=l&cat=p&typeid=i","cat":288899},{"id":52249,"n":"Spray retouche L'Oréal Paris Magic Retouch Blond foncé","p":9.91,"u":"132,13 €/L","img":"https://fd5-photos.leclercdrive.fr/image.ashx?id=2586429&use=l&cat=p&typeid=i","cat":288899},{"id":52250,"n":"Spray Coloration L'Oréal Paris Magic Retouch Châtain","p":10.31,"u":"137,47 €/L","img":"https://fd5-photos.leclercdrive.fr/image.ashx?id=2586426&use=l&cat=p&typeid=i","cat":288899},{"id":52251,"n":"Spray retouche L'Oréal Paris Magic Retouch Châtain Foncé","p":10.31,"u":"137,47 €/L","img":"https://fd5-photos.leclercdrive.fr/image.ashx?id=2586423&use=l&cat=p&typeid=i","cat":288899},{"id":52254,"n":"IGP Comté Tolosan vin blanc Bernard Cordelier - 75 cl","p":1.99,"u":"2,65 €/L","img":"https://fd5-photos.leclercdrive.fr/image.ashx?id=2905198&use=l&cat=p&typeid=i","cat":289557},{"id":52335,"n":"Sauce tomate cuisinée Panzani Tube légumes - 180g","p":0.92,"u":"5,11 €/KG","img":"https://fd5-photos.leclercdrive.fr/image.ashx?id=2984751&use=l&cat=p&typeid=i","cat":288384},{"id":52351,"n":"Navet  1p","p":0.55,"img":"https://fd5-photos.leclercdrive.fr/image.ashx?id=1632668&use=l&cat=p&typeid=i","cat":284352},{"id":52362,"n":"Biscuit sablé Beurre Gerblé Sans Gluten - 160g","p":3.31,"u":"18,91 €/KG","img":"https://fd5-photos.leclercdrive.fr/image.ashx?id=2662823&use=l&cat=p&typeid=i","cat":318654},{"id":52367,"n":"Whisky Ballantine's Finest Blended Scotch 40% vol - 1,5L","p":31.32,"u":"20,88 €/L","img":"https://fd5-photos.leclercdrive.fr/image.ashx?id=3000833&use=l&cat=p&typeid=i","cat":284547},{"id":52384,"n":"Règle Double décimètre Esquisse 20 cm x1","p":0.5,"img":"https://fd5-photos.leclercdrive.fr/image.ashx?id=2943247&use=l&cat=p&typeid=i","cat":334133},{"id":52388,"n":"Crème anti-âge So Bio Etic Plaisir d'argan bio - 50ml","p":11.06,"u":"221,20 €/L","img":"https://fd5-photos.leclercdrive.fr/image.ashx?id=2988587&use=l&cat=p&typeid=i","cat":325345},{"id":52389,"n":"Gelée nuit anti âge So Bio Etic Argan bio - 40ml","p":11.72,"u":"293,00 €/L","img":"https://fd5-photos.leclercdrive.fr/image.ashx?id=2494734&use=l&cat=p&typeid=i","cat":325345},{"id":52391,"n":"Lotion micellaire So Bio Etic Tonifiante bio - 500ml","p":6.93,"u":"13,86 €/L","img":"https://fd5-photos.leclercdrive.fr/image.ashx?id=2909065&use=l&cat=p&typeid=i","cat":284603},{"id":52392,"n":"Contour yeux lèvres So Bio Etic Anti-âge Argan bio - 15ml","p":11.07,"u":"738,00 €/L","img":"https://fd5-photos.leclercdrive.fr/image.ashx?id=2494740&use=l&cat=p&typeid=i","cat":325345},{"id":52404,"n":"Yaourt nature bifidus Activia 12x125g","p":3.64,"u":"2,43 €/KG","img":"https://fd5-photos.leclercdrive.fr/image.ashx?id=2741703&use=l&cat=p&typeid=i","cat":315000},{"id":52412,"n":"Poélée Parisienne D'Aucy 2x580g","p":5.36,"u":"4,62 €/KG","img":"https://fd5-photos.leclercdrive.fr/image.ashx?id=2197558&use=l&cat=p&typeid=i","cat":312612},{"id":52539,"n":"Pur jus de citron Jardin Bio Bio - 50cl","p":2.69,"u":"5,38 €/L","img":"https://fd5-photos.leclercdrive.fr/image.ashx?id=3014524&use=l&cat=p&typeid=i","cat":288383},{"id":52540,"n":"Pur jus de citron Jardin Bio Bio - 25cl","p":1.7,"u":"6,80 €/L","img":"https://fd5-photos.leclercdrive.fr/image.ashx?id=2673745&use=l&cat=p&typeid=i","cat":288383},{"id":52582,"n":"Sauce Bolognaise Panzani - 210G","p":1.37,"u":"6,52 €/KG","img":"https://fd5-photos.leclercdrive.fr/image.ashx?id=2977927&use=l&cat=p&typeid=i","cat":287599},{"id":52598,"n":"Pur Jus de carottes NRT Des Landes - 1L","p":2.48,"u":"2,48 €/L","img":"https://fd5-photos.leclercdrive.fr/image.ashx?id=2590508&use=l&cat=p&typeid=i","cat":284523},{"id":52618,"n":"Crème brulée Rians  3x100g","p":3.21,"u":"10,70 €/KG","img":"https://fd5-photos.leclercdrive.fr/image.ashx?id=2396246&use=l&cat=p&typeid=i","cat":284419},{"id":52625,"n":"Sauce Pommes de Terre Bénédicta - 255g","p":1.52,"u":"5,85 €/KG","img":"https://fd5-photos.leclercdrive.fr/image.ashx?id=2689925&use=l&cat=p&typeid=i","cat":318430},{"id":52631,"n":"Sauce Béarnaise Bénédicta - 260g","p":1.37,"u":"5,27 €/KG","img":"https://fd5-photos.leclercdrive.fr/image.ashx?id=2689931&use=l&cat=p&typeid=i","cat":318430},{"id":52632,"n":"Sauce au Poivre Bénédicta - 260g","p":1.38,"u":"5,31 €/KG","img":"https://fd5-photos.leclercdrive.fr/image.ashx?id=2689937&use=l&cat=p&typeid=i","cat":318430},{"id":52633,"n":"Sauce Tartare Bénédicta - 260g","p":1.4,"u":"5,38 €/KG","img":"https://fd5-photos.leclercdrive.fr/image.ashx?id=2689940&use=l&cat=p&typeid=i","cat":318430},{"id":52634,"n":"Sauce Bourguignonne Bénédicta - 260g","p":1.33,"u":"4,93 €/KG","img":"https://fd5-photos.leclercdrive.fr/image.ashx?id=2689943&use=l&cat=p&typeid=i","cat":318430},{"id":52665,"n":"Recharge Serpillère Vileda Super Mocio - x1","p":5.37,"img":"https://fd5-photos.leclercdrive.fr/image.ashx?id=2575831&use=l&cat=p&typeid=i","cat":284669},{"id":52673,"n":"Fromage Burger cheddar/emmental Président - 12 tranches - 200g","p":1.47,"u":"7,35 €/KG","img":"https://fd5-photos.leclercdrive.fr/image.ashx?id=2445024&use=l&cat=p&typeid=i","cat":314028},{"id":52682,"n":"Seau + essoreur Vileda Pour balai, super mocio x1","p":9.31,"img":"https://fd5-photos.leclercdrive.fr/image.ashx?id=2463338&use=l&cat=p&typeid=i","cat":284669},{"id":52684,"n":"Cheddar fromage râpé  Les Croisés - 200g","p":2.39,"u":"11,95 €/KG","img":"https://fd5-photos.leclercdrive.fr/image.ashx?id=2044381&use=l&cat=p&typeid=i","cat":314035},{"id":52699,"n":"Comté Entremont Râpé - 2x70g","p":2.38,"u":"17,00 €/KG","img":"https://fd5-photos.leclercdrive.fr/image.ashx?id=2983162&use=l&cat=p&typeid=i","cat":314035},{"id":52701,"n":"Fromage Richesmonts Tartiflette - 450g","p":6.56,"u":"14,58 €/KG","img":"https://fd5-photos.leclercdrive.fr/image.ashx?id=3008182&use=l&cat=p&typeid=i","cat":314037},{"id":52704,"n":"Emmental Président 400g","p":4.2,"u":"10,50 €/KG","img":"https://fd5-photos.leclercdrive.fr/image.ashx?id=2752945&use=l&cat=p&typeid=i","cat":314034},{"id":52720,"n":"Essuie-tout blanc Mimosa Super absorbant - x3 compacts","p":3.99,"u":"1,33 €/P","img":"https://fd5-photos.leclercdrive.fr/image.ashx?id=2727401&use=l&cat=p&typeid=i","cat":284635},{"id":52757,"n":"Biscuits sablés Granola Chocolat au lait - 2x200g","p":2.9,"u":"7,25 €/KG","img":"https://fd5-photos.leclercdrive.fr/image.ashx?id=2347275&use=l&cat=p&typeid=i","cat":284488},{"id":52773,"n":"Céréales Crousti avoine Bjorg Chocolat  bio - 500g","p":5.12,"u":"10,24 €/KG","img":"https://fd5-photos.leclercdrive.fr/image.ashx?id=2906184&use=l&cat=p&typeid=i","cat":318651},{"id":52787,"n":"Velouté Pursoup' Liebig Légumes du soleil - 2x1L","p":4.58,"u":"2,29 €/L","img":"https://fd5-photos.leclercdrive.fr/image.ashx?id=2385425&use=l&cat=p&typeid=i","cat":284462},{"id":52788,"n":"Velouté Pursoup' Liebig Légumes facon pôelée - 2x1L","p":4.64,"u":"2,32 €/L","img":"https://fd5-photos.leclercdrive.fr/image.ashx?id=2385428&use=l&cat=p&typeid=i","cat":284462},{"id":52790,"n":"Fromage mi-chèvre Soignon 180g","p":1.86,"u":"10,33 €/KG","img":"https://fd5-photos.leclercdrive.fr/image.ashx?id=2734357&use=l&cat=p&typeid=i","cat":314031},{"id":52797,"n":"AOP Parmigiano Reggiano Tradizioni d'Italia - 60g","p":1.9,"u":"31,67 €/KG","img":"https://fd5-photos.leclercdrive.fr/image.ashx?id=2904028&use=l&cat=p&typeid=i","cat":314035},{"id":52804,"n":"Fromage à Raclette RichesMonts  Classique 18 Tranches - 420g","p":5.18,"u":"12,33 €/KG","img":"https://fd5-photos.leclercdrive.fr/image.ashx?id=2953489&use=l&cat=p&typeid=i","cat":314037},{"id":52806,"n":"Fromage à Tartiner St Môret  Nature Léger - 300g","p":3.42,"u":"11,40 €/KG","img":"https://fd5-photos.leclercdrive.fr/image.ashx?id=2914507&use=l&cat=p&typeid=i","cat":314029},{"id":52809,"n":"Fromage raclette Les Croisés 28%mg - 800g","p":7.39,"u":"9,24 €/KG","img":"https://fd5-photos.leclercdrive.fr/image.ashx?id=2793221&use=l&cat=p&typeid=i","cat":314037},{"id":52811,"n":"Fromage raclette fumée Les Croisés 26%mg - 250g","p":2.99,"u":"11,96 €/KG","img":"https://fd5-photos.leclercdrive.fr/image.ashx?id=2793236&use=l&cat=p&typeid=i","cat":314037},{"id":52812,"n":"Yaourt nature bifidus Activia 16x125g","p":4.43,"u":"2,22 €/KG","img":"https://fd5-photos.leclercdrive.fr/image.ashx?id=2831675&use=l&cat=p&typeid=i","cat":315000},{"id":52816,"n":"yaourt nature bifidus Activia 8x125g","p":2.56,"u":"2,56 €/KG","img":"https://fd5-photos.leclercdrive.fr/image.ashx?id=2741709&use=l&cat=p&typeid=i","cat":315000},{"id":52818,"n":"Fromage à tartiner Boursin Figue et 3 noix - 150g","p":2.09,"u":"13,93 €/KG","img":"https://fd5-photos.leclercdrive.fr/image.ashx?id=2962062&use=l&cat=p&typeid=i","cat":314029},{"id":52819,"n":"Fromage Gruyère râpé IGP NRT 150g","p":2.23,"u":"14,87 €/KG","img":"https://fd5-photos.leclercdrive.fr/image.ashx?id=2771085&use=l&cat=p&typeid=i","cat":314035},{"id":52820,"n":"Fromage Mont d'Or AOP  Nos Régions ont du Talent -400g","p":7.59,"u":"18,98 €/KG","img":"https://fd5-photos.leclercdrive.fr/image.ashx?id=2934841&use=l&cat=p&typeid=i","cat":314037},{"id":52951,"n":"Café dosettes Tassimo Thé vert menthe x16","p":4.39,"u":"109,75 €/KG","img":"https://fd5-photos.leclercdrive.fr/image.ashx?id=2100368&use=l&cat=p&typeid=i","cat":293233},{"id":52958,"n":"Café dosettes Tassimo L'Or Espresso Classique x16","p":4.97,"u":"47,79 €/KG","img":"https://fd5-photos.leclercdrive.fr/image.ashx?id=2507335&use=l&cat=p&typeid=i","cat":293240},{"id":52961,"n":"Gnocchi Bio Village Bio - 300g","p":2.18,"u":"7,27 €/KG","img":"https://fd5-photos.leclercdrive.fr/image.ashx?id=2607960&use=l&cat=p&typeid=i","cat":333682},{"id":52962,"n":"Biscuits fourrés Prince Chocolat - 300g","p":1.34,"u":"4,47 €/KG","img":"https://fd5-photos.leclercdrive.fr/image.ashx?id=3014638&use=l&cat=p&typeid=i","cat":284488},{"id":52964,"n":"Essuie-tout blanc Mimosa Super absorbant - x4 compacts","p":4.95,"u":"1,24 €/P","img":"https://fd5-photos.leclercdrive.fr/image.ashx?id=2727398&use=l&cat=p&typeid=i","cat":284635},{"id":52979,"n":"Truite fumée de Bretagne NRT x4 - 120g","p":5.39,"u":"44,92 €/KG","img":"https://fd5-photos.leclercdrive.fr/image.ashx?id=2663851&use=l&cat=p&typeid=i","cat":285188},{"id":53000,"n":"Enveloppes à fenêtre Esquisse 11x22cm - x100","p":3.45,"img":"https://fd5-photos.leclercdrive.fr/image.ashx?id=1929795&use=l&cat=p&typeid=i","cat":284697},{"id":53003,"n":"Vin d'Espagne rouge Merlot Adrien Champaud - BIB 5L","p":9.99,"u":"2,00 €/L","img":"https://fd5-photos.leclercdrive.fr/image.ashx?id=2960496&use=l&cat=p&typeid=i","cat":289560},{"id":53004,"n":"Vin Espagne Cabernet Sauvignon rouge Adrien Champaud - BIB 5L","p":9.99,"u":"2,00 €/L","img":"https://fd5-photos.leclercdrive.fr/image.ashx?id=2959605&use=l&cat=p&typeid=i","cat":289556},{"id":53032,"n":"Essuie-tout décoré Mimosa x3 compacts","p":3.82,"u":"1,27 €/P","img":"https://fd5-photos.leclercdrive.fr/image.ashx?id=2764140&use=l&cat=p&typeid=i","cat":284635},{"id":53033,"n":"Essuie-tout décoré Mimosa x2 compacts","p":2.99,"u":"1,50 €/P","img":"https://fd5-photos.leclercdrive.fr/image.ashx?id=2791320&use=l&cat=p&typeid=i","cat":284635},{"id":53064,"n":"Eponges grattantes Mamison  Vaisselle délicate - x2","p":1.26,"u":"0,63 €/P","img":"https://fd5-photos.leclercdrive.fr/image.ashx?id=2202440&use=l&cat=p&typeid=i","cat":284667},{"id":53067,"n":"Recharge désodorisant Bien Air  Floral - 15ml","p":1.55,"u":"103,33 €/L","img":"https://fd5-photos.leclercdrive.fr/image.ashx?id=2467655&use=l&cat=p&typeid=i","cat":311629},{"id":53069,"n":"Recharge désodorisant Bien Air  Muguet - 15ml","p":1.5,"u":"100,00 €/L","img":"https://fd5-photos.leclercdrive.fr/image.ashx?id=2467658&use=l&cat=p&typeid=i","cat":311629},{"id":53116,"n":"Rhum blanc agricole Damoiseau 50%vol - 1L","p":17.12,"u":"17,12 €/L","img":"https://fd5-photos.leclercdrive.fr/image.ashx?id=2021214&use=l&cat=p&typeid=i","cat":284550},{"id":53135,"n":"Crozets de Savoie NRT Nature - 400g","p":2.35,"u":"5,88 €/KG","img":"https://fd5-photos.leclercdrive.fr/image.ashx?id=2856226&use=l&cat=p&typeid=i","cat":284427},{"id":53147,"n":"Pur jus de pomme Tropicana Pomme Douce pink - 1L","p":2.52,"u":"2,52 €/L","img":"https://fd5-photos.leclercdrive.fr/image.ashx?id=2605662&use=l&cat=p&typeid=i","cat":284522},{"id":53150,"n":"Barquette chat Sheba  Volaille en sauce - 12x85g","p":6.62,"u":"6,49 €/KG","img":"https://fd5-photos.leclercdrive.fr/image.ashx?id=2759640&use=l&cat=p&typeid=i","cat":285286},{"id":53165,"n":"Lomo Saint Azay 100g","p":2.69,"u":"26,90 €/KG","img":"https://fd5-photos.leclercdrive.fr/image.ashx?id=2453192&use=l&cat=p&typeid=i","cat":316007},{"id":53167,"n":"Gaufres liégoise P'tit Déli Nappée chocolat - x7 - 402g","p":2.61,"u":"6,49 €/KG","img":"https://fd5-photos.leclercdrive.fr/image.ashx?id=1965560&use=l&cat=p&typeid=i","cat":294777},{"id":53168,"n":"Snacks chats Tous mes amis Hygiène dentaire mini - 40g","p":0.99,"u":"24,75 €/KG","img":"https://fd5-photos.leclercdrive.fr/image.ashx?id=1946868&use=l&cat=p&typeid=i","cat":285285},{"id":53170,"n":"Dés fromage de Brebis Herbes de Provence Les Croisés - 300g","p":2.83,"u":"9,43 €/KG","img":"https://fd5-photos.leclercdrive.fr/image.ashx?id=2900531&use=l&cat=p&typeid=i","cat":314027},{"id":53174,"n":"Chocolat noir Equador Caramel salé - 100g","p":1.39,"u":"13,90 €/KG","img":"https://fd5-photos.leclercdrive.fr/image.ashx?id=2553339&use=l&cat=p&typeid=i","cat":284956},{"id":53180,"n":"Panés au cabillaud Cap Océan 200g","p":3.37,"u":"16,85 €/KG","img":"https://fd5-photos.leclercdrive.fr/image.ashx?id=2543189&use=l&cat=p&typeid=i","cat":284344},{"id":53181,"n":"Panés colin d'Alaska Cap Océan MSC - 200g","p":2.94,"u":"14,70 €/KG","img":"https://fd5-photos.leclercdrive.fr/image.ashx?id=2533910&use=l&cat=p&typeid=i","cat":284344},{"id":53289,"n":"Gel Douche Cottage Monoi - 560ml","p":3.26,"u":"5,82 €/L","img":"https://fd5-photos.leclercdrive.fr/image.ashx?id=2063416&use=l&cat=p&typeid=i","cat":284594},{"id":53293,"n":"Gel douche Cottage Huile Argan - 560 ml","p":3.08,"u":"5,50 €/L","img":"https://fd5-photos.leclercdrive.fr/image.ashx?id=2315931&use=l&cat=p&typeid=i","cat":284594},{"id":53358,"n":"Miel de Campulori Miellat du maquis AOP - 500g","p":16.17,"u":"32,34 €/KG","img":"https://fd5-photos.leclercdrive.fr/image.ashx?id=1877372&use=l&cat=p&typeid=i","cat":287643},{"id":53359,"n":"Miel de Campulori Miellat du maquis AOP  - 250g","p":8.58,"u":"34,32 €/KG","img":"https://fd5-photos.leclercdrive.fr/image.ashx?id=1893937&use=l&cat=p&typeid=i","cat":287643},{"id":53363,"n":"Soupe Corse  72cl","p":5.2,"u":"7,22 €/L","img":"https://fd5-photos.leclercdrive.fr/image.ashx?id=1899291&use=l&cat=p&typeid=i","cat":284462},{"id":53396,"n":"Yaourt nature bifidus Activia 4x125g","p":1.34,"u":"2,68 €/KG","img":"https://fd5-photos.leclercdrive.fr/image.ashx?id=2885944&use=l&cat=p&typeid=i","cat":315000},{"id":53412,"n":"Activateur biologique Eparcyl  Fosse septique - 864g x24","p":6.64,"u":"7,69 €/KG","img":"https://fd5-photos.leclercdrive.fr/image.ashx?id=2890085&use=l&cat=p&typeid=i","cat":284908},{"id":53431,"n":"Chocolat lait Tablette d'Or 100g","p":3.12,"u":"31,20 €/KG","img":"https://fd5-photos.leclercdrive.fr/image.ashx?id=2943088&use=l&cat=p&typeid=i","cat":284497},{"id":53432,"n":"Cidre normand Les Goelleries Doux, 2% - 2x75cl","p":3.69,"u":"2,46 €/L","img":"https://fd5-photos.leclercdrive.fr/image.ashx?id=2856540&use=l&cat=p&typeid=i","cat":334880},{"id":53434,"n":"Salade d'Alaska Menu Fraîcheur 300g","p":2.59,"u":"8,63 €/KG","img":"https://fd5-photos.leclercdrive.fr/image.ashx?id=2727638&use=l&cat=p&typeid=i","cat":333657},{"id":53441,"n":"Sauce tomate Casatorra Basilic, Sans gluten - 72cl","p":5.45,"u":"7,57 €/L","img":"https://fd5-photos.leclercdrive.fr/image.ashx?id=2020662&use=l&cat=p&typeid=i","cat":318654},{"id":53465,"n":"Biscuit petit beurre P'tit Déli Chocolat lait 48% - 125g","p":1.49,"u":"11,92 €/KG","img":"https://fd5-photos.leclercdrive.fr/image.ashx?id=2846520&use=l&cat=p&typeid=i","cat":284488},{"id":53469,"n":"Cidre breton Les Goelleries Doux, 2%vol - 2x75cl","p":3.85,"u":"2,57 €/L","img":"https://fd5-photos.leclercdrive.fr/image.ashx?id=2856534&use=l&cat=p&typeid=i","cat":334880},{"id":53470,"n":"Cidre breton Les Goelleries Brut, 5%vol - 2x75cl","p":3.85,"u":"2,57 €/L","img":"https://fd5-photos.leclercdrive.fr/image.ashx?id=2856531&use=l&cat=p&typeid=i","cat":334880},{"id":53474,"n":"Bloc de foie gras pour apéritif Pierre De Chaumeyrac - 100g","p":6.09,"u":"60,90 €/KG","img":"https://fd5-photos.leclercdrive.fr/image.ashx?id=2804332&use=l&cat=p&typeid=i","cat":316008},{"id":53479,"n":"AOP Côtes du Rhône rouge Vieille Vignes - 75cl","p":3.69,"u":"4,92 €/L","img":"https://fd5-photos.leclercdrive.fr/image.ashx?id=2722396&use=l&cat=p&typeid=i","cat":289556},{"id":53508,"n":"Fine chapelure de pain Tipiak 275g","p":0.6,"u":"2,18 €/KG","img":"https://fd5-photos.leclercdrive.fr/image.ashx?id=2594124&use=l&cat=p&typeid=i","cat":288382},{"id":53562,"n":"I Canistrelli di Mammona Citron - 300g","p":3.6,"u":"12,00 €/KG","img":"https://fd5-photos.leclercdrive.fr/image.ashx?id=1005624&use=l&cat=p&typeid=i","cat":284487},{"id":53563,"n":"I Canistrelli di Mammona Orange - 300g","p":3.6,"u":"12,00 €/KG","img":"https://fd5-photos.leclercdrive.fr/image.ashx?id=1005620&use=l&cat=p&typeid=i","cat":284487},{"id":53566,"n":"Crème Bio Charles Antona Châtaigne - 350g","p":5.11,"u":"14,60 €/KG","img":"https://fd5-photos.leclercdrive.fr/image.ashx?id=1613616&use=l&cat=p&typeid=i","cat":284481},{"id":53567,"n":"Confiture Bio Charles Antona Figues - 350g","p":4.18,"u":"11,94 €/KG","img":"https://fd5-photos.leclercdrive.fr/image.ashx?id=1613622&use=l&cat=p&typeid=i","cat":284480},{"id":53569,"n":"Confiture Charles Antona bio Pêche abricot miel - 350g","p":4.93,"u":"14,09 €/KG","img":"https://fd5-photos.leclercdrive.fr/image.ashx?id=2175590&use=l&cat=p&typeid=i","cat":284480},{"id":53570,"n":"Confiture Bio Charles Antona Clémentine - 350g","p":4.14,"u":"11,83 €/KG","img":"https://fd5-photos.leclercdrive.fr/image.ashx?id=1612668&use=l&cat=p&typeid=i","cat":284480},{"id":53571,"n":"Confiture Bio Charles Antona Fraise clémentine - 350g","p":3.93,"u":"11,23 €/KG","img":"https://fd5-photos.leclercdrive.fr/image.ashx?id=2175587&use=l&cat=p&typeid=i","cat":284480},{"id":53597,"n":"AIRWICK Essential Mist Recharge  Fleur de citronnier - 250ml","p":5.06,"u":"253,00 €/L","img":"https://fd5-photos.leclercdrive.fr/image.ashx?id=2864354&use=l&cat=p&typeid=i","cat":311629},{"id":53600,"n":"Recharge spray Bien Air Automatique japon - 250ml","p":2.39,"u":"9,56 €/L","img":"https://fd5-photos.leclercdrive.fr/image.ashx?id=2974963&use=l&cat=p&typeid=i","cat":311629},{"id":53601,"n":"Recharge spray Bien Air Vanille ambré automatique 250ml","p":2.39,"u":"9,56 €/L","img":"https://fd5-photos.leclercdrive.fr/image.ashx?id=2991136&use=l&cat=p&typeid=i","cat":311629},{"id":53606,"n":"Salade Mexicaine Côté Snack Au thon - 250g","p":1.9,"u":"7,60 €/KG","img":"https://fd5-photos.leclercdrive.fr/image.ashx?id=2884255&use=l&cat=p&typeid=i","cat":284437},{"id":53607,"n":"Salade Piémontaise Côté Snack Thon - 250g","p":1.9,"u":"7,60 €/KG","img":"https://fd5-photos.leclercdrive.fr/image.ashx?id=2868319&use=l&cat=p&typeid=i","cat":284437},{"id":53662,"n":"Jambon Torchon Fleury Michon -25% de sel x2 - 80g","p":1.92,"u":"12,00 €/KG","img":"https://fd5-photos.leclercdrive.fr/image.ashx?id=2923636&use=l&cat=p&typeid=i","cat":316009},{"id":53663,"n":"Dés d'épaule Fleury Michon - 2x75g","p":1.67,"u":"11,13 €/KG","img":"https://fd5-photos.leclercdrive.fr/image.ashx?id=2650429&use=l&cat=p&typeid=i","cat":316011},{"id":53669,"n":"Assortiment Justin Bridou  4 charcuteries - 260g","p":4.91,"u":"18,88 €/KG","img":"https://fd5-photos.leclercdrive.fr/image.ashx?id=2770783&use=l&cat=p&typeid=i","cat":316007},{"id":53675,"n":"AOP Proscuitto di Parma  70g - Montorsi","p":3.37,"u":"48,14 €/KG","img":"https://fd5-photos.leclercdrive.fr/image.ashx?id=2525840&use=l&cat=p&typeid=i","cat":316007},{"id":53679,"n":"Dissolvant Diadermine Douceur - 125ml","p":1.9,"u":"15,20 €/L","img":"https://fd5-photos.leclercdrive.fr/image.ashx?id=2334926&use=l&cat=p&typeid=i","cat":325347},{"id":53746,"n":"Bonnet de Noel x1","p":0.66,"img":"https://fd5-photos.leclercdrive.fr/image.ashx?id=1884577&use=l&cat=p&typeid=i","cat":334379},{"id":53748,"n":"Guirlande Multicolore 120 LED, 6.5m","p":7.9,"img":"https://fd5-photos.leclercdrive.fr/image.ashx?id=1954248&use=l&cat=p&typeid=i","cat":335913},{"id":53776,"n":"Brioche tressée Pasquier Nature - 630g","p":2.76,"u":"4,38 €/KG","img":"https://fd5-photos.leclercdrive.fr/image.ashx?id=2850946&use=l&cat=p&typeid=i","cat":284478},{"id":53777,"n":"Brioche tressée Pasquier  Pépites - 630g","p":2.58,"u":"4,10 €/KG","img":"https://fd5-photos.leclercdrive.fr/image.ashx?id=2848809&use=l&cat=p&typeid=i","cat":284478},{"id":53783,"n":"Lait de coco Suzi Wan 200ml","p":1.2,"u":"6,00 €/L","img":"https://fd5-photos.leclercdrive.fr/image.ashx?id=3002177&use=l&cat=p&typeid=i","cat":288992},{"id":53807,"n":"Viande bovine 1x entrecôte *** Race Angus - 300g","p":13.19,"u":"43,97 €/KG","img":"https://fd5-photos.leclercdrive.fr/image.ashx?id=1495755&use=l&cat=p&typeid=i","cat":284328},{"id":53816,"n":"Chocolats Ferrero Collection Assortiments x32- 359g","p":11.86,"u":"33,04 €/KG","img":"https://fd5-photos.leclercdrive.fr/image.ashx?id=2940507&use=l&cat=p&typeid=i","cat":327595},{"id":53819,"n":"Veau : Rôti ** 800g","p":21.94,"u":"27,43 €/KG","img":"https://fd5-photos.leclercdrive.fr/image.ashx?id=630095&use=l&cat=p&typeid=i","cat":284329},{"id":53820,"n":"Madeleines Armor Délices x13 - 430g","p":3.55,"u":"8,26 €/KG","img":"https://fd5-photos.leclercdrive.fr/image.ashx?id=2788688&use=l&cat=p&typeid=i","cat":284492},{"id":53839,"n":"Râpé 3 saveurs Président 200g","p":2.66,"u":"13,30 €/KG","img":"https://fd5-photos.leclercdrive.fr/image.ashx?id=2786006&use=l&cat=p&typeid=i","cat":314035},{"id":53899,"n":"Eau minérale gazeuse Perrier  Naturelle - 6x1L","p":3.66,"u":"0,61 €/L","img":"https://fd5-photos.leclercdrive.fr/image.ashx?id=2454463&use=l&cat=p&typeid=i","cat":284536},{"id":53902,"n":"Eau minérale gazeuse Perrier  Fines bulles - 6x1L","p":2.82,"u":"0,47 €/L","img":"https://fd5-photos.leclercdrive.fr/image.ashx?id=2830924&use=l&cat=p&typeid=i","cat":284536},{"id":53931,"n":"Fromage apéritif BoursinFromage Tomates et Basilic 20 roulés","p":3.16,"u":"31,60 €/KG","img":"https://fd5-photos.leclercdrive.fr/image.ashx?id=2918592&use=l&cat=p&typeid=i","cat":314027},{"id":53936,"n":"Dés de fromage salade Boursin Echalote ciboulette - 120g","p":2.0,"u":"16,67 €/KG","img":"https://fd5-photos.leclercdrive.fr/image.ashx?id=2865671&use=l&cat=p&typeid=i","cat":314027},{"id":53941,"n":"Fromage apéritif Boursin Echalote ciboulette 20 roulés","p":3.69,"u":"36,90 €/KG","img":"https://fd5-photos.leclercdrive.fr/image.ashx?id=2918595&use=l&cat=p&typeid=i","cat":314027},{"id":53944,"n":"Fromage à tartiner Boursin Ail et fines herbes - 250g","p":3.2,"u":"12,80 €/KG","img":"https://fd5-photos.leclercdrive.fr/image.ashx?id=2999853&use=l&cat=p&typeid=i","cat":314029},{"id":53946,"n":"Fromage à tartiner Boursin Echalote et ciboulette - 150g","p":2.09,"u":"13,93 €/KG","img":"https://fd5-photos.leclercdrive.fr/image.ashx?id=2962059&use=l&cat=p&typeid=i","cat":314029},{"id":53947,"n":"Saumon fumé Labeyrie Bio x6 tranches - 180g","p":10.22,"u":"56,78 €/KG","img":"https://fd5-photos.leclercdrive.fr/image.ashx?id=2348851&use=l&cat=p&typeid=i","cat":285188},{"id":53986,"n":"Marrons glacés en coffret Artisan Provençal x12 - 240g","p":19.9,"u":"82,92 €/KG","img":"https://fd5-photos.leclercdrive.fr/image.ashx?id=1985636&use=l&cat=p&typeid=i","cat":327603},{"id":54013,"n":"Peigne anti-poux Dectra Pharm  Manuel, médic Aid","p":5.79,"img":"https://fd5-photos.leclercdrive.fr/image.ashx?id=2419119&use=l&cat=p&typeid=i","cat":299654},{"id":54036,"n":"Griffoir Tous mes amis  Carton - x1","p":2.99,"img":"https://fd5-photos.leclercdrive.fr/image.ashx?id=2162321&use=l&cat=p&typeid=i","cat":284682},{"id":54048,"n":"Distributeur Ptit Ami  Pour croquettes - x1","p":6.55,"img":"https://fd5-photos.leclercdrive.fr/image.ashx?id=1063827&use=l&cat=p&typeid=i","cat":285161},{"id":54049,"n":"Gamelle mélamine Ptit Ami  Bleu ou Blanc 15cm - x1","p":3.27,"img":"https://fd5-photos.leclercdrive.fr/image.ashx?id=1009795&use=l&cat=p&typeid=i","cat":285161},{"id":54051,"n":"Gamelle mélamine Ptit Ami  Bleu ou Blanc 22cm - x1","p":6.37,"img":"https://fd5-photos.leclercdrive.fr/image.ashx?id=1009787&use=l&cat=p&typeid=i","cat":285161},{"id":54052,"n":"Herbe dépurative Ptit Ami 190g","p":1.98,"u":"10,42 €/KG","img":"https://fd5-photos.leclercdrive.fr/image.ashx?id=1009867&use=l&cat=p&typeid=i","cat":285286},{"id":54112,"n":"Absolut Vodka 40%vol - 1L","p":26.16,"u":"26,16 €/L","img":"https://fd5-photos.leclercdrive.fr/image.ashx?id=2550261&use=l&cat=p&typeid=i","cat":284550},{"id":54131,"n":"Rasoirs jetables Bic Flex3 Comfort - x8","p":6.96,"u":"0,87 €/P","img":"https://fd5-photos.leclercdrive.fr/image.ashx?id=2273071&use=l&cat=p&typeid=i","cat":284616},{"id":54162,"n":"Fromage blanc 0%mg  Soignon Au lait de chèvre - 4x100g","p":2.88,"u":"7,20 €/KG","img":"https://fd5-photos.leclercdrive.fr/image.ashx?id=2518253&use=l&cat=p&typeid=i","cat":314998},{"id":54174,"n":"Pâte a pizza Sans Gluten Chaque Jour Sans Gluten - 260g","p":2.99,"u":"11,50 €/KG","img":"https://fd5-photos.leclercdrive.fr/image.ashx?id=3002803&use=l&cat=p&typeid=i","cat":333681},{"id":54175,"n":"Pâte brisée sans gluten Chaque Jour Sans Gluten - 230g","p":1.99,"u":"8,65 €/KG","img":"https://fd5-photos.leclercdrive.fr/image.ashx?id=3002809&use=l&cat=p&typeid=i","cat":333681},{"id":54176,"n":"Pâte feuilletée sans gluten Chaque Jour Sans Gluten - 280g","p":1.99,"u":"7,11 €/KG","img":"https://fd5-photos.leclercdrive.fr/image.ashx?id=3002806&use=l&cat=p&typeid=i","cat":333681},{"id":54177,"n":"AOP Champagne Bio Canard Duchêne - Extra Brut - 75cl","p":30.29,"u":"40,39 €/L","img":"https://fd5-photos.leclercdrive.fr/image.ashx?id=2753611&use=l&cat=p&typeid=i","cat":284542},{"id":54178,"n":"Crémant Alsace Wolfberger Bio 11.5%vol - 75cl","p":9.54,"u":"12,72 €/L","img":"https://fd5-photos.leclercdrive.fr/image.ashx?id=2764194&use=l&cat=p&typeid=i","cat":284545},{"id":54184,"n":"Pétillant AOC Jaillance Clairette Bio, 7%vol - 75cl","p":6.96,"u":"9,28 €/L","img":"https://fd5-photos.leclercdrive.fr/image.ashx?id=2867455&use=l&cat=p&typeid=i","cat":284544},{"id":54194,"n":"Poinsettia L'Etoile de Noël  Pot","p":7.42,"img":"https://fd5-photos.leclercdrive.fr/image.ashx?id=1026781&use=l&cat=p&typeid=i","cat":290902},{"id":54244,"n":"Liqueur de menthe Get 31 Edition Limitée 24° - 70cl","p":13.89,"u":"19,84 €/L","img":"https://fd5-photos.leclercdrive.fr/image.ashx?id=2989051&use=l&cat=p&typeid=i","cat":286032},{"id":54295,"n":"Brosse à dents Sensodyne Gencives sensibles x1","p":2.07,"pp":1.45,"img":"https://fd5-photos.leclercdrive.fr/image.ashx?id=2557245&use=l&cat=p&typeid=i","cat":284614},{"id":54296,"n":"Recharge mini spray Bien Air Marine - 15ml","p":1.5,"u":"100,00 €/L","img":"https://fd5-photos.leclercdrive.fr/image.ashx?id=2467646&use=l&cat=p&typeid=i","cat":311629},{"id":54297,"n":"Désodorisant Bien Air Mèches actives, lavande - 375ml","p":1.65,"u":"4,40 €/L","img":"https://fd5-photos.leclercdrive.fr/image.ashx?id=2934721&use=l&cat=p&typeid=i","cat":311628},{"id":54298,"n":"Désodorisant Bien Air Mèche active muguet - 375ml","p":1.65,"u":"4,40 €/L","img":"https://fd5-photos.leclercdrive.fr/image.ashx?id=2777803&use=l&cat=p&typeid=i","cat":311628},{"id":54299,"n":"Désodorisant Bien Air Mèche active Fruit rouge 375ml","p":1.65,"u":"4,40 €/L","img":"https://fd5-photos.leclercdrive.fr/image.ashx?id=2777806&use=l&cat=p&typeid=i","cat":311628},{"id":54300,"n":"Désodorisant Bien Air Mèche active agrume 375ml","p":1.65,"u":"4,40 €/L","img":"https://fd5-photos.leclercdrive.fr/image.ashx?id=2777809&use=l&cat=p&typeid=i","cat":311628},{"id":54301,"n":"Recharge mini spray Bien Air Agrume - 15ml","p":1.5,"u":"100,00 €/L","img":"https://fd5-photos.leclercdrive.fr/image.ashx?id=2467652&use=l&cat=p&typeid=i","cat":311629},{"id":54305,"n":"Crème Hydratante Nivea Men Visage Corps Mains - 150ml","p":2.97,"u":"19,80 €/L","img":"https://fd5-photos.leclercdrive.fr/image.ashx?id=3014596&use=l&cat=p&typeid=i","cat":284622},{"id":54311,"n":"Bière blonde Bio Jade 4.5%vol - 6x25cl","p":5.84,"u":"3,89 €/L","img":"https://fd5-photos.leclercdrive.fr/image.ashx?id=2511282&use=l&cat=p&typeid=i","cat":334873},{"id":54312,"n":"Bière Sans gluten Jade Bio - 4.5%vol - 6x25cl","p":5.42,"u":"3,61 €/L","img":"https://fd5-photos.leclercdrive.fr/image.ashx?id=2672161&use=l&cat=p&typeid=i","cat":334873},{"id":54314,"n":"Pur Jus de tomates NRT Du Lot-et-Garonne - 1L","p":2.09,"u":"2,09 €/L","img":"https://fd5-photos.leclercdrive.fr/image.ashx?id=2590505&use=l&cat=p&typeid=i","cat":284523},{"id":54316,"n":"AOC Coteaux du Layon vin blanc Les Caractères - 75cl","p":6.99,"u":"9,32 €/L","img":"https://fd5-photos.leclercdrive.fr/image.ashx?id=2898762&use=l&cat=p&typeid=i","cat":289557},{"id":54346,"n":"Barre Chocolatée KINDER Country  Céréales chocolat x10 - 235g","p":4.03,"u":"17,15 €/KG","img":"https://fd5-photos.leclercdrive.fr/image.ashx?id=2231942&use=l&cat=p&typeid=i","cat":284498},{"id":54351,"n":"Crème dessert Délisse Chocolat noisette - 4x125g","p":1.05,"u":"2,10 €/KG","img":"https://fd5-photos.leclercdrive.fr/image.ashx?id=2760810&use=l&cat=p&typeid=i","cat":285041},{"id":54354,"n":"Crevettes décortiquées ASC Delpierre - 180g","p":6.44,"u":"35,78 €/KG","img":"https://fd5-photos.leclercdrive.fr/image.ashx?id=2867999&use=l&cat=p&typeid=i","cat":284343},{"id":54372,"n":"Spécialité au soja Nat&Vie Caramel - 4x100g","p":1.5,"u":"3,75 €/P","img":"https://fd5-photos.leclercdrive.fr/image.ashx?id=2901467&use=l&cat=p&typeid=i","cat":316071},{"id":54385,"n":"Coupelles Ananas DDV Sirop léger - 4x70g","p":2.79,"u":"9,96 €/KG","img":"https://fd5-photos.leclercdrive.fr/image.ashx?id=2100793&use=l&cat=p&typeid=i","cat":284507},{"id":54386,"n":"Gâteau multicouche P'tit Déli Genoise fourré chocolat - 175g","p":1.27,"u":"7,26 €/KG","img":"https://fd5-photos.leclercdrive.fr/image.ashx?id=2416538&use=l&cat=p&typeid=i","cat":284495},{"id":54387,"n":"Pains Hot Dog Epi d'Or x4 - 250g","p":1.41,"u":"5,64 €/KG","img":"https://fd5-photos.leclercdrive.fr/image.ashx?id=2147414&use=l&cat=p&typeid=i","cat":284985},{"id":54393,"n":"Spécialité de saucisse St Azay Sèche - 200g","p":3.05,"u":"15,25 €/KG","img":"https://fd5-photos.leclercdrive.fr/image.ashx?id=2982622&use=l&cat=p&typeid=i","cat":316006},{"id":54396,"n":"Salade Catalane Côté Snack Thon à la catalane - 250g","p":2.17,"u":"8,68 €/KG","img":"https://fd5-photos.leclercdrive.fr/image.ashx?id=2910589&use=l&cat=p&typeid=i","cat":284437},{"id":54404,"n":"Sauce Tomacouli Panzani - 3X200G","p":1.54,"u":"2,57 €/KG","img":"https://fd5-photos.leclercdrive.fr/image.ashx?id=2744623&use=l&cat=p&typeid=i","cat":288384},{"id":54405,"n":"Sauce Tomacouli Panzani - 700G","p":1.77,"u":"2,53 €/KG","img":"https://fd5-photos.leclercdrive.fr/image.ashx?id=2744632&use=l&cat=p&typeid=i","cat":288384},{"id":54415,"n":"Bâtonnet à mâcher Dentalife  Petit chien - x21 - 345g","p":3.73,"u":"10,81 €/KG","img":"https://fd5-photos.leclercdrive.fr/image.ashx?id=2897339&use=l&cat=p&typeid=i","cat":294527},{"id":54416,"n":"Bâtonnet à macher Dentalife Chien moyen - 345g","p":3.73,"u":"10,81 €/KG","img":"https://fd5-photos.leclercdrive.fr/image.ashx?id=2896426&use=l&cat=p&typeid=i","cat":294527},{"id":54417,"n":"Barre chocolat lait P'tit Déli x5 - 130g","p":1.5,"u":"11,54 €/KG","img":"https://fd5-photos.leclercdrive.fr/image.ashx?id=2568936&use=l&cat=p&typeid=i","cat":284488},{"id":54418,"n":"Bâtonnet à mâche Dentalife Grand chien x12 - 426g","p":3.98,"u":"9,34 €/KG","img":"https://fd5-photos.leclercdrive.fr/image.ashx?id=2897342&use=l&cat=p&typeid=i","cat":294527},{"id":54420,"n":"Gel à raser Carré Homme Pour barbe difficile - 200ml","p":1.89,"u":"9,45 €/L","img":"https://fd5-photos.leclercdrive.fr/image.ashx?id=2704723&use=l&cat=p&typeid=i","cat":284617},{"id":54422,"n":"Spray automatique Bien Air + recharge - 250ml","p":5.98,"u":"23,92 €/L","img":"https://fd5-photos.leclercdrive.fr/image.ashx?id=2330493&use=l&cat=p&typeid=i","cat":311629},{"id":54423,"n":"Gel à raser Carré Homme Fraicheur - 200ml","p":1.69,"u":"8,45 €/L","img":"https://fd5-photos.leclercdrive.fr/image.ashx?id=2704726&use=l&cat=p&typeid=i","cat":284617},{"id":54425,"n":"Batônnets Surimi Pêche Océan MSC - x48 - 800g","p":4.34,"u":"5,43 €/KG","img":"https://fd5-photos.leclercdrive.fr/image.ashx?id=3004615&use=l&cat=p&typeid=i","cat":285189},{"id":54427,"n":"Croquettes Pom'Lisse Pomme de terre - 1kg","p":2.25,"u":"2,25 €/KG","img":"https://fd5-photos.leclercdrive.fr/image.ashx?id=2959157&use=l&cat=p&typeid=i","cat":319792},{"id":54429,"n":"Jambon cru fumé forêt noire  Saint Azay - 6 tranches - 100g","p":1.99,"u":"19,90 €/KG","img":"https://fd5-photos.leclercdrive.fr/image.ashx?id=1975243&use=l&cat=p&typeid=i","cat":316007},{"id":54430,"n":"Salade Italienne Côté Snack Au thon - 250g","p":2.18,"u":"8,72 €/KG","img":"https://fd5-photos.leclercdrive.fr/image.ashx?id=2927910&use=l&cat=p&typeid=i","cat":284437},{"id":54447,"n":"Mister Cocktail sans alcool Fruits passion - 75cl","p":3.2,"u":"4,27 €/L","img":"https://fd5-photos.leclercdrive.fr/image.ashx?id=3003161&use=l&cat=p&typeid=i","cat":284549},{"id":54471,"n":"Madeleines longues Le Ster Marbrées choco - 250g","p":1.59,"u":"6,36 €/KG","img":"https://fd5-photos.leclercdrive.fr/image.ashx?id=2962548&use=l&cat=p&typeid=i","cat":284492},{"id":54473,"n":"Madeleines longues Le Ster Nature  - 250g","p":1.47,"u":"5,88 €/KG","img":"https://fd5-photos.leclercdrive.fr/image.ashx?id=2962545&use=l&cat=p&typeid=i","cat":284492},{"id":54491,"n":"Croûton Provençal Roger 250g","p":2.63,"u":"10,52 €/KG","img":"https://fd5-photos.leclercdrive.fr/image.ashx?id=2680137&use=l&cat=p&typeid=i","cat":284464},{"id":54492,"n":"Tortillas chips Bio village Bio Nature - 150g","p":1.75,"u":"11,67 €/KG","img":"https://fd5-photos.leclercdrive.fr/image.ashx?id=2538385&use=l&cat=p&typeid=i","cat":287899},{"id":54494,"n":"Biscuits Petit Ecolier LU Chocolat au lait - 2x150g","p":3.27,"u":"10,90 €/KG","img":"https://fd5-photos.leclercdrive.fr/image.ashx?id=3009122&use=l&cat=p&typeid=i","cat":284488},{"id":54496,"n":"Gâteaux fourrés Milka Chocolat - 175g","p":1.59,"u":"9,09 €/KG","img":"https://fd5-photos.leclercdrive.fr/image.ashx?id=3005338&use=l&cat=p&typeid=i","cat":284495},{"id":54512,"n":"Galettes épinards fromage Végé - 2x100g","p":1.99,"u":"9,95 €/KG","img":"https://fd5-photos.leclercdrive.fr/image.ashx?id=2865260&use=l&cat=p&typeid=i","cat":316036},{"id":54513,"n":"Falafels Végé - 200g","p":1.99,"u":"9,95 €/KG","img":"https://fd5-photos.leclercdrive.fr/image.ashx?id=2865266&use=l&cat=p&typeid=i","cat":316036},{"id":54520,"n":"Pâte a pizza Tablier Blanc Rectangle - 385g","p":1.3,"u":"3,38 €/KG","img":"https://fd5-photos.leclercdrive.fr/image.ashx?id=2635925&use=l&cat=p&typeid=i","cat":333681},{"id":54522,"n":"Pâte feuilletée Tablier Blanc A dérouler - x2 - 460g","p":1.48,"u":"3,22 €/KG","img":"https://fd5-photos.leclercdrive.fr/image.ashx?id=2635928&use=l&cat=p&typeid=i","cat":333681},{"id":54523,"n":"Nuggets végétales Végé - 200g","p":1.52,"u":"7,60 €/KG","img":"https://fd5-photos.leclercdrive.fr/image.ashx?id=2865263&use=l&cat=p&typeid=i","cat":316036},{"id":54524,"n":"Galettes petits légumes Végé - 2x100g","p":1.99,"u":"9,95 €/KG","img":"https://fd5-photos.leclercdrive.fr/image.ashx?id=2865269&use=l&cat=p&typeid=i","cat":316036},{"id":54542,"n":"Boisson sans alcool D'Artigny Cassis - 75cl","p":3.2,"u":"4,27 €/L","img":"https://fd5-photos.leclercdrive.fr/image.ashx?id=2854399&use=l&cat=p&typeid=i","cat":289460},{"id":54603,"n":"Compote Charles & Alice Panachés P.Mangues - 12x100g","p":3.73,"u":"3,11 €/KG","img":"https://fd5-photos.leclercdrive.fr/image.ashx?id=2790651&use=l&cat=p&typeid=i","cat":284416},{"id":54617,"n":"Eau minérale pétillante Zilia  6x1L","p":3.9,"u":"0,65 €/L","img":"https://fd5-photos.leclercdrive.fr/image.ashx?id=2094757&use=l&cat=p&typeid=i","cat":284536},{"id":54710,"n":"Quenelles Bio nature Saint-Jean 320g","p":3.35,"u":"10,47 €/KG","img":"https://fd5-photos.leclercdrive.fr/image.ashx?id=2490617&use=l&cat=p&typeid=i","cat":333682},{"id":54853,"n":"Mini choux Tokapi  Saumon/aneth - 60g","p":0.92,"u":"15,33 €/KG","img":"https://fd5-photos.leclercdrive.fr/image.ashx?id=2063338&use=l&cat=p&typeid=i","cat":297000},{"id":54856,"n":"Mini choux Tokapi  Bleu-/noix60g","p":1.36,"u":"22,67 €/KG","img":"https://fd5-photos.leclercdrive.fr/image.ashx?id=2068019&use=l&cat=p&typeid=i","cat":297000},{"id":54857,"n":"Polenta Turini  500g","p":1.19,"u":"2,38 €/KG","img":"https://fd5-photos.leclercdrive.fr/image.ashx?id=2682792&use=l&cat=p&typeid=i","cat":284431},{"id":54860,"n":"Mix apéritif Bio Village  Bio -  120g","p":2.74,"u":"22,83 €/KG","img":"https://fd5-photos.leclercdrive.fr/image.ashx?id=1944243&use=l&cat=p&typeid=i","cat":284448},{"id":54864,"n":"Tablette chocolat Villars Noir à l'orange confite - 100g","p":2.52,"u":"25,20 €/KG","img":"https://fd5-photos.leclercdrive.fr/image.ashx?id=2464294&use=l&cat=p&typeid=i","cat":284956},{"id":54865,"n":"Tablette chocolat Villars Chocolat au Lait Suisse - 100g","p":2.28,"u":"22,80 €/KG","img":"https://fd5-photos.leclercdrive.fr/image.ashx?id=2464276&use=l&cat=p&typeid=i","cat":284497},{"id":54866,"n":"Bruschetta mini Harrys x6 - 400g","p":6.94,"u":"17,35 €/KG","img":"https://fd5-photos.leclercdrive.fr/image.ashx?id=1060550&use=l&cat=p&typeid=i","cat":285454},{"id":54885,"n":"Farine châtaigne sans gluten Molino zanone - 500g","p":9.11,"u":"18,22 €/KG","img":"https://fd5-photos.leclercdrive.fr/image.ashx?id=1061422&use=l&cat=p&typeid=i","cat":318654},{"id":54887,"n":"Farine pois chiche Molino zanone - 500g","p":2.28,"u":"4,56 €/KG","img":"https://fd5-photos.leclercdrive.fr/image.ashx?id=1556449&use=l&cat=p&typeid=i","cat":288382},{"id":54896,"n":"Melo cake Milka  x6 - 100g","p":3.34,"u":"33,40 €/KG","img":"https://fd5-photos.leclercdrive.fr/image.ashx?id=1060829&use=l&cat=p&typeid=i","cat":284495},{"id":54897,"n":"Vinaigre balsamique crème  Basilic  monari - 250ml","p":4.8,"u":"19,20 €/L","img":"https://fd5-photos.leclercdrive.fr/image.ashx?id=1060838&use=l&cat=p&typeid=i","cat":298543},{"id":54898,"n":"Vinaigre balsamique crème  Classic  monari - 250ml","p":4.04,"u":"16,16 €/L","img":"https://fd5-photos.leclercdrive.fr/image.ashx?id=1060832&use=l&cat=p&typeid=i","cat":298543},{"id":54904,"n":"Pâtes Arco dei sapori  5 saveurs creste - 500g","p":5.66,"u":"11,32 €/KG","img":"https://fd5-photos.leclercdrive.fr/image.ashx?id=1061431&use=l&cat=p&typeid=i","cat":284427},{"id":54905,"n":"Pâtes Arco dei sapori  5 saveurs eliches - 500g","p":6.35,"u":"12,70 €/KG","img":"https://fd5-photos.leclercdrive.fr/image.ashx?id=1061434&use=l&cat=p&typeid=i","cat":284427},{"id":54908,"n":"Pâtes Arco dei sapori freccette Mini farfalle 5 saveurs - 500g","p":5.41,"u":"10,82 €/KG","img":"https://fd5-photos.leclercdrive.fr/image.ashx?id=1060871&use=l&cat=p&typeid=i","cat":284427},{"id":54909,"n":"Pâtes Arco dei sapori  Pennoni 5 saveurs - 500g","p":4.03,"u":"8,06 €/KG","img":"https://fd5-photos.leclercdrive.fr/image.ashx?id=1060865&use=l&cat=p&typeid=i","cat":284427},{"id":54926,"n":"Mousse liégeoise Viennois  Café - 4x90g","p":1.67,"u":"4,64 €/KG","img":"https://fd5-photos.leclercdrive.fr/image.ashx?id=2729788&use=l&cat=p&typeid=i","cat":284417},{"id":54944,"n":"Cône Nestlé Extrême  Café intense - 6x71g","p":3.64,"u":"8,54 €/KG","img":"https://fd5-photos.leclercdrive.fr/image.ashx?id=3000435&use=l&cat=p&typeid=i","cat":284264},{"id":54957,"n":"Cône Extrême Nestle Vanille Fraise - 6x71g","p":3.68,"u":"8,64 €/KG","img":"https://fd5-photos.leclercdrive.fr/image.ashx?id=2353113&use=l&cat=p&typeid=i","cat":284264},{"id":54958,"n":"Cône Extrême Nestle Menthe chocolat - 6x71g","p":3.44,"u":"8,08 €/KG","img":"https://fd5-photos.leclercdrive.fr/image.ashx?id=2737048&use=l&cat=p&typeid=i","cat":284264},{"id":54959,"n":"Cône Extrême Intense Nestle Pistache Chocolat - 6x71g","p":3.65,"u":"8,57 €/KG","img":"https://fd5-photos.leclercdrive.fr/image.ashx?id=2353116&use=l&cat=p&typeid=i","cat":284264},{"id":55033,"n":"Fromage à Tartiner Tartare Ail et Fines Herbes 16P - 250g","p":3.27,"u":"13,08 €/KG","img":"https://fd5-photos.leclercdrive.fr/image.ashx?id=2732887&use=l&cat=p&typeid=i","cat":314029},{"id":55065,"n":"AOP Champagne Tsarine Brut Cuvée Premium - 75cl","p":29.66,"u":"39,55 €/L","img":"https://fd5-photos.leclercdrive.fr/image.ashx?id=2757749&use=l&cat=p&typeid=i","cat":284542},{"id":55069,"n":"Bière La Rousse aux 3 malts 6.5%vol - 75cl","p":5.03,"u":"6,71 €/L","img":"https://fd5-photos.leclercdrive.fr/image.ashx?id=2432964&use=l&cat=p&typeid=i","cat":334872},{"id":55071,"n":"Bière La Blonde pur malt 5.8%vol - 75cl","p":4.78,"u":"6,37 €/L","img":"https://fd5-photos.leclercdrive.fr/image.ashx?id=2432958&use=l&cat=p&typeid=i","cat":334872},{"id":55073,"n":"Bière La Blanche légère 4.7%vol - 75cl","p":4.97,"u":"6,63 €/L","img":"https://fd5-photos.leclercdrive.fr/image.ashx?id=2432961&use=l&cat=p&typeid=i","cat":334872},{"id":55085,"n":"Fine chapelure de pain Tipiak  500g","p":1.11,"u":"2,22 €/KG","img":"https://fd5-photos.leclercdrive.fr/image.ashx?id=2648277&use=l&cat=p&typeid=i","cat":288382},{"id":55088,"n":"AOP Saint Estephe Vin rouge Marquis de St Estephe - 75cl","p":13.58,"u":"18,11 €/L","img":"https://fd5-photos.leclercdrive.fr/image.ashx?id=1758421&use=l&cat=p&typeid=i","cat":289556},{"id":55090,"n":"AOP Bordeaux rouge Mouton Cadet - 75cl","p":6.95,"u":"9,27 €/L","img":"https://fd5-photos.leclercdrive.fr/image.ashx?id=2959940&use=l&cat=p&typeid=i","cat":289556},{"id":55097,"n":"Fil interdentaire Efiseptyl Antibactérien 40m","p":2.68,"img":"https://fd5-photos.leclercdrive.fr/image.ashx?id=2923477&use=l&cat=p&typeid=i","cat":285159},{"id":55101,"n":"AOP Médoc rouge Merrain - 75cl","p":8.77,"u":"11,69 €/L","img":"https://fd5-photos.leclercdrive.fr/image.ashx?id=2989282&use=l&cat=p&typeid=i","cat":289556},{"id":55102,"n":"Dentifrice expert Bionaïa Menthe Bio - 75ml","p":1.79,"u":"23,87 €/L","img":"https://fd5-photos.leclercdrive.fr/image.ashx?id=2529540&use=l&cat=p&typeid=i","cat":284612},{"id":55104,"n":"Recharge brosse à dents Dentamyl - Double zone - x2","p":6.99,"u":"3,50 €/P","img":"https://fd5-photos.leclercdrive.fr/image.ashx?id=2790988&use=l&cat=p&typeid=i","cat":297133},{"id":55109,"n":"Recharge brosse à dents Dentamyl Sensitive x2","p":6.99,"u":"3,50 €/P","img":"https://fd5-photos.leclercdrive.fr/image.ashx?id=2790991&use=l&cat=p&typeid=i","cat":297133},{"id":55115,"n":"Lingettes Mots d'Enfants Pockets - x20","p":1.19,"u":"0,06 €/P","img":"https://fd5-photos.leclercdrive.fr/image.ashx?id=2856549&use=l&cat=p&typeid=i","cat":284738},{"id":55116,"n":"Plat à tarte Elembal  x3","p":2.05,"u":"0,68 €/P","img":"https://fd5-photos.leclercdrive.fr/image.ashx?id=1733554&use=l&cat=p&typeid=i","cat":334134},{"id":55144,"n":"Emincés de poulet Fleury Michon Rôti sans nitrite 2x75g","p":2.06,"u":"13,73 €/KG","img":"https://fd5-photos.leclercdrive.fr/image.ashx?id=2649804&use=l&cat=p&typeid=i","cat":316011},{"id":55145,"n":"Allumettes Fleury Michon Jambon cuit - 2x75g","p":1.24,"u":"8,27 €/KG","img":"https://fd5-photos.leclercdrive.fr/image.ashx?id=2651047&use=l&cat=p&typeid=i","cat":316011},{"id":55146,"n":"Jambon à poêler Fleury Michon 2x80g","p":2.56,"u":"16,00 €/KG","img":"https://fd5-photos.leclercdrive.fr/image.ashx?id=2975155&use=l&cat=p&typeid=i","cat":316009},{"id":55160,"n":"Brioche tréssée Pasquier Tranchée Pépite chocolat - 500g","p":3.06,"u":"6,12 €/KG","img":"https://fd5-photos.leclercdrive.fr/image.ashx?id=2971969&use=l&cat=p&typeid=i","cat":284478},{"id":55197,"n":"Plat bébé soir Blédiner 12 mois Macaroni ratatouille - 2x200g","p":2.1,"u":"5,25 €/KG","img":"https://fd5-photos.leclercdrive.fr/image.ashx?id=2845826&use=l&cat=p&typeid=i","cat":312239},{"id":55206,"n":"Plat bébé Blédina 12 mois Pâtes tomate jambon - 2x200g","p":2.32,"u":"5,80 €/KG","img":"https://fd5-photos.leclercdrive.fr/image.ashx?id=2975071&use=l&cat=p&typeid=i","cat":312237},{"id":55260,"n":"Rôti de porc supérieur L'Atelier Charcuterie x4 -180g","p":3.68,"u":"20,44 €/KG","img":"https://fd5-photos.leclercdrive.fr/image.ashx?id=2998856&use=l&cat=p&typeid=i","cat":316009},{"id":55261,"n":"Pâté de campagne Breton L'Atelier Charcuterie - 170g","p":2.39,"u":"14,06 €/KG","img":"https://fd5-photos.leclercdrive.fr/image.ashx?id=2970426&use=l&cat=p&typeid=i","cat":316008},{"id":55262,"n":"Pâté Campagne Supérieur L'Atelier Charcuterie - 170g","p":2.08,"u":"12,24 €/KG","img":"https://fd5-photos.leclercdrive.fr/image.ashx?id=2905862&use=l&cat=p&typeid=i","cat":316008},{"id":55264,"n":"Mousse de foie Supérieure L'Atelier Charcuterie - 170g","p":2.19,"u":"12,88 €/KG","img":"https://fd5-photos.leclercdrive.fr/image.ashx?id=2882289&use=l&cat=p&typeid=i","cat":316008},{"id":55265,"n":"Mousse de canard Supérieure L'Atelier Charcuterie - 170g","p":2.71,"u":"15,94 €/KG","img":"https://fd5-photos.leclercdrive.fr/image.ashx?id=2882529&use=l&cat=p&typeid=i","cat":316008},{"id":55271,"n":"AOC Bordeaux vin rouge Bernard Cordelier - 75 cl","p":1.99,"u":"2,65 €/L","img":"https://fd5-photos.leclercdrive.fr/image.ashx?id=2750123&use=l&cat=p&typeid=i","cat":289556},{"id":55272,"n":"AOC Bergerac vin rouge Bernard Cordelier - 75 cl","p":1.99,"u":"2,65 €/L","img":"https://fd5-photos.leclercdrive.fr/image.ashx?id=2623947&use=l&cat=p&typeid=i","cat":289556},{"id":55276,"n":"Brosse adhésive  Mamison Textile 36 feuilles","p":2.29,"img":"https://fd5-photos.leclercdrive.fr/image.ashx?id=1063565&use=l&cat=p&typeid=i","cat":284669},{"id":55278,"n":"Café grains Bio Ethiquable  100% arabica Colombie - 500g","p":11.66,"u":"23,32 €/KG","img":"https://fd5-photos.leclercdrive.fr/image.ashx?id=2876848&use=l&cat=p&typeid=i","cat":293237},{"id":55279,"n":"Café grains Bio Ethiquable  100% arabica Honduras - 1kg","p":17.96,"u":"17,96 €/KG","img":"https://fd5-photos.leclercdrive.fr/image.ashx?id=2876857&use=l&cat=p&typeid=i","cat":293237},{"id":55282,"n":"Bougies d'anniversaire Ardence Roses - x24","p":0.95,"u":"0,04 €/P","img":"https://fd5-photos.leclercdrive.fr/image.ashx?id=2980483&use=l&cat=p&typeid=i","cat":335913},{"id":55283,"n":"Bougies d'anniversaire Ardence Blanches  - x24","p":0.95,"u":"0,04 €/P","img":"https://fd5-photos.leclercdrive.fr/image.ashx?id=2980486&use=l&cat=p&typeid=i","cat":335913},{"id":55287,"n":"Bougie d'anniversaire Ardence Couleur divers -Chiffre 2 - x1","p":0.43,"img":"https://fd5-photos.leclercdrive.fr/image.ashx?id=2051894&use=l&cat=p&typeid=i","cat":335913},{"id":55319,"n":"Steak haché 5%mg Charal Façon bouchère Bio x2 - 240g","p":6.4,"u":"26,67 €/KG","img":"https://fd5-photos.leclercdrive.fr/image.ashx?id=1919783&use=l&cat=p&typeid=i","cat":284332},{"id":55343,"n":"Biscuits à thé Delacre Tea Time Assortiment Boîte Métal - 1kg","p":12.21,"u":"12,21 €/KG","img":"https://fd5-photos.leclercdrive.fr/image.ashx?id=2867969&use=l&cat=p&typeid=i","cat":284490},{"id":55350,"n":"Mousse Michel et Augustin Chocolat noir - 245g","p":3.85,"u":"15,71 €/KG","img":"https://fd5-photos.leclercdrive.fr/image.ashx?id=2205634&use=l&cat=p&typeid=i","cat":284417},{"id":55356,"n":"AOP Beaumes de Venise rouge 75cl","p":7.75,"u":"10,33 €/L","img":"https://fd5-photos.leclercdrive.fr/image.ashx?id=1758325&use=l&cat=p&typeid=i","cat":289556},{"id":55364,"n":"Vin mousseux Kriter Demi-sec - 3x20cl","p":4.51,"u":"7,52 €/L","img":"https://fd5-photos.leclercdrive.fr/image.ashx?id=2538506&use=l&cat=p&typeid=i","cat":284544},{"id":55377,"n":"Bougie Bien Air Fruits rouges 30heures - x1","p":2.19,"img":"https://fd5-photos.leclercdrive.fr/image.ashx?id=2939073&use=l&cat=p&typeid=i","cat":284666},{"id":55381,"n":"Cacahuètes Tokapi  Grillées à sec - 120g","p":0.47,"u":"3,92 €/KG","img":"https://fd5-photos.leclercdrive.fr/image.ashx?id=2799778&use=l&cat=p&typeid=i","cat":284448},{"id":55415,"n":"Bougie Bien Air Anti-tabac 30h - x1","p":1.83,"img":"https://fd5-photos.leclercdrive.fr/image.ashx?id=2999613&use=l&cat=p&typeid=i","cat":284666},{"id":55416,"n":"Recharge adhésive Mamison  36 feuilles-  x2","p":2.22,"img":"https://fd5-photos.leclercdrive.fr/image.ashx?id=1066450&use=l&cat=p&typeid=i","cat":284669},{"id":55429,"n":"Crème Chantilly UHT Président Aérosol sucré aromatisé - 250g","p":3.32,"u":"13,28 €/KG","img":"https://fd5-photos.leclercdrive.fr/image.ashx?id=2860169&use=l&cat=p&typeid=i","cat":284382},{"id":55435,"n":"Sardines à l'huile d'olive  Connétable - 3x55g","p":3.54,"u":"21,45 €/KG","img":"https://fd5-photos.leclercdrive.fr/image.ashx?id=2139052&use=l&cat=p&typeid=i","cat":305146},{"id":55438,"n":"Confit de canard du Sud-Ouest Pomme de terre - NRT - 1065g","p":13.99,"u":"13,14 €/KG","img":"https://fd5-photos.leclercdrive.fr/image.ashx?id=2753535&use=l&cat=p&typeid=i","cat":284440},{"id":55439,"n":"Salade Niçoise Côté Snack Au thon - 250g","p":1.8,"u":"7,20 €/KG","img":"https://fd5-photos.leclercdrive.fr/image.ashx?id=2868316&use=l&cat=p&typeid=i","cat":284437},{"id":55442,"n":"Salade Parisienne Côté Snack Au thon - 250g","p":2.49,"u":"9,96 €/KG","img":"https://fd5-photos.leclercdrive.fr/image.ashx?id=2905919&use=l&cat=p&typeid=i","cat":284437},{"id":55468,"n":"Pain brioché Bon Matin Schar Sans gluten - 4x50g","p":2.59,"u":"12,95 €/KG","img":"https://fd5-photos.leclercdrive.fr/image.ashx?id=2067580&use=l&cat=p&typeid=i","cat":284478},{"id":55469,"n":"Pain brioché Schar Sans gluten - 370g","p":4.02,"u":"10,86 €/KG","img":"https://fd5-photos.leclercdrive.fr/image.ashx?id=2137057&use=l&cat=p&typeid=i","cat":318654},{"id":55474,"n":"Mix Patisserie Schar Sans gluten - 1kg","p":6.01,"u":"6,01 €/KG","img":"https://fd5-photos.leclercdrive.fr/image.ashx?id=2439950&use=l&cat=p&typeid=i","cat":284504},{"id":55480,"n":"Cake Fourré Fraise Gerblé  Sans Gluten - 210g","p":4.11,"u":"19,57 €/KG","img":"https://fd5-photos.leclercdrive.fr/image.ashx?id=2662808&use=l&cat=p&typeid=i","cat":318654},{"id":55481,"n":"Biscuit Noisette Cacao Gerblé  Sans Gluten - 125 g","p":2.79,"u":"22,32 €/KG","img":"https://fd5-photos.leclercdrive.fr/image.ashx?id=2662811&use=l&cat=p&typeid=i","cat":318654},{"id":55485,"n":"Pain burger Gerblé  Sans Gluten - 300 g","p":3.42,"u":"11,40 €/KG","img":"https://fd5-photos.leclercdrive.fr/image.ashx?id=2662838&use=l&cat=p&typeid=i","cat":318654},{"id":55489,"n":"Cake Marbré Gerblé  Sans Gluten 200g","p":4.12,"u":"20,60 €/KG","img":"https://fd5-photos.leclercdrive.fr/image.ashx?id=2663000&use=l&cat=p&typeid=i","cat":318654},{"id":55490,"n":"Cookies sans gluten Gerblé Chocolat - 150g","p":3.41,"u":"22,73 €/KG","img":"https://fd5-photos.leclercdrive.fr/image.ashx?id=2663003&use=l&cat=p&typeid=i","cat":325066},{"id":55527,"n":"Vin d'Espagne blanc François D'Aubigné - 150 cl","p":1.99,"u":"1,33 €/L","img":"https://fd5-photos.leclercdrive.fr/image.ashx?id=2905201&use=l&cat=p&typeid=i","cat":289557},{"id":55528,"n":"Vin d'Espagne rosé François D'Aubigné - 150 cl","p":1.99,"u":"1,33 €/L","img":"https://fd5-photos.leclercdrive.fr/image.ashx?id=2747734&use=l&cat=p&typeid=i","cat":289558},{"id":55529,"n":"Vin d'Espagne rouge François D'Aubigné - 150 cl","p":1.99,"u":"1,33 €/L","img":"https://fd5-photos.leclercdrive.fr/image.ashx?id=2774888&use=l&cat=p&typeid=i","cat":289556},{"id":55534,"n":"AOC Côtes de Bergerac vin blanc Bernard Cordelier - 75 cl","p":2.49,"u":"3,32 €/L","img":"https://fd5-photos.leclercdrive.fr/image.ashx?id=2886531&use=l&cat=p&typeid=i","cat":289557},{"id":55573,"n":"Soda Coca-Cola Original Bouteille - 1L","p":1.59,"u":"1,59 €/L","img":"https://fd5-photos.leclercdrive.fr/image.ashx?id=2194409&use=l&cat=p&typeid=i","cat":284530},{"id":55586,"n":"Verrines de Tomate et Thon x6 pièces - 270g","p":6.14,"u":"22,74 €/KG","img":"https://fd5-photos.leclercdrive.fr/image.ashx?id=2445367&use=l&cat=p&typeid=i","cat":316003},{"id":55633,"n":"Patés au thon Pêche Ocean 4x22g","p":1.78,"u":"20,23 €/KG","img":"https://fd5-photos.leclercdrive.fr/image.ashx?id=2578514&use=l&cat=p&typeid=i","cat":289009},{"id":55642,"n":"Ramette Esquisse x500 - A4 - 100g - Ultra blanc","p":7.9,"img":"https://fd5-photos.leclercdrive.fr/image.ashx?id=2943250&use=l&cat=p&typeid=i","cat":284697},{"id":55654,"n":"Crayons de couleur Esquisse x24","p":1.9,"img":"https://fd5-photos.leclercdrive.fr/image.ashx?id=2727674&use=l&cat=p&typeid=i","cat":284696},{"id":55655,"n":"Feutres de coloriage Esquisse Lavables Pointe moyenne x36","p":3.4,"img":"https://fd5-photos.leclercdrive.fr/image.ashx?id=1928785&use=l&cat=p&typeid=i","cat":284696},{"id":55664,"n":"Mini ruban correcteur Esquisse Multicoloris","p":1.99,"img":"https://fd5-photos.leclercdrive.fr/image.ashx?id=1703851&use=l&cat=p&typeid=i","cat":334133},{"id":55686,"n":"Intercalaires Esquisse  x12 - A4","p":1.35,"img":"https://fd5-photos.leclercdrive.fr/image.ashx?id=2943244&use=l&cat=p&typeid=i","cat":284745},{"id":55687,"n":"Intercalaires Esquisse A4 - x6","p":0.99,"u":"0,17 €/P","img":"https://fd5-photos.leclercdrive.fr/image.ashx?id=2943241&use=l&cat=p&typeid=i","cat":284745},{"id":55700,"n":"Haricots Verts Cassegrain Extra Fins Ceuillis main 110g","p":1.27,"u":"11,55 €/KG","img":"https://fd5-photos.leclercdrive.fr/image.ashx?id=2913034&use=l&cat=p&typeid=i","cat":312606},{"id":55765,"n":"Gingembre Bio  Barquette 200g","p":2.85,"u":"14,25 €/KG","img":"https://fd5-photos.leclercdrive.fr/image.ashx?id=1632123&use=l&cat=p&typeid=i","cat":284352},{"id":55766,"n":"AOP Crémant de Loire Brut - Lacheteau - 75cL","p":7.4,"u":"9,87 €/L","img":"https://fd5-photos.leclercdrive.fr/image.ashx?id=2431911&use=l&cat=p&typeid=i","cat":284545},{"id":55770,"n":"Déboucheur Ouragan Chrono 5min - 1L","p":4.15,"u":"4,15 €/L","img":"https://fd5-photos.leclercdrive.fr/image.ashx?id=2792552&use=l&cat=p&typeid=i","cat":284908},{"id":55786,"n":"Crêpe fourrée Whaou Chocolat / Noisette x8 - 256g","p":2.29,"u":"8,95 €/KG","img":"https://fd5-photos.leclercdrive.fr/image.ashx?id=2962857&use=l&cat=p&typeid=i","cat":284494},{"id":55806,"n":"Pizza E Pizze Nustrale Reine blanche persillee - 410g","p":8.81,"u":"21,49 €/KG","img":"https://fd5-photos.leclercdrive.fr/image.ashx?id=2116779&use=l&cat=p&typeid=i","cat":284256},{"id":55808,"n":"Pizza E Pizze Nustrale Reine persillée - 450g","p":7.73,"u":"17,18 €/KG","img":"https://fd5-photos.leclercdrive.fr/image.ashx?id=2108711&use=l&cat=p&typeid=i","cat":284256},{"id":55809,"n":"Pizza E PIzze Nustrale Tome panzetta - 420g","p":7.17,"u":"17,07 €/KG","img":"https://fd5-photos.leclercdrive.fr/image.ashx?id=2116782&use=l&cat=p&typeid=i","cat":284256},{"id":55816,"n":"Lingettes désinfectantes 2en1 x10 lingettes","p":1.52,"img":"https://fd5-photos.leclercdrive.fr/image.ashx?id=2832981&use=l&cat=p&typeid=i","cat":284630},{"id":55849,"n":"100% pur jus d'orange Jafaden Sans pulpe - 6x1.5L","p":15.9,"u":"1,77 €/L","img":"https://fd5-photos.leclercdrive.fr/image.ashx?id=2852955&use=l&cat=p&typeid=i","cat":284521},{"id":55887,"n":"Bougie Bien Air Vanille Caramel 30h - x1","p":1.8,"img":"https://fd5-photos.leclercdrive.fr/image.ashx?id=2932420&use=l&cat=p&typeid=i","cat":284666},{"id":55949,"n":"Riz soja bio Céréal Bio  à l'espagnol repas express-220g","p":2.48,"u":"11,27 €/KG","img":"https://fd5-photos.leclercdrive.fr/image.ashx?id=2575093&use=l&cat=p&typeid=i","cat":287600},{"id":56119,"n":"Champagne Alfred Rothschild Demi-sec, 12%vol - 75cl","p":23.72,"u":"31,63 €/L","img":"https://fd5-photos.leclercdrive.fr/image.ashx?id=2254172&use=l&cat=p&typeid=i","cat":284542},{"id":56155,"n":"Jambon des Pyrénées NRT x4 - 100g","p":2.99,"u":"29,90 €/KG","img":"https://fd5-photos.leclercdrive.fr/image.ashx?id=2670452&use=l&cat=p&typeid=i","cat":316007},{"id":56156,"n":"Saucisson sec des Pyrénées NRT 250g","p":4.49,"u":"17,96 €/KG","img":"https://fd5-photos.leclercdrive.fr/image.ashx?id=2917178&use=l&cat=p&typeid=i","cat":316006},{"id":56158,"n":"Jambon du Périgord NRT x4 - 100g","p":3.43,"u":"34,30 €/KG","img":"https://fd5-photos.leclercdrive.fr/image.ashx?id=1671277&use=l&cat=p&typeid=i","cat":316007},{"id":56160,"n":"Assortiment de charcuteries Savoyardes - NRT - 200g","p":6.29,"u":"31,45 €/KG","img":"https://fd5-photos.leclercdrive.fr/image.ashx?id=2753529&use=l&cat=p&typeid=i","cat":316007},{"id":56162,"n":"Lait concentré sucré Nestlé 1kg","p":4.21,"u":"4,21 €/KG","img":"https://fd5-photos.leclercdrive.fr/image.ashx?id=2906067&use=l&cat=p&typeid=i","cat":299162},{"id":56163,"n":"Lait concentré sucré Nestlé x6 sticks - 30g","p":2.07,"u":"69,00 €/KG","img":"https://fd5-photos.leclercdrive.fr/image.ashx?id=2306528&use=l&cat=p&typeid=i","cat":299162},{"id":56228,"n":"Classeur 4 anneaux Esquisse Rouge - 21x29.7cm","p":2.49,"img":"https://fd5-photos.leclercdrive.fr/image.ashx?id=1703812&use=l&cat=p&typeid=i","cat":284745},{"id":56229,"n":"Classeur 4 anneaux Esquisse Bleu - 21x29.7cm","p":2.49,"img":"https://fd5-photos.leclercdrive.fr/image.ashx?id=1703815&use=l&cat=p&typeid=i","cat":284745},{"id":56230,"n":"Classeur 4 anneaux Esquisse Noir - 21x29.7cm","p":2.49,"img":"https://fd5-photos.leclercdrive.fr/image.ashx?id=1703818&use=l&cat=p&typeid=i","cat":284745},{"id":56246,"n":"Protège document A4 Esquisse Rouge 200 vues","p":4.29,"img":"https://fd5-photos.leclercdrive.fr/image.ashx?id=1186173&use=l&cat=p&typeid=i","cat":284745},{"id":56403,"n":"Boîte classement Esquisse  Rouge 2,5cm x1","p":2.09,"img":"https://fd5-photos.leclercdrive.fr/image.ashx?id=1694272&use=l&cat=p&typeid=i","cat":284745},{"id":56404,"n":"Boîte classement Esquisse  Bleu 2,5cm x1","p":2.09,"img":"https://fd5-photos.leclercdrive.fr/image.ashx?id=1701996&use=l&cat=p&typeid=i","cat":284745},{"id":56405,"n":"Boîte classement Esquisse  Jaune 2,5cm x1","p":2.09,"img":"https://fd5-photos.leclercdrive.fr/image.ashx?id=1694275&use=l&cat=p&typeid=i","cat":284745},{"id":56418,"n":"Vinaigre de cidre Bio Village Bio 75cl","p":2.09,"u":"2,79 €/L","img":"https://fd5-photos.leclercdrive.fr/image.ashx?id=1069902&use=l&cat=p&typeid=i","cat":298543},{"id":56435,"n":"Bouillon Kub Or Maggi  Déshydraté dégraissé - 128g","p":1.73,"u":"13,52 €/KG","img":"https://fd5-photos.leclercdrive.fr/image.ashx?id=2953977&use=l&cat=p&typeid=i","cat":288379},{"id":56440,"n":"Biscuit Citron Yuzu GERBLE  sans sucre 6 132g","p":1.82,"u":"13,79 €/KG","img":"https://fd5-photos.leclercdrive.fr/image.ashx?id=2664016&use=l&cat=p&typeid=i","cat":318653},{"id":56444,"n":"Biscuits chocolat amande GERBLE  - 4x4, 200g","p":1.65,"u":"8,25 €/KG","img":"https://fd5-photos.leclercdrive.fr/image.ashx?id=2967004&use=l&cat=p&typeid=i","cat":318651},{"id":56452,"n":"Cookie Cacao GERBLE  sans sucres - 130g","p":2.57,"u":"19,77 €/KG","img":"https://fd5-photos.leclercdrive.fr/image.ashx?id=2575057&use=l&cat=p&typeid=i","cat":318653},{"id":56456,"n":"Biscuit Coco GERBLE  sans sucre - 132g","p":1.82,"u":"13,79 €/KG","img":"https://fd5-photos.leclercdrive.fr/image.ashx?id=2662826&use=l&cat=p&typeid=i","cat":318653},{"id":56457,"n":"Biscuit Sésame Vanille GERBLE  sans sucres - 132g","p":1.85,"u":"14,02 €/KG","img":"https://fd5-photos.leclercdrive.fr/image.ashx?id=2664013&use=l&cat=p&typeid=i","cat":318653},{"id":56464,"n":"Biscuit fourré cacao GERBLE   sans sucre 6 185g","p":2.5,"u":"13,51 €/KG","img":"https://fd5-photos.leclercdrive.fr/image.ashx?id=2662832&use=l&cat=p&typeid=i","cat":318653},{"id":56465,"n":"Barre Chocolat ISOSTAR  Chocolat - 3x35g","p":3.2,"u":"30,48 €/KG","img":"https://fd5-photos.leclercdrive.fr/image.ashx?id=2323478&use=l&cat=p&typeid=i","cat":318652},{"id":56468,"n":"Goûters 4S aux pommes Gerblé 360g","p":1.89,"u":"5,25 €/KG","img":"https://fd5-photos.leclercdrive.fr/image.ashx?id=2860907&use=l&cat=p&typeid=i","cat":318651},{"id":56470,"n":"Boisson orange ISOSTAR  Poudre energétique  400 g","p":7.49,"u":"18,73 €/KG","img":"https://fd5-photos.leclercdrive.fr/image.ashx?id=2663045&use=l&cat=p&typeid=i","cat":318652},{"id":56510,"n":"Préfou de Vendée NRT A l'ail - 280g","p":3.99,"u":"14,25 €/KG","img":"https://fd5-photos.leclercdrive.fr/image.ashx?id=2743891&use=l&cat=p&typeid=i","cat":316003},{"id":56511,"n":"Galettes sarrasin Bretagne NRT x6 - 300g","p":1.89,"u":"6,30 €/KG","img":"https://fd5-photos.leclercdrive.fr/image.ashx?id=2770268&use=l&cat=p&typeid=i","cat":333672},{"id":56517,"n":"Eau minérale naturelle Contrex 6x1.5L","p":2.79,"u":"0,31 €/L","img":"https://fd5-photos.leclercdrive.fr/image.ashx?id=2758773&use=l&cat=p&typeid=i","cat":284535},{"id":56547,"n":"Flocons d'avoine bio Bio Village - 500g","p":1.48,"u":"2,96 €/KG","img":"https://fd5-photos.leclercdrive.fr/image.ashx?id=2688243&use=l&cat=p&typeid=i","cat":309512},{"id":56558,"n":"Croquettes chat Tous mes amis Boeuf/poulet/légumes - 7.5kg","p":10.46,"u":"1,39 €/KG","img":"https://fd5-photos.leclercdrive.fr/image.ashx?id=2319118&use=l&cat=p&typeid=i","cat":284680},{"id":56561,"n":"Croquettes chat Plénima Sensible - 450g","p":2.22,"u":"4,93 €/KG","img":"https://fd5-photos.leclercdrive.fr/image.ashx?id=1943391&use=l&cat=p&typeid=i","cat":284680},{"id":56571,"n":"Tomates entières pelées bio Bio Village - 240g","p":1.04,"u":"4,33 €/KG","img":"https://fd5-photos.leclercdrive.fr/image.ashx?id=2302982&use=l&cat=p&typeid=i","cat":312608},{"id":56574,"n":"Sel Fin de Table Rustica Boîte verseuse 500g","p":0.46,"u":"0,92 €/KG","img":"https://fd5-photos.leclercdrive.fr/image.ashx?id=2050681&use=l&cat=p&typeid=i","cat":284457},{"id":56592,"n":"Glaçons apéritif en sachet 2kg","p":1.6,"u":"0,80 €/KG","img":"https://fd5-photos.leclercdrive.fr/image.ashx?id=2022024&use=l&cat=p&typeid=i","cat":285987},{"id":56600,"n":"Biscuits Finucchietti chocolat Biscuiterie di a gravona - 250g","p":7.66,"u":"30,64 €/KG","img":"https://fd5-photos.leclercdrive.fr/image.ashx?id=1070788&use=l&cat=p&typeid=i","cat":284488},{"id":56609,"n":"Fromage à tartiner Madame Loïk Fouetté Nature - 320g","p":2.82,"u":"8,81 €/KG","img":"https://fd5-photos.leclercdrive.fr/image.ashx?id=2967798&use=l&cat=p&typeid=i","cat":314029},{"id":56610,"n":"Fromage à tartiner Madame Loïk Fouetté Nature - 180g","p":1.8,"u":"10,00 €/KG","img":"https://fd5-photos.leclercdrive.fr/image.ashx?id=2948015&use=l&cat=p&typeid=i","cat":314029},{"id":56613,"n":"IGP Pays d'Oc rouge Merlot Grand Sud 13.5% vol - BIB 5L","p":20.13,"u":"4,03 €/L","img":"https://fd5-photos.leclercdrive.fr/image.ashx?id=2837457&use=l&cat=p&typeid=i","cat":289556},{"id":56683,"n":"Pur jus d'ananas Bio Village  Bio - 1L","p":3.81,"u":"3,81 €/L","img":"https://fd5-photos.leclercdrive.fr/image.ashx?id=2901539&use=l&cat=p&typeid=i","cat":284916},{"id":56744,"n":"Lait Matin Léger Bio de Lactel Sans lactose 1.2% mg - 6x50cl","p":9.48,"u":"3,16 €/L","img":"https://fd5-photos.leclercdrive.fr/image.ashx?id=2883540&use=l&cat=p&typeid=i","cat":317169},{"id":56763,"n":"Vinaigre de vin Rustica  25cl","p":0.89,"u":"3,56 €/L","img":"https://fd5-photos.leclercdrive.fr/image.ashx?id=1072903&use=l&cat=p&typeid=i","cat":298543},{"id":56765,"n":"Vinaigre de cidre Rustica 25cl","p":0.79,"u":"3,16 €/L","img":"https://fd5-photos.leclercdrive.fr/image.ashx?id=1072906&use=l&cat=p&typeid=i","cat":298543},{"id":56767,"n":"Vinaigre balsamique Rustica De Modène - 25cl","p":1.27,"u":"5,08 €/L","img":"https://fd5-photos.leclercdrive.fr/image.ashx?id=2777812&use=l&cat=p&typeid=i","cat":298543},{"id":56770,"n":"Fleur de sel de Guérande IGP  NRT - 125g","p":2.49,"u":"19,92 €/KG","img":"https://fd5-photos.leclercdrive.fr/image.ashx?id=2644924&use=l&cat=p&typeid=i","cat":284457},{"id":56831,"n":"Nuggets de poulet Maître Coq Sachet - 1kg","p":6.33,"u":"6,33 €/KG","img":"https://fd5-photos.leclercdrive.fr/image.ashx?id=2936404&use=l&cat=p&typeid=i","cat":319780},{"id":56845,"n":"Bâtonnets de poisson Findus  Colin d'Alaska MSC x16 - 448g","p":3.68,"u":"8,21 €/KG","img":"https://fd5-photos.leclercdrive.fr/image.ashx?id=2650684&use=l&cat=p&typeid=i","cat":319788},{"id":56852,"n":"Tablette de chocolat Côte d'or Lait Noisette - 4x180g","p":13.7,"u":"19,03 €/KG","img":"https://fd5-photos.leclercdrive.fr/image.ashx?id=2168660&use=l&cat=p&typeid=i","cat":284497},{"id":56860,"n":"Flûtes Tokapi Chèvre/romarin -  - 100g","p":1.59,"u":"15,90 €/KG","img":"https://fd5-photos.leclercdrive.fr/image.ashx?id=2374055&use=l&cat=p&typeid=i","cat":297000},{"id":56861,"n":"Mini-flûtes Tokapi Tomate/olive/origan - 100g","p":1.59,"u":"15,90 €/KG","img":"https://fd5-photos.leclercdrive.fr/image.ashx?id=2374058&use=l&cat=p&typeid=i","cat":297000},{"id":56862,"n":"Couscous Comptoir du Grain  Fin - 1kg","p":2.17,"u":"2,17 €/KG","img":"https://fd5-photos.leclercdrive.fr/image.ashx?id=3012857&use=l&cat=p&typeid=i","cat":284429},{"id":56872,"n":"Tartiflette Côté Table  350g","p":2.9,"u":"8,29 €/KG","img":"https://fd5-photos.leclercdrive.fr/image.ashx?id=2970456&use=l&cat=p&typeid=i","cat":284953},{"id":56873,"n":"Hachis parmentier Côté Table 350g","p":2.53,"u":"7,23 €/KG","img":"https://fd5-photos.leclercdrive.fr/image.ashx?id=2393893&use=l&cat=p&typeid=i","cat":284953},{"id":56874,"n":"Lasagnes bolognaise Côté Table Barquette - 350g","p":2.39,"u":"6,83 €/KG","img":"https://fd5-photos.leclercdrive.fr/image.ashx?id=2476164&use=l&cat=p&typeid=i","cat":284953},{"id":56882,"n":"Gel désinfectant mains Sanytol Peaux sensibles - 75ml","p":2.69,"u":"35,87 €/L","img":"https://fd5-photos.leclercdrive.fr/image.ashx?id=2904667&use=l&cat=p&typeid=i","cat":284630},{"id":56883,"n":"Recharge essential mist AirWick Jasmin étoile - 20ml","p":4.64,"u":"232,00 €/L","img":"https://fd5-photos.leclercdrive.fr/image.ashx?id=1596122&use=l&cat=p&typeid=i","cat":311629},{"id":56885,"n":"Gel coiffant Vitanove Effet invisible - 300ml","p":1.96,"u":"6,53 €/L","img":"https://fd5-photos.leclercdrive.fr/image.ashx?id=2879940&use=l&cat=p&typeid=i","cat":284609},{"id":56889,"n":"Gel soin visage charbon Garnier Anti-Points Noirs - 150ml","p":4.64,"u":"30,93 €/L","img":"https://fd5-photos.leclercdrive.fr/image.ashx?id=2634190&use=l&cat=p&typeid=i","cat":284603},{"id":56919,"n":"Bière blonde Pelforth 5.8%vol - 20x25cl","p":11.86,"u":"2,37 €/L","img":"https://fd5-photos.leclercdrive.fr/image.ashx?id=2764523&use=l&cat=p&typeid=i","cat":334873},{"id":56935,"n":"Pâte à tartiner Nutella 400g","p":3.22,"u":"8,05 €/KG","img":"https://fd5-photos.leclercdrive.fr/image.ashx?id=2935645&use=l&cat=p&typeid=i","cat":284481},{"id":56953,"n":"Cordons bleus Côté Croc Au poulet x2 - 200g","p":1.59,"u":"7,95 €/KG","img":"https://fd5-photos.leclercdrive.fr/image.ashx?id=2801046&use=l&cat=p&typeid=i","cat":333683},{"id":56967,"n":"Biscuits déli Matin P'tit Deli Pepites chocolat -  600g","p":3.31,"u":"5,52 €/KG","img":"https://fd5-photos.leclercdrive.fr/image.ashx?id=2999514&use=l&cat=p&typeid=i","cat":284491},{"id":56968,"n":"Rhum ambré Trois Rivières 40% vol - 70cl","p":13.72,"u":"19,60 €/L","img":"https://fd5-photos.leclercdrive.fr/image.ashx?id=2973670&use=l&cat=p&typeid=i","cat":284550},{"id":56975,"n":"Saucisson sec Saint-Azay Pur porc - 250g","p":4.09,"u":"16,36 €/KG","img":"https://fd5-photos.leclercdrive.fr/image.ashx?id=2043026&use=l&cat=p&typeid=i","cat":316006},{"id":56977,"n":"Yaourt Deli'light Delisse Citron, 0% mg -  4x125g","p":1.45,"u":"2,90 €/KG","img":"https://fd5-photos.leclercdrive.fr/image.ashx?id=2946457&use=l&cat=p&typeid=i","cat":286006},{"id":56979,"n":"Yaourts Deli'light Delisse Cerise 0%mg - 4x125g","p":1.45,"u":"2,90 €/KG","img":"https://fd5-photos.leclercdrive.fr/image.ashx?id=2938412&use=l&cat=p&typeid=i","cat":315000},{"id":56980,"n":"Laque Vitanove  Maximum - 400ml","p":2.6,"u":"6,50 €/L","img":"https://fd5-photos.leclercdrive.fr/image.ashx?id=2490043&use=l&cat=p&typeid=i","cat":284609},{"id":56991,"n":"Eau de javel Clair Citron - 3x250ml","p":1.3,"u":"1,73 €/L","img":"https://fd5-photos.leclercdrive.fr/image.ashx?id=1073466&use=l&cat=p&typeid=i","cat":284661},{"id":56992,"n":"Sauce roquefort Ferial  120g","p":1.69,"u":"14,08 €/KG","img":"https://fd5-photos.leclercdrive.fr/image.ashx?id=2636245&use=l&cat=p&typeid=i","cat":284382},{"id":56994,"n":"Pancakes Epi d'or x6 - 200g","p":2.63,"u":"13,15 €/KG","img":"https://fd5-photos.leclercdrive.fr/image.ashx?id=3012415&use=l&cat=p&typeid=i","cat":288858},{"id":56995,"n":"Jus de fruit Jafaden  Grenade - 1L","p":2.71,"u":"2,71 €/L","img":"https://fd5-photos.leclercdrive.fr/image.ashx?id=2591412&use=l&cat=p&typeid=i","cat":284915},{"id":56996,"n":"Jus de fruit Jafaden  Pur jus multifruits - 2L","p":2.59,"u":"1,30 €/L","img":"https://fd5-photos.leclercdrive.fr/image.ashx?id=2920196&use=l&cat=p&typeid=i","cat":284917},{"id":57007,"n":"Fromage tartiflette Les Croisés 27%mg - 250g","p":2.88,"u":"11,52 €/KG","img":"https://fd5-photos.leclercdrive.fr/image.ashx?id=2793248&use=l&cat=p&typeid=i","cat":314037},{"id":57017,"n":"Friandises chat Catisfactions Poulet - 60g","p":1.1,"u":"18,33 €/KG","img":"https://fd5-photos.leclercdrive.fr/image.ashx?id=2914762&use=l&cat=p&typeid=i","cat":285285},{"id":57020,"n":"Ossau iraty NRT AOP  Fromage de brebis - 200g","p":3.99,"u":"19,95 €/KG","img":"https://fd5-photos.leclercdrive.fr/image.ashx?id=2342632&use=l&cat=p&typeid=i","cat":329184},{"id":57030,"n":"Fromage Morbier NRT AOP  250g","p":3.59,"u":"14,36 €/KG","img":"https://fd5-photos.leclercdrive.fr/image.ashx?id=2624034&use=l&cat=p&typeid=i","cat":329184},{"id":57034,"n":"Fromage Mini Mont d'Or NRT AOP  x1 - 400g","p":8.85,"u":"22,13 €/KG","img":"https://fd5-photos.leclercdrive.fr/image.ashx?id=2934844&use=l&cat=p&typeid=i","cat":314037},{"id":57035,"n":"Sacs poubelle 50L Poubel'sak x15","p":2.32,"u":"0,15 €/P","img":"https://fd5-photos.leclercdrive.fr/image.ashx?id=1886893&use=l&cat=p&typeid=i","cat":284707},{"id":57044,"n":"Bière blonde Kronenbourg 4,2° - 12x33cl canettes","p":8.52,"u":"2,15 €/L","img":"https://fd5-photos.leclercdrive.fr/image.ashx?id=2854366&use=l&cat=p&typeid=i","cat":334853},{"id":57045,"n":"Bière blonde Kronenbourg 4,2° - 6x33cl canettes","p":4.26,"u":"2,15 €/L","img":"https://fd5-photos.leclercdrive.fr/image.ashx?id=2212581&use=l&cat=p&typeid=i","cat":334853},{"id":57060,"n":"Choux de Bruxelles 500g","p":3.6,"u":"7,20 €/KG","img":"https://fd5-photos.leclercdrive.fr/image.ashx?id=598741&use=l&cat=p&typeid=i","cat":284352},{"id":57073,"n":"Tarte aux pommes 500g","p":7.54,"u":"15,08 €/KG","img":"https://fd5-photos.leclercdrive.fr/image.ashx?id=1678925&use=l&cat=p&typeid=i","cat":284360},{"id":57080,"n":"Fromage frais nature Bio Bio village - 4x100g","p":1.85,"u":"4,63 €/KG","img":"https://fd5-photos.leclercdrive.fr/image.ashx?id=2839947&use=l&cat=p&typeid=i","cat":284409},{"id":57119,"n":"Super décapant cuisine Briochin Ecocert - 1L","p":4.12,"u":"4,12 €/L","img":"https://fd5-photos.leclercdrive.fr/image.ashx?id=3011401&use=l&cat=p&typeid=i","cat":325357},{"id":57129,"n":"Pains au chocolat pur beurre  4x1P","p":3.45,"u":"0,86 €/P","img":"https://fd5-photos.leclercdrive.fr/image.ashx?id=2071046&use=l&cat=p&typeid=i","cat":284984},{"id":57135,"n":"Bar élevé  250g","p":3.54,"u":"14,16 €/KG","img":"https://fd5-photos.leclercdrive.fr/image.ashx?id=1309080&use=l&cat=p&typeid=i","cat":284342},{"id":57136,"n":"Filet de lieu noir  2x120g","p":3.95,"u":"16,46 €/KG","img":"https://fd5-photos.leclercdrive.fr/image.ashx?id=616007&use=l&cat=p&typeid=i","cat":284342},{"id":57137,"n":"Dos de cabillaud  2x200g","p":13.95,"u":"34,88 €/KG","img":"https://fd5-photos.leclercdrive.fr/image.ashx?id=630550&use=l&cat=p&typeid=i","cat":284342},{"id":57138,"n":"Dos de cabillaud  4x200g","p":25.95,"u":"32,44 €/KG","img":"https://fd5-photos.leclercdrive.fr/image.ashx?id=630550&use=l&cat=p&typeid=i","cat":284342},{"id":57140,"n":"Crevettes 30/50  300g","p":4.95,"u":"16,50 €/KG","img":"https://fd5-photos.leclercdrive.fr/image.ashx?id=584630&use=l&cat=p&typeid=i","cat":284343},{"id":57141,"n":"Crevettes 30/50  500g","p":7.5,"u":"15,00 €/KG","img":"https://fd5-photos.leclercdrive.fr/image.ashx?id=584630&use=l&cat=p&typeid=i","cat":284343},{"id":57151,"n":"Mousse Délisse Chocolat au lait - 8x60g","p":2.25,"u":"4,69 €/KG","img":"https://fd5-photos.leclercdrive.fr/image.ashx?id=3009517&use=l&cat=p&typeid=i","cat":284417},{"id":57155,"n":"Yaourts à la Grecque Delisse Lit de miel - 4x150g","p":2.89,"u":"4,82 €/KG","img":"https://fd5-photos.leclercdrive.fr/image.ashx?id=2699702&use=l&cat=p&typeid=i","cat":314999},{"id":57156,"n":"Yaourts Delilight Délisse Nature, 0% MG - 4x125g","p":1.09,"u":"2,18 €/KG","img":"https://fd5-photos.leclercdrive.fr/image.ashx?id=2920193&use=l&cat=p&typeid=i","cat":315000},{"id":57162,"n":"Yaourt brassé fraise 4x125g","p":1.41,"u":"2,82 €/KG","img":"https://fd5-photos.leclercdrive.fr/image.ashx?id=2796532&use=l&cat=p&typeid=i","cat":284410},{"id":57182,"n":"AOP Corse Terra Nostra rouge Niellucciu - 75cl","p":6.65,"u":"8,87 €/L","img":"https://fd5-photos.leclercdrive.fr/image.ashx?id=2422965&use=l&cat=p&typeid=i","cat":289556},{"id":57184,"n":"Yaourt Lait de brebis Délisse Vanille - 4x125g","p":2.29,"u":"4,58 €/P","img":"https://fd5-photos.leclercdrive.fr/image.ashx?id=1993589&use=l&cat=p&typeid=i","cat":314998},{"id":57189,"n":"Yaourt lait brebis Délisse Citron - 4x125g","p":2.39,"u":"4,78 €/KG","img":"https://fd5-photos.leclercdrive.fr/image.ashx?id=1889797&use=l&cat=p&typeid=i","cat":314998},{"id":57191,"n":"Fromage blanc crème brassé NRT AOP - 800g","p":3.19,"u":"3,99 €/KG","img":"https://fd5-photos.leclercdrive.fr/image.ashx?id=1946910&use=l&cat=p&typeid=i","cat":284409},{"id":57242,"n":"Lingettes multi-usages Sanytol Désinfectant Pamplemousse -x48","p":1.77,"u":"0,04 €/P","img":"https://fd5-photos.leclercdrive.fr/image.ashx?id=2511631&use=l&cat=p&typeid=i","cat":325358},{"id":57274,"n":"Boisson aux fruits Oasis Goût Pomme Cassis Framboise 1L","p":1.59,"u":"1,59 €/L","img":"https://fd5-photos.leclercdrive.fr/image.ashx?id=3011083&use=l&cat=p&typeid=i","cat":295018},{"id":57275,"n":"Boisson aux fruits Oasis Tropical - 1L","p":1.78,"u":"1,78 €/L","img":"https://fd5-photos.leclercdrive.fr/image.ashx?id=2666638&use=l&cat=p&typeid=i","cat":295018},{"id":57284,"n":"AOC Prosecco Riccadonna Extra Dry - 11° - 75cl","p":6.35,"u":"8,47 €/L","img":"https://fd5-photos.leclercdrive.fr/image.ashx?id=2666303&use=l&cat=p&typeid=i","cat":289461},{"id":57288,"n":"Jeunes pousses & roquettes  Bonduelle - 145g","p":2.05,"u":"14,14 €/KG","img":"https://fd5-photos.leclercdrive.fr/image.ashx?id=2862128&use=l&cat=p&typeid=i","cat":284353},{"id":57314,"n":"Risotto Fleury Michon Poulet et cèpes - 280g","p":2.94,"u":"10,50 €/KG","img":"https://fd5-photos.leclercdrive.fr/image.ashx?id=3003281&use=l&cat=p&typeid=i","cat":333665},{"id":57354,"n":"Duo de Sel & Poivre La Baleine Sel 50G - Poivre 18G","p":2.65,"u":"38,97 €/KG","img":"https://fd5-photos.leclercdrive.fr/image.ashx?id=1752097&use=l&cat=p&typeid=i","cat":284457},{"id":57357,"n":"Déodorant Monsavon spray Alun, lait et coton - 2x200ml","p":3.79,"u":"9,48 €/L","img":"https://fd5-photos.leclercdrive.fr/image.ashx?id=2489440&use=l&cat=p&typeid=i","cat":284595},{"id":57387,"n":"Crème Saint Agur  250g","p":3.79,"u":"15,16 €/KG","img":"https://fd5-photos.leclercdrive.fr/image.ashx?id=2414160&use=l&cat=p&typeid=i","cat":314029},{"id":57410,"n":"Croissants Croustipâte x4 - 240g","p":1.45,"u":"6,04 €/KG","img":"https://fd5-photos.leclercdrive.fr/image.ashx?id=2886100&use=l&cat=p&typeid=i","cat":333681},{"id":57435,"n":"Fromage blanc Bio Vrai Lait de brebis - 400g","p":2.37,"u":"5,93 €/KG","img":"https://fd5-photos.leclercdrive.fr/image.ashx?id=2517495&use=l&cat=p&typeid=i","cat":314998},{"id":57627,"n":"Bacon Bio Village 10 tranches bio 100g","p":2.29,"u":"22,90 €/KG","img":"https://fd5-photos.leclercdrive.fr/image.ashx?id=1921536&use=l&cat=p&typeid=i","cat":316007},{"id":57684,"n":"Repas soir bio 12mois Babybio Panais legumes boulghour 230g","p":2.07,"u":"9,00 €/KG","img":"https://fd5-photos.leclercdrive.fr/image.ashx?id=2859359&use=l&cat=p&typeid=i","cat":312239},{"id":57685,"n":"Pots bébé bio Babybio Légumes poulet - 6 mois - 400g","p":2.71,"u":"6,78 €/KG","img":"https://fd5-photos.leclercdrive.fr/image.ashx?id=2827422&use=l&cat=p&typeid=i","cat":312236},{"id":57687,"n":"Repas du soir Babybio - 8 mois Bio Patates douces - 2x200g","p":2.87,"u":"7,18 €/KG","img":"https://fd5-photos.leclercdrive.fr/image.ashx?id=2168291&use=l&cat=p&typeid=i","cat":312239},{"id":57688,"n":"Bols soir bébé bio Babybio Purée, courgette -8 mois-2x200g","p":3.06,"u":"7,65 €/KG","img":"https://fd5-photos.leclercdrive.fr/image.ashx?id=2859365&use=l&cat=p&typeid=i","cat":312239},{"id":57690,"n":"Assiette bébé soir bio Babybio Gratin de légumes -15 mois-260g","p":2.15,"u":"8,27 €/KG","img":"https://fd5-photos.leclercdrive.fr/image.ashx?id=2827539&use=l&cat=p&typeid=i","cat":312239},{"id":57691,"n":"Gourde bébé Babybio Bio 6 mois Pomme/poire/pêche - 4x90g","p":2.95,"u":"8,19 €/KG","img":"https://fd5-photos.leclercdrive.fr/image.ashx?id=2733319&use=l&cat=p&typeid=i","cat":312393},{"id":57692,"n":"Gourde bébé Babybio - 6 mois Bio banane millet / Poire-4x90g","p":3.88,"u":"10,78 €/KG","img":"https://fd5-photos.leclercdrive.fr/image.ashx?id=2858234&use=l&cat=p&typeid=i","cat":312393},{"id":57693,"n":"Crème dessert bébé bio Babybio  Semoule cacao -8 mois- 4x85g","p":3.23,"u":"9,50 €/KG","img":"https://fd5-photos.leclercdrive.fr/image.ashx?id=2834527&use=l&cat=p&typeid=i","cat":312393},{"id":57694,"n":"Crème dessert bébé bio Babybio  Semoule vanille -6 mois- 4x85g","p":3.29,"u":"9,68 €/KG","img":"https://fd5-photos.leclercdrive.fr/image.ashx?id=2834530&use=l&cat=p&typeid=i","cat":312393},{"id":57696,"n":"Pots bébé bio Babybio - 6 mois  Légumes pâtes boeuf - 2x200g","p":2.72,"u":"6,80 €/KG","img":"https://fd5-photos.leclercdrive.fr/image.ashx?id=2838301&use=l&cat=p&typeid=i","cat":312236},{"id":57697,"n":"Pots bébé bio Babybio Panais jambon - 6 mois - 2x200g","p":3.01,"u":"7,53 €/KG","img":"https://fd5-photos.leclercdrive.fr/image.ashx?id=2838304&use=l&cat=p&typeid=i","cat":312236},{"id":57701,"n":"Petits pots Babybio 6 mois - Maïs doux - 2x130g","p":1.84,"u":"7,08 €/KG","img":"https://fd5-photos.leclercdrive.fr/image.ashx?id=2838461&use=l&cat=p&typeid=i","cat":312235},{"id":57703,"n":"Bols bébé soir bio Babybio Légumes pâtes - 8 mois - 2x200g","p":2.37,"u":"5,93 €/KG","img":"https://fd5-photos.leclercdrive.fr/image.ashx?id=2838311&use=l&cat=p&typeid=i","cat":312239},{"id":57705,"n":"Compote bébé Babybio Bio 4 mois Mirabelle Pomme - 2x130g","p":1.79,"u":"6,88 €/KG","img":"https://fd5-photos.leclercdrive.fr/image.ashx?id=2834518&use=l&cat=p&typeid=i","cat":312387},{"id":57706,"n":"Salades Bonduelle Tortis, concombres, saumon 300g","p":2.92,"u":"9,73 €/KG","img":"https://fd5-photos.leclercdrive.fr/image.ashx?id=2905303&use=l&cat=p&typeid=i","cat":333657},{"id":57709,"n":"Salade Laitue Les Crudettes 100% coeur  - 150g","p":1.48,"u":"9,87 €/KG","img":"https://fd5-photos.leclercdrive.fr/image.ashx?id=2089688&use=l&cat=p&typeid=i","cat":284353},{"id":57710,"n":"Assiette Babybio bio Panais petits pois canard- 260g","p":2.31,"u":"8,88 €/KG","img":"https://fd5-photos.leclercdrive.fr/image.ashx?id=2827536&use=l&cat=p&typeid=i","cat":312238},{"id":57713,"n":"Vin Union européenne blanc Lichette Alouettes - 5L","p":11.37,"u":"2,27 €/L","img":"https://fd5-photos.leclercdrive.fr/image.ashx?id=2859194&use=l&cat=p&typeid=i","cat":289557},{"id":57717,"n":"Repas du soir carotte Babybio bio 12 mois Maïs Quinoa - 230g","p":2.03,"u":"8,83 €/KG","img":"https://fd5-photos.leclercdrive.fr/image.ashx?id=2875387&use=l&cat=p&typeid=i","cat":312239},{"id":57720,"n":"Repas bébé Babybio - 8 mois Pomme de terre/Chevre - 2x200g","p":3.21,"u":"8,03 €/KG","img":"https://fd5-photos.leclercdrive.fr/image.ashx?id=2827524&use=l&cat=p&typeid=i","cat":312235},{"id":57742,"n":"Lait croissance Guigoz Gest 3e âge - dès 12 mois - 800g","p":10.88,"u":"13,60 €/KG","img":"https://fd5-photos.leclercdrive.fr/image.ashx?id=2895023&use=l&cat=p&typeid=i","cat":290219},{"id":57760,"n":"Assiette bébé soir bio Babybio Aubergine pâtes -15 mois- 260g","p":1.82,"u":"7,00 €/KG","img":"https://fd5-photos.leclercdrive.fr/image.ashx?id=2855912&use=l&cat=p&typeid=i","cat":312239},{"id":57763,"n":"Pâtes Serpentini Panzani 3 Minutes - 500g","p":1.4,"u":"2,80 €/KG","img":"https://fd5-photos.leclercdrive.fr/image.ashx?id=2896078&use=l&cat=p&typeid=i","cat":284427},{"id":57764,"n":"Pâtes Farfalle Panzani  3 Minutes - 500G","p":1.16,"u":"2,32 €/KG","img":"https://fd5-photos.leclercdrive.fr/image.ashx?id=2896090&use=l&cat=p&typeid=i","cat":284427},{"id":57767,"n":"Tablette de chocolat noir Lindt Framboise intense - 100g","p":2.21,"u":"22,10 €/KG","img":"https://fd5-photos.leclercdrive.fr/image.ashx?id=2689484&use=l&cat=p&typeid=i","cat":318654},{"id":57768,"n":"Tablette de chocolat noir Lindt Sésame grillé - 100g","p":2.16,"u":"21,60 €/KG","img":"https://fd5-photos.leclercdrive.fr/image.ashx?id=2689490&use=l&cat=p&typeid=i","cat":284956},{"id":57772,"n":"Chocolat noir Lindt Création Menthe frappée - 150g","p":2.95,"u":"19,67 €/KG","img":"https://fd5-photos.leclercdrive.fr/image.ashx?id=2685817&use=l&cat=p&typeid=i","cat":284956},{"id":57775,"n":"Chocolat au lait Eco+ Noisette - 4x100g","p":3.08,"u":"7,70 €/KG","img":"https://fd5-photos.leclercdrive.fr/image.ashx?id=2775463&use=l&cat=p&typeid=i","cat":284497},{"id":57776,"n":"Chocolat au lait Eco+ Céréales - 4x100g","p":2.76,"u":"6,90 €/KG","img":"https://fd5-photos.leclercdrive.fr/image.ashx?id=2835187&use=l&cat=p&typeid=i","cat":284497},{"id":57779,"n":"Capsules café Plantation Espresso n°5 - x16 - 92g","p":2.69,"u":"29,24 €/KG","img":"https://fd5-photos.leclercdrive.fr/image.ashx?id=2649729&use=l&cat=p&typeid=i","cat":293239},{"id":57782,"n":"Capsules café Plantation Cappuccino - 2x8 - 166g","p":3.45,"u":"20,78 €/KG","img":"https://fd5-photos.leclercdrive.fr/image.ashx?id=2856558&use=l&cat=p&typeid=i","cat":293239},{"id":57783,"n":"Capsules café Plantation Espresso forte n°7 - x16 - 105g","p":2.99,"u":"28,48 €/KG","img":"https://fd5-photos.leclercdrive.fr/image.ashx?id=2649732&use=l&cat=p&typeid=i","cat":293239},{"id":57785,"n":"Capsules café Plantation Lungo n°6 - x16 - 99.2g","p":2.69,"u":"27,17 €/KG","img":"https://fd5-photos.leclercdrive.fr/image.ashx?id=2649735&use=l&cat=p&typeid=i","cat":293239},{"id":57786,"n":"Capsules café Plantation Gigante n°5 - x16 - 112g","p":2.99,"u":"26,70 €/KG","img":"https://fd5-photos.leclercdrive.fr/image.ashx?id=2649738&use=l&cat=p&typeid=i","cat":293239},{"id":57787,"n":"Céréales Jordans Country Crisp 4 Noix - 850g","p":4.59,"u":"5,40 €/KG","img":"https://fd5-photos.leclercdrive.fr/image.ashx?id=2860520&use=l&cat=p&typeid=i","cat":309512},{"id":57796,"n":"Bonbons KINDER Schoko-Bons Chocolat au lait - 300G","p":4.83,"u":"16,10 €/KG","img":"https://fd5-photos.leclercdrive.fr/image.ashx?id=2439692&use=l&cat=p&typeid=i","cat":304238},{"id":57804,"n":"Tomato Ketchup Heinz - 570g","p":2.07,"u":"3,63 €/KG","img":"https://fd5-photos.leclercdrive.fr/image.ashx?id=2924944&use=l&cat=p&typeid=i","cat":284455},{"id":57812,"n":"Petits pots bébé P'TITE RECETTE Couscous 8M+ - 2x200g","p":1.9,"u":"4,75 €/KG","img":"https://fd5-photos.leclercdrive.fr/image.ashx?id=2525696&use=l&cat=p&typeid=i","cat":312236},{"id":57813,"n":"Petits pots bébé P'TITE RECETTE Poulet Basquais 15M+ - 2 x 200g","p":2.29,"u":"5,73 €/KG","img":"https://fd5-photos.leclercdrive.fr/image.ashx?id=2737042&use=l&cat=p&typeid=i","cat":312238},{"id":57814,"n":"Petits pots bébé P'TITE RECETTE Hachis Parmentier 8M+ - 2x200g","p":1.92,"u":"4,80 €/KG","img":"https://fd5-photos.leclercdrive.fr/image.ashx?id=2629689&use=l&cat=p&typeid=i","cat":312236},{"id":57815,"n":"Petits pots bébé P'TITE RECETTE Spaghetti bolognaise 8m -2x200g","p":1.9,"u":"4,75 €/KG","img":"https://fd5-photos.leclercdrive.fr/image.ashx?id=2629683&use=l&cat=p&typeid=i","cat":312236},{"id":57816,"n":"Petits pots bébé P'TITE RECETTE Pot au feu 8M+ - 2x200g","p":1.92,"u":"4,80 €/KG","img":"https://fd5-photos.leclercdrive.fr/image.ashx?id=2518415&use=l&cat=p&typeid=i","cat":312236},{"id":57821,"n":"Petits pots bébé PTIT SOUPER pâtes courgettes 6M+ - 2x200g","p":1.81,"u":"4,53 €/KG","img":"https://fd5-photos.leclercdrive.fr/image.ashx?id=2526523&use=l&cat=p&typeid=i","cat":312239},{"id":57823,"n":"Petits pots bébé P'TIT SOUPER Carottes semoule 6M+ - 2x200g","p":1.71,"u":"4,28 €/KG","img":"https://fd5-photos.leclercdrive.fr/image.ashx?id=2527109&use=l&cat=p&typeid=i","cat":312239},{"id":57824,"n":"Petits pots bébé P'TIT SOUPER Risotto carottes 12M+ - 2x200g","p":1.76,"u":"4,40 €/KG","img":"https://fd5-photos.leclercdrive.fr/image.ashx?id=2526526&use=l&cat=p&typeid=i","cat":312239},{"id":57883,"n":"Petits pots bébé P'TITE RECETTE  riz dinde 12M+ - 2x200g","p":1.79,"u":"4,48 €/KG","img":"https://fd5-photos.leclercdrive.fr/image.ashx?id=2629686&use=l&cat=p&typeid=i","cat":312237},{"id":57901,"n":"Salakis sel réduit -25% Fromage de brebis - 180g","p":2.71,"u":"15,06 €/KG","img":"https://fd5-photos.leclercdrive.fr/image.ashx?id=2739767&use=l&cat=p&typeid=i","cat":314026},{"id":57953,"n":"Papier cuisson Albal x16 feuilles","p":2.23,"img":"https://fd5-photos.leclercdrive.fr/image.ashx?id=2551447&use=l&cat=p&typeid=i","cat":334134},{"id":57956,"n":"Serviettes fuites urinaires  TENA Discreet - Mini - x20","p":4.12,"u":"0,21 €/P","img":"https://fd5-photos.leclercdrive.fr/image.ashx?id=2597241&use=l&cat=p&typeid=i","cat":284628},{"id":57957,"n":"Serviette Tena Lady Discreet - Normal - x12","p":4.19,"u":"0,35 €/P","img":"https://fd5-photos.leclercdrive.fr/image.ashx?id=2597235&use=l&cat=p&typeid=i","cat":284628},{"id":57958,"n":"Eau de toilette Alix De Faure Nature de feu - 100ml","p":4.55,"u":"45,50 €/L","img":"https://fd5-photos.leclercdrive.fr/image.ashx?id=2741300&use=l&cat=p&typeid=i","cat":287740},{"id":57960,"n":"Eau de toilette Alix de Faure Seville - 100ml","p":4.99,"u":"49,90 €/L","img":"https://fd5-photos.leclercdrive.fr/image.ashx?id=2645260&use=l&cat=p&typeid=i","cat":291525},{"id":57961,"n":"Eau de toilette Alix de Faure Nature sport - 100ml","p":4.55,"u":"45,50 €/L","img":"https://fd5-photos.leclercdrive.fr/image.ashx?id=2741294&use=l&cat=p&typeid=i","cat":287740},{"id":57977,"n":"Gel nettoyant canalisations Destop Pin intense - 750ml","p":2.74,"u":"3,65 €/L","img":"https://fd5-photos.leclercdrive.fr/image.ashx?id=2730310&use=l&cat=p&typeid=i","cat":284908},{"id":57983,"n":"Râpe Électrique Velvet Smooth Exfoliante et Contour des Pieds","p":26.59,"u":"Dont 0,17 € d'éco-part.","img":"https://fd5-photos.leclercdrive.fr/image.ashx?id=2465143&use=l&cat=p&typeid=i","cat":325354},{"id":58119,"n":"Madeleines longue pépites sucre Le Ster x20 - 250g","p":1.54,"u":"6,16 €/KG","img":"https://fd5-photos.leclercdrive.fr/image.ashx?id=2962566&use=l&cat=p&typeid=i","cat":284492},{"id":58122,"n":"Colin d'Alaska Findus Façon meuniere - x2 - 250g","p":3.01,"u":"12,04 €/KG","img":"https://fd5-photos.leclercdrive.fr/image.ashx?id=2654914&use=l&cat=p&typeid=i","cat":319788},{"id":58125,"n":"flan dany chocolat 4x100g","p":1.51,"u":"3,78 €/KG","img":"https://fd5-photos.leclercdrive.fr/image.ashx?id=2132316&use=l&cat=p&typeid=i","cat":284414},{"id":58137,"n":"Moelleux chocolat Bio Village  Mini Bio - x6 - 200g","p":3.64,"u":"18,20 €/KG","img":"https://fd5-photos.leclercdrive.fr/image.ashx?id=2943665&use=l&cat=p&typeid=i","cat":294776},{"id":58138,"n":"Chocolat Noir Bio village Aux éclats d'amandes Bio - 100g","p":2.19,"u":"21,90 €/KG","img":"https://fd5-photos.leclercdrive.fr/image.ashx?id=2891896&use=l&cat=p&typeid=i","cat":284956},{"id":58139,"n":"Chocolat noir Bio Village Bio Écorce d'oranges - 100g","p":2.15,"u":"21,50 €/KG","img":"https://fd5-photos.leclercdrive.fr/image.ashx?id=2913769&use=l&cat=p&typeid=i","cat":284956},{"id":58141,"n":"Lentilles corail Bio Village Bio - 450g","p":1.97,"u":"4,38 €/KG","img":"https://fd5-photos.leclercdrive.fr/image.ashx?id=3002665&use=l&cat=p&typeid=i","cat":284430},{"id":58142,"n":"Confiture extra bio Bio Village Cassis - 370g","p":2.59,"u":"7,00 €/KG","img":"https://fd5-photos.leclercdrive.fr/image.ashx?id=2459587&use=l&cat=p&typeid=i","cat":284480},{"id":58143,"n":"Soin de jour L'Oréal Paris Age Perfect anti-âge - 50ml","p":11.97,"pp":7.9,"u":"158,00 €/L","img":"https://fd5-photos.leclercdrive.fr/image.ashx?id=2769744&use=l&cat=p&typeid=i","cat":325345},{"id":58148,"n":"Film étirable Alfapac Dérouleur - 35m","p":7.01,"u":"0,20 €/MT","img":"https://fd5-photos.leclercdrive.fr/image.ashx?id=2918274&use=l&cat=p&typeid=i","cat":334134},{"id":58156,"n":"Manche acier Elephant  Anti-glisse - x1","p":3.63,"img":"https://fd5-photos.leclercdrive.fr/image.ashx?id=2571476&use=l&cat=p&typeid=i","cat":284669},{"id":58157,"n":"Balai Elephant  Anti-chocs, ultra-protect - x1","p":7.68,"img":"https://fd5-photos.leclercdrive.fr/image.ashx?id=2571482&use=l&cat=p&typeid=i","cat":284669},{"id":58164,"n":"Pelle-balayette Elephant Grande capacité - x1","p":5.1,"img":"https://fd5-photos.leclercdrive.fr/image.ashx?id=2571488&use=l&cat=p&typeid=i","cat":284669},{"id":58174,"n":"Ensemble WC Elephant Sanitized -x 1","p":9.99,"img":"https://fd5-photos.leclercdrive.fr/image.ashx?id=2575549&use=l&cat=p&typeid=i","cat":284669},{"id":58198,"n":"Galettes veggies Céréal Bio Orge Chèvre & Miel Bio - 200g","p":2.53,"u":"12,65 €/KG","img":"https://fd5-photos.leclercdrive.fr/image.ashx?id=2624209&use=l&cat=p&typeid=i","cat":316036},{"id":58201,"n":"Désodorisant Bien Air  Senteur muguet - 300ml","p":1.09,"u":"3,63 €/L","img":"https://fd5-photos.leclercdrive.fr/image.ashx?id=2607942&use=l&cat=p&typeid=i","cat":311626},{"id":58202,"n":"Désodorisant Bien Air Floral - 300ml","p":1.09,"u":"3,63 €/L","img":"https://fd5-photos.leclercdrive.fr/image.ashx?id=2614573&use=l&cat=p&typeid=i","cat":311626},{"id":58203,"n":"Désodorisant Bien Air  Fruits rouges - 300ml","p":1.35,"u":"4,50 €/L","img":"https://fd5-photos.leclercdrive.fr/image.ashx?id=2613723&use=l&cat=p&typeid=i","cat":311626},{"id":58205,"n":"Désodorisant Bien Air Vanille - 300ml","p":1.09,"u":"3,63 €/L","img":"https://fd5-photos.leclercdrive.fr/image.ashx?id=2613726&use=l&cat=p&typeid=i","cat":311626},{"id":58206,"n":"Désodorisant Bien Air Agrume, anti-tabac - 300ml","p":1.15,"u":"3,83 €/L","img":"https://fd5-photos.leclercdrive.fr/image.ashx?id=2613729&use=l&cat=p&typeid=i","cat":311626},{"id":58210,"n":"Galettes de céréales Céréal Bio Sarrasin & Comté Bio - 200g","p":2.52,"u":"12,60 €/KG","img":"https://fd5-photos.leclercdrive.fr/image.ashx?id=2624281&use=l&cat=p&typeid=i","cat":316036},{"id":58214,"n":"Carré gourmand Garden Gourmet Tomates et mozzarella 160g","p":2.1,"u":"13,13 €/KG","img":"https://fd5-photos.leclercdrive.fr/image.ashx?id=3009107&use=l&cat=p&typeid=i","cat":316036},{"id":58218,"n":"Croissants Côté Table Jambon emmental - 2x170g","p":2.92,"u":"8,59 €/KG","img":"https://fd5-photos.leclercdrive.fr/image.ashx?id=2885128&use=l&cat=p&typeid=i","cat":333671},{"id":58220,"n":"Quenelles Côté Table x6 - 240g","p":1.21,"u":"5,04 €/KG","img":"https://fd5-photos.leclercdrive.fr/image.ashx?id=2858836&use=l&cat=p&typeid=i","cat":333682},{"id":58221,"n":"Feuilles de filo Tablier Blanc 250g","p":1.91,"u":"7,64 €/KG","img":"https://fd5-photos.leclercdrive.fr/image.ashx?id=1938591&use=l&cat=p&typeid=i","cat":333681},{"id":58222,"n":"Nuggets Côté Croc Fromage - 180g","p":1.84,"u":"10,22 €/KG","img":"https://fd5-photos.leclercdrive.fr/image.ashx?id=2462260&use=l&cat=p&typeid=i","cat":333684},{"id":58232,"n":"Pâte feuilletée Tablier Blanc Rectangulaire - 230g","p":1.14,"u":"4,96 €/KG","img":"https://fd5-photos.leclercdrive.fr/image.ashx?id=2635931&use=l&cat=p&typeid=i","cat":333681},{"id":58365,"n":"Tartelettes Chocolat P'tit Déli Fourrées au lait - 225g","p":1.39,"u":"6,18 €/KG","img":"https://fd5-photos.leclercdrive.fr/image.ashx?id=2523715&use=l&cat=p&typeid=i","cat":284488},{"id":58428,"n":"Sachet fraicheur chat Sheba Boeuf poulet en sauce - 6x50g","p":2.45,"u":"8,17 €/KG","img":"https://fd5-photos.leclercdrive.fr/image.ashx?id=2895927&use=l&cat=p&typeid=i","cat":285286},{"id":58435,"n":"Bouillon Cube Maggi Poule au pot - 150g","p":1.77,"u":"11,80 €/KG","img":"https://fd5-photos.leclercdrive.fr/image.ashx?id=2737054&use=l&cat=p&typeid=i","cat":288379},{"id":58444,"n":"Cacahuètes Benenuts-Twinuts Nature format familial - 260g","p":1.67,"u":"6,42 €/KG","img":"https://fd5-photos.leclercdrive.fr/image.ashx?id=2967744&use=l&cat=p&typeid=i","cat":284448},{"id":58449,"n":"Tomates pelées entières D'aucy 238g","p":1.08,"u":"4,54 €/KG","img":"https://fd5-photos.leclercdrive.fr/image.ashx?id=2503425&use=l&cat=p&typeid=i","cat":312608},{"id":58450,"n":"Tomates pelées entières D'aucy 476g","p":1.7,"u":"3,57 €/KG","img":"https://fd5-photos.leclercdrive.fr/image.ashx?id=2751996&use=l&cat=p&typeid=i","cat":312608},{"id":58451,"n":"Sachets repas chats Gourmet Mon Petit - Poisson - 6x50g","p":2.46,"u":"8,20 €/KG","img":"https://fd5-photos.leclercdrive.fr/image.ashx?id=2899686&use=l&cat=p&typeid=i","cat":285286},{"id":58453,"n":"Sachets repas chats Gourmet Mon Petit - Volaille - 6x50g","p":2.51,"u":"8,37 €/KG","img":"https://fd5-photos.leclercdrive.fr/image.ashx?id=2899689&use=l&cat=p&typeid=i","cat":285286},{"id":58457,"n":"Sachet repas chats Gourmet 12x85g","p":6.14,"u":"6,02 €/KG","img":"https://fd5-photos.leclercdrive.fr/image.ashx?id=2901124&use=l&cat=p&typeid=i","cat":285286},{"id":58459,"n":"Croquettes chat Purina One Adulte - Boeuf/Céréales - 1.5Kg","p":6.19,"u":"4,13 €/KG","img":"https://fd5-photos.leclercdrive.fr/image.ashx?id=2433548&use=l&cat=p&typeid=i","cat":284680},{"id":58460,"n":"Croquettes chat Purina One Boules de poils - Poulet -1.5Kg","p":7.5,"u":"5,00 €/KG","img":"https://fd5-photos.leclercdrive.fr/image.ashx?id=2868527&use=l&cat=p&typeid=i","cat":284680},{"id":58463,"n":"Gâche tranchée La Fournée Dorée 500g","p":2.3,"u":"4,60 €/KG","img":"https://fd5-photos.leclercdrive.fr/image.ashx?id=2277956&use=l&cat=p&typeid=i","cat":284478},{"id":58487,"n":"Croquettes chat Purina One Poulet - 11 ans et + - 1,5Kg","p":8.28,"u":"5,52 €/KG","img":"https://fd5-photos.leclercdrive.fr/image.ashx?id=2433575&use=l&cat=p&typeid=i","cat":284680},{"id":58488,"n":"Boîte chat Whiskas Sauce carte du boucher - 4x400g","p":4.92,"u":"3,08 €/KG","img":"https://fd5-photos.leclercdrive.fr/image.ashx?id=2619986&use=l&cat=p&typeid=i","cat":285601},{"id":58491,"n":"Briochettes Navettes La Fournée dorée x8 - 400g","p":2.15,"u":"5,38 €/KG","img":"https://fd5-photos.leclercdrive.fr/image.ashx?id=2842777&use=l&cat=p&typeid=i","cat":284478},{"id":58496,"n":"Bière blonde Heineken 6x33cl","p":6.4,"u":"3,23 €/L","img":"https://fd5-photos.leclercdrive.fr/image.ashx?id=3008107&use=l&cat=p&typeid=i","cat":334873},{"id":58502,"n":"Croquettes chat Purina One Stérilisé Adulte-Dinde/Blé -3kg","p":13.44,"u":"4,48 €/KG","img":"https://fd5-photos.leclercdrive.fr/image.ashx?id=2488055&use=l&cat=p&typeid=i","cat":284680},{"id":58505,"n":"Bière blonde Heineken Sans alcool - 6x25cl","p":3.99,"u":"2,66 €/L","img":"https://fd5-photos.leclercdrive.fr/image.ashx?id=2948528&use=l&cat=p&typeid=i","cat":334877},{"id":58507,"n":"Champagne grande réserve  N. Feuillatte 37,5cl","p":12.24,"u":"32,64 €/L","img":"https://fd5-photos.leclercdrive.fr/image.ashx?id=2504794&use=l&cat=p&typeid=i","cat":284542},{"id":58508,"n":"Lait demi-écrémé Eco+ UHT Bouteille -  1L","p":0.96,"u":"0,96 €/L","img":"https://fd5-photos.leclercdrive.fr/image.ashx?id=2968961&use=l&cat=p&typeid=i","cat":284377},{"id":58510,"n":"Jambon cru fumé Eco+ 14 tranches - 200g","p":1.96,"u":"9,80 €/KG","img":"https://fd5-photos.leclercdrive.fr/image.ashx?id=2779172&use=l&cat=p&typeid=i","cat":316007},{"id":58518,"n":"Tortellini à la viande Eco+ 500g","p":1.74,"u":"3,48 €/KG","img":"https://fd5-photos.leclercdrive.fr/image.ashx?id=2606795&use=l&cat=p&typeid=i","cat":333682},{"id":58525,"n":"Salade choux rouge  Menu fraîcheur - 300g","p":1.81,"u":"6,03 €/KG","img":"https://fd5-photos.leclercdrive.fr/image.ashx?id=2901458&use=l&cat=p&typeid=i","cat":333657},{"id":58526,"n":"Salade cervelas Menu fraîcheur 300g","p":2.57,"u":"8,57 €/KG","img":"https://fd5-photos.leclercdrive.fr/image.ashx?id=2645957&use=l&cat=p&typeid=i","cat":333657},{"id":58547,"n":"Duo de raisins moelleux Couleurs Vives - 250g","p":2.25,"u":"9,00 €/KG","img":"https://fd5-photos.leclercdrive.fr/image.ashx?id=2290715&use=l&cat=p&typeid=i","cat":284357},{"id":58548,"n":"Sachets repas chats Purina One Sauce boeuf poulet x4 - 340g","p":1.89,"u":"5,56 €/KG","img":"https://fd5-photos.leclercdrive.fr/image.ashx?id=2468239&use=l&cat=p&typeid=i","cat":285286},{"id":58570,"n":"Friandises chien Pedigree  Récompense bœuf volaille - 155g","p":1.52,"u":"9,81 €/KG","img":"https://fd5-photos.leclercdrive.fr/image.ashx?id=2924779&use=l&cat=p&typeid=i","cat":294527},{"id":58577,"n":"Dessert bébé lacté Blédina 6m Abricot - 6x55g","p":2.16,"pp":1.86,"u":"5,64 €/KG","img":"https://fd5-photos.leclercdrive.fr/image.ashx?id=2952448&use=l&cat=p&typeid=i","cat":312392},{"id":58578,"n":"Dessert bébé lacté Blédina 6m Fraise - 6x55g","p":2.18,"pp":1.88,"u":"5,70 €/KG","img":"https://fd5-photos.leclercdrive.fr/image.ashx?id=2952451&use=l&cat=p&typeid=i","cat":312392},{"id":58602,"n":"Haricots verts Rochefontaine Extra fins, bio - 180g","p":2.75,"u":"15,28 €/KG","img":"https://fd5-photos.leclercdrive.fr/image.ashx?id=2343588&use=l&cat=p&typeid=i","cat":312606},{"id":58610,"n":"Brocolis cuits Notre Jardin 750g","p":1.79,"u":"2,39 €/KG","img":"https://fd5-photos.leclercdrive.fr/image.ashx?id=2873153&use=l&cat=p&typeid=i","cat":319805},{"id":58618,"n":"Tarte Côté Table Saumon Poireau - 400g","p":3.09,"u":"7,73 €/KG","img":"https://fd5-photos.leclercdrive.fr/image.ashx?id=2791821&use=l&cat=p&typeid=i","cat":284257},{"id":58625,"n":"Cœurs de palmiers Géant Vert - 220g","p":3.08,"u":"14,00 €/KG","img":"https://fd5-photos.leclercdrive.fr/image.ashx?id=2840560&use=l&cat=p&typeid=i","cat":312611},{"id":58626,"n":"Coeurs d'artichauts Géant Vert - 240g","p":2.69,"u":"11,21 €/KG","img":"https://fd5-photos.leclercdrive.fr/image.ashx?id=2840566&use=l&cat=p&typeid=i","cat":312611},{"id":58629,"n":"galettes de maïs bio bjorg Extra fines - 130g","p":1.38,"u":"10,62 €/KG","img":"https://fd5-photos.leclercdrive.fr/image.ashx?id=2978005&use=l&cat=p&typeid=i","cat":318651},{"id":58634,"n":"Soupe 12 légumes Knorr Fromage frais  - 1L","p":2.63,"u":"2,63 €/L","img":"https://fd5-photos.leclercdrive.fr/image.ashx?id=2656249&use=l&cat=p&typeid=i","cat":284462},{"id":58635,"n":"Soupe Douceur automne Knorr Crème fraîche - 1L","p":2.51,"u":"2,51 €/L","img":"https://fd5-photos.leclercdrive.fr/image.ashx?id=2212824&use=l&cat=p&typeid=i","cat":284462},{"id":58636,"n":"Soupe Douceur potiron Knorr Chataigne - 1L","p":3.05,"u":"3,05 €/L","img":"https://fd5-photos.leclercdrive.fr/image.ashx?id=2420033&use=l&cat=p&typeid=i","cat":284462},{"id":58646,"n":"Fromage AOP Comté Jura Flore 9 mois - 200g","p":4.17,"u":"20,85 €/KG","img":"https://fd5-photos.leclercdrive.fr/image.ashx?id=2765243&use=l&cat=p&typeid=i","cat":314036},{"id":58648,"n":"Comté AOP  15 mois - 200g","p":4.29,"u":"21,45 €/KG","img":"https://fd5-photos.leclercdrive.fr/image.ashx?id=2692575&use=l&cat=p&typeid=i","cat":314034},{"id":58650,"n":"Pizza Merveillosa Turini 4 fromages - 340g","p":2.11,"u":"6,21 €/KG","img":"https://fd5-photos.leclercdrive.fr/image.ashx?id=3010428&use=l&cat=p&typeid=i","cat":284256},{"id":58651,"n":"Pizza bords fourrés au fromage  Turini 3 fromages - 450g","p":4.15,"u":"9,22 €/KG","img":"https://fd5-photos.leclercdrive.fr/image.ashx?id=2816582&use=l&cat=p&typeid=i","cat":284256},{"id":58652,"n":"Pizza à partager Turini 3 fromages - 500g","p":2.79,"u":"5,58 €/KG","img":"https://fd5-photos.leclercdrive.fr/image.ashx?id=2816588&use=l&cat=p&typeid=i","cat":284256},{"id":58655,"n":"Poêlée fermière Notre Jardin 750g","p":2.89,"u":"3,85 €/KG","img":"https://fd5-photos.leclercdrive.fr/image.ashx?id=2878597&use=l&cat=p&typeid=i","cat":319823},{"id":58668,"n":"Gorgonzola AOP Galbani 150g","p":2.95,"u":"19,67 €/KG","img":"https://fd5-photos.leclercdrive.fr/image.ashx?id=2792972&use=l&cat=p&typeid=i","cat":314032},{"id":58674,"n":"Saucisse de veau x6 - 330g","p":4.48,"u":"13,58 €/KG","img":"https://fd5-photos.leclercdrive.fr/image.ashx?id=2831284&use=l&cat=p&typeid=i","cat":284334},{"id":58676,"n":"Saucisses fumées Férial x4 - 360g","p":3.99,"u":"11,08 €/KG","img":"https://fd5-photos.leclercdrive.fr/image.ashx?id=2693156&use=l&cat=p&typeid=i","cat":316012},{"id":58685,"n":"Jambon Speck Saint Azay 100g","p":2.39,"u":"23,90 €/KG","img":"https://fd5-photos.leclercdrive.fr/image.ashx?id=2856739&use=l&cat=p&typeid=i","cat":316007},{"id":58686,"n":"Mini moelleux au chocolat Autour du Dessert - 8x24g","p":4.79,"u":"24,95 €/KG","img":"https://fd5-photos.leclercdrive.fr/image.ashx?id=2070045&use=l&cat=p&typeid=i","cat":284267},{"id":58692,"n":"Knack extra généreuse gril VPF Tradilège - x4 - 280g","p":2.6,"u":"9,29 €/P","img":"https://fd5-photos.leclercdrive.fr/image.ashx?id=2448324&use=l&cat=p&typeid=i","cat":316012},{"id":58695,"n":"Farce à légumes Férial 400g","p":3.72,"u":"9,30 €/KG","img":"https://fd5-photos.leclercdrive.fr/image.ashx?id=2922703&use=l&cat=p&typeid=i","cat":284332},{"id":58707,"n":"Huile d'olive Vierge extra Moulin de Prunete - 1L","p":28.59,"u":"28,59 €/L","img":"https://fd5-photos.leclercdrive.fr/image.ashx?id=1097070&use=l&cat=p&typeid=i","cat":284453},{"id":58708,"n":"Huile d'olive Vierge extra Moulin de Prunete - 50cl","p":14.6,"u":"29,20 €/L","img":"https://fd5-photos.leclercdrive.fr/image.ashx?id=1097067&use=l&cat=p&typeid=i","cat":284453},{"id":58715,"n":"Mini croque monsieur Côté Table x20 - 240g","p":4.64,"u":"19,33 €/KG","img":"https://fd5-photos.leclercdrive.fr/image.ashx?id=2217167&use=l&cat=p&typeid=i","cat":319774},{"id":58716,"n":"Duo de Courgettes Notre Jardin Tomates - 900g","p":2.45,"u":"2,72 €/KG","img":"https://fd5-photos.leclercdrive.fr/image.ashx?id=2404290&use=l&cat=p&typeid=i","cat":319823},{"id":58740,"n":"Haché à cuisiner Charal Happy Family - 600g","p":7.4,"u":"12,33 €/KG","img":"https://fd5-photos.leclercdrive.fr/image.ashx?id=2977330&use=l&cat=p&typeid=i","cat":319779},{"id":58741,"n":"Fèves non pelées Notre Jardin 1kg","p":3.49,"u":"3,49 €/KG","img":"https://fd5-photos.leclercdrive.fr/image.ashx?id=2873147&use=l&cat=p&typeid=i","cat":319805},{"id":58826,"n":"Viande hachée 5% MG Férial 500g","p":8.09,"u":"16,18 €/KG","img":"https://fd5-photos.leclercdrive.fr/image.ashx?id=2903995&use=l&cat=p&typeid=i","cat":284332},{"id":58853,"n":"Sacs poubelle Haute 50L Alfapac Origine végétale - x10","p":2.8,"u":"0,28 €/P","img":"https://fd5-photos.leclercdrive.fr/image.ashx?id=2526875&use=l&cat=p&typeid=i","cat":284707},{"id":58869,"n":"Filet de julienne 2x140g","p":5.3,"u":"18,93 €/KG","img":"https://fd5-photos.leclercdrive.fr/image.ashx?id=630534&use=l&cat=p&typeid=i","cat":284342},{"id":58875,"n":"Truites roses vidées 2x200g","p":5.29,"u":"13,23 €/KG","img":"https://fd5-photos.leclercdrive.fr/image.ashx?id=624645&use=l&cat=p&typeid=i","cat":284342},{"id":58876,"n":"Gingembre Barquette 150g","p":2.54,"u":"16,93 €/KG","img":"https://fd5-photos.leclercdrive.fr/image.ashx?id=1632168&use=l&cat=p&typeid=i","cat":284352},{"id":58939,"n":"Yaourt à boire Actimel fraise - 12x100g","p":3.83,"u":"3,19 €/KG","img":"https://fd5-photos.leclercdrive.fr/image.ashx?id=2996458&use=l&cat=p&typeid=i","cat":284415},{"id":58944,"n":"Yaourts à boire Actimel Nature - 12x100g","p":3.77,"u":"3,14 €/KG","img":"https://fd5-photos.leclercdrive.fr/image.ashx?id=2996461&use=l&cat=p&typeid=i","cat":284415},{"id":58946,"n":"Yaourts à boire Actimel Multifruits - 8x100g","p":2.84,"u":"3,55 €/KG","img":"https://fd5-photos.leclercdrive.fr/image.ashx?id=2996464&use=l&cat=p&typeid=i","cat":284415},{"id":58950,"n":"Yaourts à boire Actimel nature 0%mg - 8x100g","p":3.14,"u":"3,93 €/KG","img":"https://fd5-photos.leclercdrive.fr/image.ashx?id=2996470&use=l&cat=p&typeid=i","cat":284415},{"id":58952,"n":"Yaourts à boire Actimel framboise fruit rouge - 12x100g","p":4.48,"u":"3,73 €/KG","img":"https://fd5-photos.leclercdrive.fr/image.ashx?id=2996476&use=l&cat=p&typeid=i","cat":284415},{"id":59025,"n":"Pur beurre cacahuète Jardin Bio Bio - 350g","p":3.46,"u":"9,89 €/KG","img":"https://fd5-photos.leclercdrive.fr/image.ashx?id=3000312&use=l&cat=p&typeid=i","cat":284481},{"id":59027,"n":"Dessert fruitier bio Jardin Bio Pomme nature - 680g","p":2.56,"u":"3,76 €/KG","img":"https://fd5-photos.leclercdrive.fr/image.ashx?id=2999297&use=l&cat=p&typeid=i","cat":284508},{"id":59028,"n":"Boisson Détox Jardin Bio' Citron Thé Vert Gingembre -50cl","p":3.31,"u":"6,62 €/L","img":"https://fd5-photos.leclercdrive.fr/image.ashx?id=2740784&use=l&cat=p&typeid=i","cat":284915},{"id":59038,"n":"Café moulu L'Or Intense 100% Arabica - 2x250g","p":8.77,"u":"17,54 €/KG","img":"https://fd5-photos.leclercdrive.fr/image.ashx?id=2020062&use=l&cat=p&typeid=i","cat":284750},{"id":59041,"n":"Céréales Extra Kellogg's Chocolat au lait - 800g","p":4.69,"u":"5,86 €/KG","img":"https://fd5-photos.leclercdrive.fr/image.ashx?id=2694941&use=l&cat=p&typeid=i","cat":309512},{"id":59043,"n":"Lait en poudre Régilait Entier - 300g","p":3.02,"u":"10,07 €/KG","img":"https://fd5-photos.leclercdrive.fr/image.ashx?id=2110074&use=l&cat=p&typeid=i","cat":293236},{"id":59063,"n":"Levure boulangère La Pateliere Bio - 3x9g","p":3.53,"u":"130,74 €/KG","img":"https://fd5-photos.leclercdrive.fr/image.ashx?id=2101621&use=l&cat=p&typeid=i","cat":294686},{"id":59067,"n":"Nappage La Pateliere Caramel bio - 190g","p":1.96,"u":"10,32 €/KG","img":"https://fd5-photos.leclercdrive.fr/image.ashx?id=1641470&use=l&cat=p&typeid=i","cat":284504},{"id":59096,"n":"Salade : Coeur de romaine  1p","p":0.95,"img":"https://fd5-photos.leclercdrive.fr/image.ashx?id=1633715&use=l&cat=p&typeid=i","cat":284352},{"id":59213,"n":"Dosettes Café Carte Noire  Arabica Classique n5 x60 - 420g","p":9.03,"u":"21,50 €/KG","img":"https://fd5-photos.leclercdrive.fr/image.ashx?id=2922191&use=l&cat=p&typeid=i","cat":293238},{"id":59235,"n":"Café dosettes Tassimo L'Or Café Long Classique x24","p":6.41,"u":"41,09 €/KG","img":"https://fd5-photos.leclercdrive.fr/image.ashx?id=2100356&use=l&cat=p&typeid=i","cat":293240},{"id":59242,"n":"Gourde bébé Babybio Bio 6 mois Abricot/banane/pomme - 360g","p":3.21,"u":"8,92 €/KG","img":"https://fd5-photos.leclercdrive.fr/image.ashx?id=2850548&use=l&cat=p&typeid=i","cat":312393},{"id":59249,"n":"Huile de coco Jardin Bio Bio - 200ml","p":3.59,"u":"17,95 €/L","img":"https://fd5-photos.leclercdrive.fr/image.ashx?id=2790135&use=l&cat=p&typeid=i","cat":284453},{"id":59251,"n":"Ravioli Jardin Bio  Bio légumes - 250g","p":2.47,"u":"9,88 €/KG","img":"https://fd5-photos.leclercdrive.fr/image.ashx?id=2535568&use=l&cat=p&typeid=i","cat":287600},{"id":59252,"n":"Café dosettes Tassimo Maxwell House - caramel x8","p":6.61,"u":"24,66 €/KG","img":"https://fd5-photos.leclercdrive.fr/image.ashx?id=2100254&use=l&cat=p&typeid=i","cat":293240},{"id":59253,"n":"Café dosettes Tassimo L'Or Petit Déjeuner Classique x24","p":6.64,"u":"33,37 €/KG","img":"https://fd5-photos.leclercdrive.fr/image.ashx?id=2100365&use=l&cat=p&typeid=i","cat":293240},{"id":59257,"n":"Café dosettes Tassimo Grand-mère - petit déjeuner x16","p":3.39,"u":"25,49 €/KG","img":"https://fd5-photos.leclercdrive.fr/image.ashx?id=2100359&use=l&cat=p&typeid=i","cat":293240},{"id":59271,"n":"Sauce tomate cuisinée Panzani Ail et oignon - 500g","p":1.48,"u":"2,96 €/KG","img":"https://fd5-photos.leclercdrive.fr/image.ashx?id=2884303&use=l&cat=p&typeid=i","cat":288384},{"id":59277,"n":"Bonbons acidulés têtes brûlées Fraise/framboise-kitache-135g","p":1.89,"u":"14,00 €/KG","img":"https://fd5-photos.leclercdrive.fr/image.ashx?id=3008650&use=l&cat=p&typeid=i","cat":304250},{"id":59284,"n":"Maoam Mixx Haribo Sachet bonbons - 250g","p":1.73,"u":"6,92 €/KG","img":"https://fd5-photos.leclercdrive.fr/image.ashx?id=2876956&use=l&cat=p&typeid=i","cat":304250},{"id":59287,"n":"Cornichons Rustica 6 épices - 360g","p":2.31,"u":"6,42 €/KG","img":"https://fd5-photos.leclercdrive.fr/image.ashx?id=2916710&use=l&cat=p&typeid=i","cat":284458},{"id":59291,"n":"Sauce bolognaise Bio Village  Bio - 350g","p":1.69,"u":"4,83 €/KG","img":"https://fd5-photos.leclercdrive.fr/image.ashx?id=2753381&use=l&cat=p&typeid=i","cat":287599},{"id":59292,"n":"Œufs au plat Haribo Sachet bonbons - 300g","p":1.47,"u":"4,90 €/KG","img":"https://fd5-photos.leclercdrive.fr/image.ashx?id=2984892&use=l&cat=p&typeid=i","cat":304250},{"id":59293,"n":"Sauce provençale Bio Village  Bio - 350g","p":1.63,"u":"4,66 €/KG","img":"https://fd5-photos.leclercdrive.fr/image.ashx?id=2712995&use=l&cat=p&typeid=i","cat":287599},{"id":59294,"n":"Moutarde à l'ancienne Maille 160g","p":2.2,"u":"13,75 €/KG","img":"https://fd5-photos.leclercdrive.fr/image.ashx?id=1695120&use=l&cat=p&typeid=i","cat":288850},{"id":59296,"n":"Sauce tomate Bio Village  Basilic bio - 350g","p":1.63,"u":"4,66 €/KG","img":"https://fd5-photos.leclercdrive.fr/image.ashx?id=2696289&use=l&cat=p&typeid=i","cat":287599},{"id":59299,"n":"Bonbons KINDER Schoko-Bons Chocolat au lait - 225G","p":3.7,"u":"16,44 €/KG","img":"https://fd5-photos.leclercdrive.fr/image.ashx?id=2679633&use=l&cat=p&typeid=i","cat":304238},{"id":59305,"n":"Sauce American Burger Heinz - 230g","p":1.6,"u":"6,96 €/KG","img":"https://fd5-photos.leclercdrive.fr/image.ashx?id=2973354&use=l&cat=p&typeid=i","cat":318431},{"id":59307,"n":"Miami Pik Haribo Sachet bonbons acidulés - 200g","p":1.33,"u":"6,65 €/KG","img":"https://fd5-photos.leclercdrive.fr/image.ashx?id=2984895&use=l&cat=p&typeid=i","cat":304250},{"id":59311,"n":"Olives Apéro Tramier  À l'Ail 150g","p":2.39,"u":"15,93 €/KG","img":"https://fd5-photos.leclercdrive.fr/image.ashx?id=2639299&use=l&cat=p&typeid=i","cat":284458},{"id":59314,"n":"Huile d'Olive Tramier  Vierge Extra Biologique 75cl","p":9.15,"u":"12,20 €/L","img":"https://fd5-photos.leclercdrive.fr/image.ashx?id=2803916&use=l&cat=p&typeid=i","cat":284453},{"id":59318,"n":"Caserecce Tradizioni d'Italia N°168 - 500g","p":1.69,"u":"3,38 €/KG","img":"https://fd5-photos.leclercdrive.fr/image.ashx?id=2657313&use=l&cat=p&typeid=i","cat":284427},{"id":59319,"n":"Penne rigate Tradizioni Italia N°133 - 500g","p":1.52,"u":"3,04 €/KG","img":"https://fd5-photos.leclercdrive.fr/image.ashx?id=2657316&use=l&cat=p&typeid=i","cat":284427},{"id":59324,"n":"Pipe rigate Tradizioni d'Italia N°179 - 500g","p":1.59,"u":"3,18 €/KG","img":"https://fd5-photos.leclercdrive.fr/image.ashx?id=2657319&use=l&cat=p&typeid=i","cat":284427},{"id":59327,"n":"Pâtes de fruits St Siffrein  4 saisons - 720g","p":6.64,"u":"9,22 €/KG","img":"https://fd5-photos.leclercdrive.fr/image.ashx?id=2504176&use=l&cat=p&typeid=i","cat":304249},{"id":59331,"n":"Barquette chien Cesar  Recette campagne sauce - 8x150g","p":9.22,"u":"7,68 €/KG","img":"https://fd5-photos.leclercdrive.fr/image.ashx?id=2796222&use=l&cat=p&typeid=i","cat":284673},{"id":59336,"n":"Barquette chien Cesar Terrine poulet - 300g","p":1.57,"u":"5,23 €/KG","img":"https://fd5-photos.leclercdrive.fr/image.ashx?id=2091323&use=l&cat=p&typeid=i","cat":284673},{"id":59339,"n":"Barquette chien sénior Cesar Terrine en gelée - 4x150g","p":3.69,"u":"6,15 €/KG","img":"https://fd5-photos.leclercdrive.fr/image.ashx?id=2091320&use=l&cat=p&typeid=i","cat":284673},{"id":59340,"n":"Barquette chien Cesar Terrine cœur légumes - 4x150g","p":3.69,"u":"6,15 €/KG","img":"https://fd5-photos.leclercdrive.fr/image.ashx?id=2091317&use=l&cat=p&typeid=i","cat":284673},{"id":59341,"n":"Barquette chien Cesar Terrine du jardin - 4x150g","p":3.69,"u":"6,15 €/KG","img":"https://fd5-photos.leclercdrive.fr/image.ashx?id=2091314&use=l&cat=p&typeid=i","cat":284673},{"id":59342,"n":"Barquette chien Cesar  Recette campagne sauce - 4x150g","p":3.78,"u":"6,30 €/KG","img":"https://fd5-photos.leclercdrive.fr/image.ashx?id=2752849&use=l&cat=p&typeid=i","cat":284673},{"id":59343,"n":"Pâtes Tradizioni d'Italia Linguine n°121 - 500g","p":1.52,"u":"3,04 €/KG","img":"https://fd5-photos.leclercdrive.fr/image.ashx?id=2657322&use=l&cat=p&typeid=i","cat":284427},{"id":59344,"n":"Barquette chien Cesar Terrine du jardin - 4x300g","p":6.84,"u":"5,70 €/KG","img":"https://fd5-photos.leclercdrive.fr/image.ashx?id=2091308&use=l&cat=p&typeid=i","cat":284673},{"id":59345,"n":"Rigatoni Tradizioni d'Italia N°124 - 500g","p":1.69,"u":"3,38 €/KG","img":"https://fd5-photos.leclercdrive.fr/image.ashx?id=2657325&use=l&cat=p&typeid=i","cat":284427},{"id":59348,"n":"Taralli pouille Huile d'olive - 400g","p":3.08,"u":"7,70 €/KG","img":"https://fd5-photos.leclercdrive.fr/image.ashx?id=2670524&use=l&cat=p&typeid=i","cat":297000},{"id":59382,"n":"Grissini Grangrissi 300g","p":2.61,"u":"8,70 €/KG","img":"https://fd5-photos.leclercdrive.fr/image.ashx?id=2743927&use=l&cat=p&typeid=i","cat":297000},{"id":59398,"n":"Café moulu L'Or Intense 100% Arabica - 3x250g","p":13.43,"u":"17,91 €/KG","img":"https://fd5-photos.leclercdrive.fr/image.ashx?id=2802377&use=l&cat=p&typeid=i","cat":284750},{"id":59407,"n":"Biscuits Choc&Choc Milka  175g","p":1.75,"u":"10,00 €/KG","img":"https://fd5-photos.leclercdrive.fr/image.ashx?id=2314599&use=l&cat=p&typeid=i","cat":284495},{"id":59508,"n":"Bière Delirium Tremens Blonde 75cl","p":5.91,"u":"7,88 €/L","img":"https://fd5-photos.leclercdrive.fr/image.ashx?id=1868263&use=l&cat=p&typeid=i","cat":334872},{"id":59539,"n":"Pêches Douceur du Verger Sirop léger - 230 g","p":1.26,"u":"5,48 €/KG","img":"https://fd5-photos.leclercdrive.fr/image.ashx?id=2666468&use=l&cat=p&typeid=i","cat":284507},{"id":59553,"n":"Croustilles  Belin  Emmental - 138g","p":1.27,"u":"9,20 €/KG","img":"https://fd5-photos.leclercdrive.fr/image.ashx?id=3002267&use=l&cat=p&typeid=i","cat":284449},{"id":59556,"n":"Croustilles Belin Cacahuète - 138g","p":1.27,"u":"9,20 €/KG","img":"https://fd5-photos.leclercdrive.fr/image.ashx?id=3002270&use=l&cat=p&typeid=i","cat":284449},{"id":59561,"n":"Galette de maïs Gerblé Tomate/basilic - 124g","p":1.88,"u":"15,16 €/KG","img":"https://fd5-photos.leclercdrive.fr/image.ashx?id=2276540&use=l&cat=p&typeid=i","cat":318651},{"id":59563,"n":"Galette de maïs GERBLE Chocolat au lait - 124g","p":1.64,"u":"13,23 €/KG","img":"https://fd5-photos.leclercdrive.fr/image.ashx?id=2664034&use=l&cat=p&typeid=i","cat":318651},{"id":59564,"n":"Galette riz chocolat Gerblé   Chocolat noir - 130,4g","p":1.65,"u":"12,69 €/KG","img":"https://fd5-photos.leclercdrive.fr/image.ashx?id=2664037&use=l&cat=p&typeid=i","cat":318651},{"id":59565,"n":"Pâte à tartiner Nustikao 1kg","p":4.25,"u":"4,25 €/KG","img":"https://fd5-photos.leclercdrive.fr/image.ashx?id=3012860&use=l&cat=p&typeid=i","cat":284481},{"id":59570,"n":"Oignon Cébette  1 botte","p":3.02,"img":"https://fd5-photos.leclercdrive.fr/image.ashx?id=1631454&use=l&cat=p&typeid=i","cat":284352},{"id":59589,"n":"Boisson base vodka Eristoff Red 18° - 70cl","p":13.78,"u":"19,69 €/L","img":"https://fd5-photos.leclercdrive.fr/image.ashx?id=2858258&use=l&cat=p&typeid=i","cat":284550},{"id":59591,"n":"Boisson base vodka Eristoff Black 18° - 70cl","p":14.02,"u":"20,03 €/L","img":"https://fd5-photos.leclercdrive.fr/image.ashx?id=2842882&use=l&cat=p&typeid=i","cat":284550},{"id":59601,"n":"Bière blonde 3 Monts 6x33cl","p":6.65,"u":"3,36 €/L","img":"https://fd5-photos.leclercdrive.fr/image.ashx?id=2548189&use=l&cat=p&typeid=i","cat":334852},{"id":59618,"n":"Soupe Knorr Tomates/mozza - 1L","p":2.46,"u":"2,46 €/L","img":"https://fd5-photos.leclercdrive.fr/image.ashx?id=2408258&use=l&cat=p&typeid=i","cat":284462},{"id":59655,"n":"Dentifrice Email Diamant Rouge - 75ml","p":3.61,"u":"48,13 €/L","img":"https://fd5-photos.leclercdrive.fr/image.ashx?id=1781297&use=l&cat=p&typeid=i","cat":284612},{"id":59671,"n":"Paire de ciseaux Bic Bleu/Vert - Avec anneaux souple","p":2.91,"img":"https://fd5-photos.leclercdrive.fr/image.ashx?id=1866880&use=l&cat=p&typeid=i","cat":334133},{"id":59676,"n":"Biscuits Mini BN  Goûter à la fraise - 350g","p":2.83,"u":"8,09 €/KG","img":"https://fd5-photos.leclercdrive.fr/image.ashx?id=2748215&use=l&cat=p&typeid=i","cat":284489},{"id":59687,"n":"Sardines Connetable Olive/citron - 135g","p":2.75,"u":"20,37 €/KG","img":"https://fd5-photos.leclercdrive.fr/image.ashx?id=2618951&use=l&cat=p&typeid=i","cat":305146},{"id":59695,"n":"Yaourt à la grecque YAOS Vanille - 4x125g","p":2.5,"u":"5,00 €/KG","img":"https://fd5-photos.leclercdrive.fr/image.ashx?id=3007972&use=l&cat=p&typeid=i","cat":314999},{"id":59713,"n":"Gros cornichons Rustica  Aigre doux - 850g","p":2.69,"u":"3,16 €/KG","img":"https://fd5-photos.leclercdrive.fr/image.ashx?id=2916707&use=l&cat=p&typeid=i","cat":284458},{"id":59714,"n":"Cacahuètes Tokapi  Grillées à sec - 200g","p":0.78,"u":"3,90 €/KG","img":"https://fd5-photos.leclercdrive.fr/image.ashx?id=2799781&use=l&cat=p&typeid=i","cat":284448},{"id":59715,"n":"Double concentré de tomates Tube - 200g","p":1.35,"u":"6,75 €/KG","img":"https://fd5-photos.leclercdrive.fr/image.ashx?id=2072728&use=l&cat=p&typeid=i","cat":288384},{"id":59718,"n":"Saumon tagliatelles D'Aucy Micro-ondes - 300g","p":2.69,"u":"8,97 €/KG","img":"https://fd5-photos.leclercdrive.fr/image.ashx?id=2117168&use=l&cat=p&typeid=i","cat":284953},{"id":59722,"n":"Crème légère semi-épaisse  Bridélice 18%mg - 3x20cl","p":2.47,"u":"4,12 €/L","img":"https://fd5-photos.leclercdrive.fr/image.ashx?id=2904733&use=l&cat=p&typeid=i","cat":284381},{"id":59725,"n":"Bâtonnets Surimi Saveur Coraya  x12 - 180g","p":2.21,"u":"12,28 €/KG","img":"https://fd5-photos.leclercdrive.fr/image.ashx?id=2962677&use=l&cat=p&typeid=i","cat":285189},{"id":59730,"n":"Blinis Cocktail Blini  x16 - 135g","p":1.38,"u":"10,22 €/KG","img":"https://fd5-photos.leclercdrive.fr/image.ashx?id=2971020&use=l&cat=p&typeid=i","cat":285191},{"id":59731,"n":"Bâtonnets surimi Fleury Michon délice chair de crabe x18 -300g","p":3.95,"u":"13,17 €/KG","img":"https://fd5-photos.leclercdrive.fr/image.ashx?id=2936938&use=l&cat=p&typeid=i","cat":285189},{"id":59751,"n":"Rollmops au vinaigre  MSC Ronde des mers - 400g","p":2.29,"u":"5,73 €/KG","img":"https://fd5-photos.leclercdrive.fr/image.ashx?id=2686470&use=l&cat=p&typeid=i","cat":285190},{"id":59761,"n":"Lingettes Lotus Baby Peau nette - x64","p":2.18,"u":"0,03 €/P","img":"https://fd5-photos.leclercdrive.fr/image.ashx?id=2904431&use=l&cat=p&typeid=i","cat":284738},{"id":59774,"n":"Sérum physiologique Biolane 30x5ml","p":3.98,"u":"26,53 €/L","img":"https://fd5-photos.leclercdrive.fr/image.ashx?id=2733232&use=l&cat=p&typeid=i","cat":284741},{"id":59832,"n":"Secret de crème Président Semi-épaisse 25%mg - 3x20cl","p":3.93,"u":"6,55 €/L","img":"https://fd5-photos.leclercdrive.fr/image.ashx?id=2699861&use=l&cat=p&typeid=i","cat":284381},{"id":59952,"n":"Cocotte ovale Pyrex  En verre - 5.8L","p":23.9,"img":"https://fd5-photos.leclercdrive.fr/image.ashx?id=2576910&use=l&cat=p&typeid=i","cat":298490},{"id":60000,"n":"Biscuits Karelea Palmier - 100g","p":2.36,"u":"23,60 €/KG","img":"https://fd5-photos.leclercdrive.fr/image.ashx?id=2896357&use=l&cat=p&typeid=i","cat":284487},{"id":60015,"n":"Pancakes Pasquier x10 - 350g","p":1.71,"u":"4,89 €/KG","img":"https://fd5-photos.leclercdrive.fr/image.ashx?id=2688878&use=l&cat=p&typeid=i","cat":284495},{"id":60019,"n":"Pois chiches Olabe  400g","p":1.52,"u":"3,80 €/KG","img":"https://fd5-photos.leclercdrive.fr/image.ashx?id=2110548&use=l&cat=p&typeid=i","cat":312609},{"id":60029,"n":"Brioche Harrys Mini Tressée Nature au sucre perlé - 210g","p":1.71,"u":"8,14 €/KG","img":"https://fd5-photos.leclercdrive.fr/image.ashx?id=2667742&use=l&cat=p&typeid=i","cat":284478},{"id":60053,"n":"Végétal Falafels Garden Gourmet Pois chiches 190g","p":3.48,"u":"18,32 €/KG","img":"https://fd5-photos.leclercdrive.fr/image.ashx?id=2988686&use=l&cat=p&typeid=i","cat":316036},{"id":60068,"n":"Pavé Gourmand Garden Gourmet Courgettes Fromage 180g","p":3.25,"u":"18,06 €/KG","img":"https://fd5-photos.leclercdrive.fr/image.ashx?id=2973294&use=l&cat=p&typeid=i","cat":316036},{"id":60115,"n":"Tofu aux herbes Céréal Bio Bio - 250g","p":2.91,"u":"11,64 €/KG","img":"https://fd5-photos.leclercdrive.fr/image.ashx?id=2624284&use=l&cat=p&typeid=i","cat":316036},{"id":60118,"n":"Ratatouille niçoise D'aucy  750g","p":2.06,"u":"2,75 €/KG","img":"https://fd5-photos.leclercdrive.fr/image.ashx?id=2665904&use=l&cat=p&typeid=i","cat":312612},{"id":60124,"n":"Compotes Pom'Potes Gourdes  Pomme Nature - 4x90g","p":1.81,"u":"5,03 €/KG","img":"https://fd5-photos.leclercdrive.fr/image.ashx?id=2983003&use=l&cat=p&typeid=i","cat":284508},{"id":60128,"n":"Crème dessert bio les 2 vaches fondant chocolat - 4x125g","p":1.83,"u":"3,66 €/KG","img":"https://fd5-photos.leclercdrive.fr/image.ashx?id=2774012&use=l&cat=p&typeid=i","cat":285041},{"id":60131,"n":"Oeufs Bio Matines Plein Air - x12","p":6.46,"u":"0,54 €/P","img":"https://fd5-photos.leclercdrive.fr/image.ashx?id=2432289&use=l&cat=p&typeid=i","cat":284378},{"id":60138,"n":"Bûche de chèvre Bio Soignon 180g","p":2.78,"u":"15,44 €/KG","img":"https://fd5-photos.leclercdrive.fr/image.ashx?id=2676741&use=l&cat=p&typeid=i","cat":314031},{"id":60140,"n":"Falafels Céréal Bio  Pois chiches épinards Bio- 180g","p":3.06,"u":"17,00 €/KG","img":"https://fd5-photos.leclercdrive.fr/image.ashx?id=2657430&use=l&cat=p&typeid=i","cat":316036},{"id":60144,"n":"Lait demi-écrémé GrandLait Léger digeste Bouteille - 1L","p":1.58,"u":"1,58 €/L","img":"https://fd5-photos.leclercdrive.fr/image.ashx?id=2916174&use=l&cat=p&typeid=i","cat":285609},{"id":60165,"n":"Boisson végétale Alpro noisette - 1l","p":1.97,"u":"1,97 €/L","img":"https://fd5-photos.leclercdrive.fr/image.ashx?id=2849602&use=l&cat=p&typeid=i","cat":316067},{"id":60168,"n":"fromage blanc jockey Nature 3%MG - 8x100g","p":2.35,"u":"2,94 €/KG","img":"https://fd5-photos.leclercdrive.fr/image.ashx?id=2230369&use=l&cat=p&typeid=i","cat":284409},{"id":60171,"n":"boisson végétale lait d'amande grillée alpro -1l","p":1.88,"u":"1,88 €/L","img":"https://fd5-photos.leclercdrive.fr/image.ashx?id=2988671&use=l&cat=p&typeid=i","cat":316067},{"id":60174,"n":"Madeleine Bonne Maman  Chocolat au lait x10 - 300g","p":3.22,"u":"10,73 €/KG","img":"https://fd5-photos.leclercdrive.fr/image.ashx?id=2949940&use=l&cat=p&typeid=i","cat":284492},{"id":60175,"n":"Madeleines St Michel  Oeuf en plein air - 1kg","p":3.21,"u":"3,21 €/KG","img":"https://fd5-photos.leclercdrive.fr/image.ashx?id=2936194&use=l&cat=p&typeid=i","cat":284492},{"id":60192,"n":"Pancakes Le Ster  x8 - 280g","p":2.1,"u":"7,50 €/KG","img":"https://fd5-photos.leclercdrive.fr/image.ashx?id=2827215&use=l&cat=p&typeid=i","cat":284495},{"id":60204,"n":"Crêpes de landerneau Le Ster Le pâtissier x12 - 300g","p":2.15,"u":"7,17 €/KG","img":"https://fd5-photos.leclercdrive.fr/image.ashx?id=2962860&use=l&cat=p&typeid=i","cat":284494},{"id":60258,"n":"AOP Côteaux Varois en Provence Rosé Estandon Lumière - 75cl","p":8.85,"u":"11,80 €/L","img":"https://fd5-photos.leclercdrive.fr/image.ashx?id=2889460&use=l&cat=p&typeid=i","cat":289558},{"id":60276,"n":"Champagne Canard Duchêne Réserve Brut - 75cl","p":25.99,"u":"34,65 €/L","img":"https://fd5-photos.leclercdrive.fr/image.ashx?id=2757256&use=l&cat=p&typeid=i","cat":284542},{"id":60291,"n":"IGP Vin Rouge Pays d'Oc By Haussmann - 75cl","p":3.29,"u":"4,39 €/L","img":"https://fd5-photos.leclercdrive.fr/image.ashx?id=2107603&use=l&cat=p&typeid=i","cat":289556},{"id":60293,"n":"IGP Pays d'Oc Merlot Vin rouge By Haussmann - 75cl","p":3.56,"u":"4,75 €/L","img":"https://fd5-photos.leclercdrive.fr/image.ashx?id=2478321&use=l&cat=p&typeid=i","cat":289556},{"id":60313,"n":"Fromage frais Délisse  Vanille de Madagascar - 500g","p":2.29,"u":"4,58 €/KG","img":"https://fd5-photos.leclercdrive.fr/image.ashx?id=3012851&use=l&cat=p&typeid=i","cat":284409},{"id":60382,"n":"Soin de jour L'Oréal Paris Age Perfect anti-rides - 50ml","p":11.97,"pp":7.9,"u":"158,00 €/L","img":"https://fd5-photos.leclercdrive.fr/image.ashx?id=2860355&use=l&cat=p&typeid=i","cat":325345},{"id":60498,"n":"Matière grasse bio St Hubert Doux 55%MG - 490g","p":5.01,"u":"10,22 €/KG","img":"https://fd5-photos.leclercdrive.fr/image.ashx?id=2734123&use=l&cat=p&typeid=i","cat":315229},{"id":60537,"n":"Purée surgelé  Bonduelle 4 saveurs  - 780g","p":2.74,"u":"3,51 €/KG","img":"https://fd5-photos.leclercdrive.fr/image.ashx?id=2996518&use=l&cat=p&typeid=i","cat":319805},{"id":60538,"n":"Purée Délice Bonduelle Duo douceur - 780g","p":3.19,"u":"4,09 €/KG","img":"https://fd5-photos.leclercdrive.fr/image.ashx?id=2996521&use=l&cat=p&typeid=i","cat":319805},{"id":60539,"n":"Purée delice Bonduelle  Courgette Céleri Brocoli - 780g","p":2.9,"u":"3,72 €/KG","img":"https://fd5-photos.leclercdrive.fr/image.ashx?id=2910043&use=l&cat=p&typeid=i","cat":319805},{"id":60587,"n":"Bûche de chèvre Président 180g","p":2.01,"u":"11,17 €/KG","img":"https://fd5-photos.leclercdrive.fr/image.ashx?id=2454088&use=l&cat=p&typeid=i","cat":314031},{"id":60588,"n":"Emmental Président 250g","p":2.71,"u":"10,84 €/KG","img":"https://fd5-photos.leclercdrive.fr/image.ashx?id=2752942&use=l&cat=p&typeid=i","cat":314034},{"id":60637,"n":"Matière grasse St Hubert 41 à tartiner - 38% MG - 500g","p":3.2,"u":"6,40 €/KG","img":"https://fd5-photos.leclercdrive.fr/image.ashx?id=2734147&use=l&cat=p&typeid=i","cat":315229},{"id":60692,"n":"Bêtises de Cambrai NRT  200g","p":2.49,"u":"12,45 €/KG","img":"https://fd5-photos.leclercdrive.fr/image.ashx?id=2771414&use=l&cat=p&typeid=i","cat":304250},{"id":60693,"n":"Chocolat au lait Alter Eco Caramel beurre salé bio - 100g","p":2.9,"u":"29,00 €/KG","img":"https://fd5-photos.leclercdrive.fr/image.ashx?id=2923016&use=l&cat=p&typeid=i","cat":284497},{"id":60694,"n":"Avoine Alpina Savoie Bio - 500g","p":2.03,"u":"4,06 €/KG","img":"https://fd5-photos.leclercdrive.fr/image.ashx?id=2844554&use=l&cat=p&typeid=i","cat":309512},{"id":60774,"n":"Bière blonde Leffe 6,6% - 6x25cl","p":4.69,"u":"3,13 €/L","img":"https://fd5-photos.leclercdrive.fr/image.ashx?id=2995421&use=l&cat=p&typeid=i","cat":334852},{"id":60775,"n":"Dés de jambon Herta  2x75g","p":2.14,"u":"14,27 €/KG","img":"https://fd5-photos.leclercdrive.fr/image.ashx?id=2877133&use=l&cat=p&typeid=i","cat":316011},{"id":60777,"n":"Brique de brebis Lou Pérac Fromage de brebis - 150g","p":2.61,"u":"17,40 €/KG","img":"https://fd5-photos.leclercdrive.fr/image.ashx?id=2785154&use=l&cat=p&typeid=i","cat":314031},{"id":60778,"n":"Tranche Salakis Fromage de brebis - 200g","p":2.52,"u":"12,60 €/KG","img":"https://fd5-photos.leclercdrive.fr/image.ashx?id=2729710&use=l&cat=p&typeid=i","cat":314026},{"id":60886,"n":"Mozzarella Galbani 125g","p":1.07,"u":"8,56 €/KG","img":"https://fd5-photos.leclercdrive.fr/image.ashx?id=2765381&use=l&cat=p&typeid=i","cat":314026},{"id":60890,"n":"Chaussée aux moines 340g","p":2.86,"u":"8,41 €/KG","img":"https://fd5-photos.leclercdrive.fr/image.ashx?id=2830030&use=l&cat=p&typeid=i","cat":329184},{"id":60891,"n":"Camembert Président 250g","p":1.76,"u":"7,04 €/KG","img":"https://fd5-photos.leclercdrive.fr/image.ashx?id=2878873&use=l&cat=p&typeid=i","cat":314033},{"id":60892,"n":"Emmental râpé fondant Président 200g","p":1.97,"u":"9,85 €/KG","img":"https://fd5-photos.leclercdrive.fr/image.ashx?id=2488455&use=l&cat=p&typeid=i","cat":314035},{"id":60893,"n":"Brique fondante Président Fondante - 200g","p":2.28,"u":"11,40 €/KG","img":"https://fd5-photos.leclercdrive.fr/image.ashx?id=2652840&use=l&cat=p&typeid=i","cat":314033},{"id":60928,"n":"Thé Earl GreyTwinings Original - 200g","p":6.03,"u":"30,15 €/KG","img":"https://fd5-photos.leclercdrive.fr/image.ashx?id=2955197&use=l&cat=p&typeid=i","cat":293233},{"id":60930,"n":"Thé Earl Grey Twinings x25 sachets - 50g","p":1.92,"u":"38,40 €/KG","img":"https://fd5-photos.leclercdrive.fr/image.ashx?id=2889817&use=l&cat=p&typeid=i","cat":293233},{"id":60931,"n":"Thé Ceylan Scotland Twinings x20 - 40g","p":2.56,"u":"64,00 €/KG","img":"https://fd5-photos.leclercdrive.fr/image.ashx?id=2893024&use=l&cat=p&typeid=i","cat":293233},{"id":60953,"n":"Kit turbo Vileda Easy/wring/clean - x1","p":40.14,"img":"https://fd5-photos.leclercdrive.fr/image.ashx?id=2587779&use=l&cat=p&typeid=i","cat":284669},{"id":60957,"n":"Boisson énergisante Red Bull Goût Myrtille, 250ml","p":1.21,"u":"4,84 €/L","img":"https://fd5-photos.leclercdrive.fr/image.ashx?id=2174528&use=l&cat=p&typeid=i","cat":284533},{"id":60974,"n":"Pur jus Tropicana Orange Pure Premium Sans pulpe - 1L","p":2.46,"u":"2,46 €/L","img":"https://fd5-photos.leclercdrive.fr/image.ashx?id=2586186&use=l&cat=p&typeid=i","cat":284521},{"id":60978,"n":"Roquefort AOP Société Fromage de brebis - 150g","p":2.8,"u":"18,67 €/KG","img":"https://fd5-photos.leclercdrive.fr/image.ashx?id=2729713&use=l&cat=p&typeid=i","cat":314032},{"id":61019,"n":"Camembert de Campagne Président 250g","p":2.32,"u":"9,28 €/KG","img":"https://fd5-photos.leclercdrive.fr/image.ashx?id=2892559&use=l&cat=p&typeid=i","cat":314033},{"id":61021,"n":"Risotto champignon poulet Marie 900g","p":3.85,"u":"4,28 €/KG","img":"https://fd5-photos.leclercdrive.fr/image.ashx?id=2996755&use=l&cat=p&typeid=i","cat":284254},{"id":61022,"n":"Tranches panés Findus Cabillaud MSC - x20 - 1.020kg","p":12.74,"u":"12,49 €/KG","img":"https://fd5-photos.leclercdrive.fr/image.ashx?id=2865860&use=l&cat=p&typeid=i","cat":319788},{"id":61137,"n":"Lonzo Costa & fils Tranché - 100g","p":5.37,"u":"53,70 €/KG","img":"https://fd5-photos.leclercdrive.fr/image.ashx?id=2030243&use=l&cat=p&typeid=i","cat":316007},{"id":61138,"n":"Coppa Costa & Fils Tranché - 100g","p":4.75,"u":"47,50 €/KG","img":"https://fd5-photos.leclercdrive.fr/image.ashx?id=2030246&use=l&cat=p&typeid=i","cat":316007},{"id":61139,"n":"Saucisson Costa & Fils Tranché - 100g","p":3.06,"u":"30,60 €/KG","img":"https://fd5-photos.leclercdrive.fr/image.ashx?id=2030249&use=l&cat=p&typeid=i","cat":316007},{"id":61140,"n":"Panzetta Costa & Fils Tranché 100g","p":3.95,"u":"39,50 €/KG","img":"https://fd5-photos.leclercdrive.fr/image.ashx?id=2030252&use=l&cat=p&typeid=i","cat":316007},{"id":61142,"n":"Rouleau Râpe Velvet Smooth Extra Exfoliant - x2","p":17.39,"img":"https://fd5-photos.leclercdrive.fr/image.ashx?id=2226487&use=l&cat=p&typeid=i","cat":325354},{"id":61166,"n":"Mousse Maronsui's La Laitière Crème de marrons 8x68,8g","p":3.23,"u":"5,87 €/KG","img":"https://fd5-photos.leclercdrive.fr/image.ashx?id=3010969&use=l&cat=p&typeid=i","cat":284417},{"id":61167,"n":"Crème légère épaisse Bridélice 15%mg - 497g","p":1.83,"u":"3,68 €/KG","img":"https://fd5-photos.leclercdrive.fr/image.ashx?id=2996578&use=l&cat=p&typeid=i","cat":284381},{"id":61169,"n":"Petit suisse NESQUIK Chocolat 6x60g","p":1.5,"u":"4,17 €/KG","img":"https://fd5-photos.leclercdrive.fr/image.ashx?id=3007933&use=l&cat=p&typeid=i","cat":284414},{"id":61172,"n":"Yaourts à la Grecque Délisse Citron - 4x150g","p":2.38,"u":"3,97 €/KG","img":"https://fd5-photos.leclercdrive.fr/image.ashx?id=2699714&use=l&cat=p&typeid=i","cat":314999},{"id":61594,"n":"Tomato Ketchup Heinz - 910g","p":3.23,"u":"3,55 €/KG","img":"https://fd5-photos.leclercdrive.fr/image.ashx?id=2923420&use=l&cat=p&typeid=i","cat":284455},{"id":61596,"n":"Sauce au poivre Rustica Pot - 245g","p":1.13,"u":"4,61 €/KG","img":"https://fd5-photos.leclercdrive.fr/image.ashx?id=2954373&use=l&cat=p&typeid=i","cat":318430},{"id":61597,"n":"Sauce bourguignonne Rustica Pot - 250g","p":1.01,"u":"4,04 €/KG","img":"https://fd5-photos.leclercdrive.fr/image.ashx?id=2954376&use=l&cat=p&typeid=i","cat":318430},{"id":61605,"n":"Sauce barbecue Rustica Flacon souple - 280g","p":1.39,"u":"4,96 €/KG","img":"https://fd5-photos.leclercdrive.fr/image.ashx?id=2559704&use=l&cat=p&typeid=i","cat":318431},{"id":61607,"n":"Sauce andalousie Rustica Flacon souple - 249g","p":1.68,"u":"6,75 €/KG","img":"https://fd5-photos.leclercdrive.fr/image.ashx?id=2459153&use=l&cat=p&typeid=i","cat":318431},{"id":61609,"n":"Sauce Aïoli Bénédicta - 260g","p":1.39,"u":"5,35 €/KG","img":"https://fd5-photos.leclercdrive.fr/image.ashx?id=2689934&use=l&cat=p&typeid=i","cat":318430},{"id":61613,"n":"Sauce Pommes frites  Amora 448g","p":2.5,"u":"5,58 €/KG","img":"https://fd5-photos.leclercdrive.fr/image.ashx?id=2738227&use=l&cat=p&typeid=i","cat":318431},{"id":61626,"n":"Cocktail Douceur du Verger 4 fruits - Sirop léger - 250 g","p":1.5,"u":"6,00 €/KG","img":"https://fd5-photos.leclercdrive.fr/image.ashx?id=2783026&use=l&cat=p&typeid=i","cat":284507},{"id":61628,"n":"Fruits au sirop St Mamet Pêches - 245g","p":1.56,"u":"6,37 €/KG","img":"https://fd5-photos.leclercdrive.fr/image.ashx?id=2628428&use=l&cat=p&typeid=i","cat":284507},{"id":61631,"n":"Cocktail Douceur du Verger 4 fruits - Sirop léger- 500g","p":1.99,"u":"3,98 €/KG","img":"https://fd5-photos.leclercdrive.fr/image.ashx?id=2783023&use=l&cat=p&typeid=i","cat":284507},{"id":61634,"n":"Poires Douceur du Verger Sirop léger - 455 g","p":1.95,"u":"4,29 €/KG","img":"https://fd5-photos.leclercdrive.fr/image.ashx?id=2783020&use=l&cat=p&typeid=i","cat":284507},{"id":61638,"n":"Lentilles Préparées Cassegrain Tendres et Fondantes 460g","p":2.29,"u":"4,98 €/KG","img":"https://fd5-photos.leclercdrive.fr/image.ashx?id=3011047&use=l&cat=p&typeid=i","cat":312609},{"id":61641,"n":"Sirop d'érable Le Québécois Bio - 189ml","p":5.44,"u":"28,78 €/L","img":"https://fd5-photos.leclercdrive.fr/image.ashx?id=1601087&use=l&cat=p&typeid=i","cat":287643},{"id":61706,"n":"Beurre Grand Fermage Demi-sel - 80% MG - 500g","p":4.62,"u":"9,24 €/KG","img":"https://fd5-photos.leclercdrive.fr/image.ashx?id=2916171&use=l&cat=p&typeid=i","cat":284379},{"id":61801,"n":"Sac tri selectif 50L Poubel'sak x10","p":3.44,"img":"https://fd5-photos.leclercdrive.fr/image.ashx?id=1893433&use=l&cat=p&typeid=i","cat":285168},{"id":61802,"n":"Sac tri selectif 50L Poubel'sak Ttransparent - x10","p":3.08,"img":"https://fd5-photos.leclercdrive.fr/image.ashx?id=2513790&use=l&cat=p&typeid=i","cat":285168},{"id":61826,"n":"Morgan et son vélo Dès 3 ans","p":12.9,"img":"https://fd5-photos.leclercdrive.fr/image.ashx?id=2658162&use=l&cat=p&typeid=i","cat":334379},{"id":61827,"n":"La voiture de Morgan Dès 3 ans","p":14.9,"img":"https://fd5-photos.leclercdrive.fr/image.ashx?id=1222571&use=l&cat=p&typeid=i","cat":334379},{"id":61874,"n":"Gel shampooing douche Fa Men Perfect wave flacon - 250ml","p":1.92,"u":"7,68 €/L","img":"https://fd5-photos.leclercdrive.fr/image.ashx?id=2995091&use=l&cat=p&typeid=i","cat":284619},{"id":61968,"n":"AOP Petit Reblochon Le Pochat 240g","p":3.75,"u":"15,63 €/KG","img":"https://fd5-photos.leclercdrive.fr/image.ashx?id=2102764&use=l&cat=p&typeid=i","cat":314037},{"id":61976,"n":"Coeurs de palmiers Bio Village Bio - 250g","p":4.02,"u":"16,08 €/KG","img":"https://fd5-photos.leclercdrive.fr/image.ashx?id=2077463&use=l&cat=p&typeid=i","cat":312611},{"id":61983,"n":"Sachet repas Gourmet  Terrine coffret - 4x85g","p":1.87,"u":"5,50 €/KG","img":"https://fd5-photos.leclercdrive.fr/image.ashx?id=2901118&use=l&cat=p&typeid=i","cat":285286},{"id":61984,"n":"Sachet repas chat Gourmet  Perle duo de la mer - 4x85g","p":2.69,"u":"7,91 €/KG","img":"https://fd5-photos.leclercdrive.fr/image.ashx?id=2859866&use=l&cat=p&typeid=i","cat":285286},{"id":62001,"n":"Jus de citron jaune 1L","p":3.55,"u":"3,55 €/L","img":"https://fd5-photos.leclercdrive.fr/image.ashx?id=2656991&use=l&cat=p&typeid=i","cat":288383},{"id":62008,"n":"Sardine Parmentier Herbe - 135g","p":1.9,"u":"14,07 €/KG","img":"https://fd5-photos.leclercdrive.fr/image.ashx?id=3014413&use=l&cat=p&typeid=i","cat":305146},{"id":62042,"n":"Haricots rouges D'aucy  500g","p":1.85,"u":"3,70 €/KG","img":"https://fd5-photos.leclercdrive.fr/image.ashx?id=2491190&use=l&cat=p&typeid=i","cat":312606},{"id":62043,"n":"Lentilles préparées D'aucy  265g","p":0.89,"u":"3,36 €/KG","img":"https://fd5-photos.leclercdrive.fr/image.ashx?id=2560600&use=l&cat=p&typeid=i","cat":312609},{"id":62045,"n":"Haricots verts Jardin Bio étic Bio sans sel - 345g","p":4.28,"u":"12,41 €/KG","img":"https://fd5-photos.leclercdrive.fr/image.ashx?id=2535010&use=l&cat=p&typeid=i","cat":312606},{"id":62050,"n":"Macédoine déjà égouttée D'aucy 265g","p":1.39,"u":"5,25 €/KG","img":"https://fd5-photos.leclercdrive.fr/image.ashx?id=2511601&use=l&cat=p&typeid=i","cat":312612},{"id":62053,"n":"Haricots Coco Cuisinés Cassegrain Tomate, Laurier 435g","p":1.63,"u":"6,52 €/KG","img":"https://fd5-photos.leclercdrive.fr/image.ashx?id=2952466&use=l&cat=p&typeid=i","cat":312606},{"id":62054,"n":"Courgettes Cuisinées Cassegrain à la Provençale 185g","p":1.99,"u":"10,76 €/KG","img":"https://fd5-photos.leclercdrive.fr/image.ashx?id=2913022&use=l&cat=p&typeid=i","cat":312612},{"id":62055,"n":"Aubergines Cuisinées Cassegrain à la Provençale 185g","p":2.48,"u":"13,41 €/KG","img":"https://fd5-photos.leclercdrive.fr/image.ashx?id=2913019&use=l&cat=p&typeid=i","cat":312612},{"id":62057,"n":"Champignons Eco+ Entiers - 230g","p":1.11,"u":"4,83 €/KG","img":"https://fd5-photos.leclercdrive.fr/image.ashx?id=3014332&use=l&cat=p&typeid=i","cat":312610},{"id":62066,"n":"Lentilles cuisinées façon Sud-Ouest Cassegrain 410g","p":2.31,"u":"5,63 €/KG","img":"https://fd5-photos.leclercdrive.fr/image.ashx?id=2862131&use=l&cat=p&typeid=i","cat":312609},{"id":62067,"n":"Flageolets Préparés Cassegrain Extra Fins 130g","p":1.08,"u":"8,31 €/KG","img":"https://fd5-photos.leclercdrive.fr/image.ashx?id=2912980&use=l&cat=p&typeid=i","cat":312606},{"id":62083,"n":"Soda Schweppes Saveur Agrumes - 1L","p":1.42,"u":"1,42 €/L","img":"https://fd5-photos.leclercdrive.fr/image.ashx?id=2852414&use=l&cat=p&typeid=i","cat":284532},{"id":62093,"n":"Tortillas Barquitas Old El Paso de blé nature x8 - 193g","p":3.2,"u":"16,58 €/KG","img":"https://fd5-photos.leclercdrive.fr/image.ashx?id=2745346&use=l&cat=p&typeid=i","cat":288993},{"id":62094,"n":"Sauce fajitas Old El Paso à cuisiner doux - 395g","p":2.06,"u":"5,22 €/KG","img":"https://fd5-photos.leclercdrive.fr/image.ashx?id=2950852&use=l&cat=p&typeid=i","cat":288993},{"id":62095,"n":"Chips Tortilla Old El Paso Fajita - 185g","p":2.08,"u":"11,24 €/KG","img":"https://fd5-photos.leclercdrive.fr/image.ashx?id=2444522&use=l&cat=p&typeid=i","cat":288993},{"id":62101,"n":"Miel l'Apiculteur liquide   et savoureux - 500g","p":6.5,"u":"13,00 €/KG","img":"https://fd5-photos.leclercdrive.fr/image.ashx?id=3008077&use=l&cat=p&typeid=i","cat":287643},{"id":62108,"n":"Queue de lottes  500g","p":14.21,"u":"28,42 €/KG","img":"https://fd5-photos.leclercdrive.fr/image.ashx?id=1097613&use=l&cat=p&typeid=i","cat":284342},{"id":62112,"n":"Compotes Pom'Potes Gourdes  Pomme Nature - 12x90g","p":4.32,"u":"4,00 €/KG","img":"https://fd5-photos.leclercdrive.fr/image.ashx?id=3010927&use=l&cat=p&typeid=i","cat":284508},{"id":62117,"n":"Homards cuits canadiens 275g","p":14.99,"u":"54,51 €/KG","img":"https://fd5-photos.leclercdrive.fr/image.ashx?id=1097622&use=l&cat=p&typeid=i","cat":284343},{"id":62120,"n":"Cookies Choco Sensation Milka Chocolat au lait - 312g","p":3.98,"u":"12,76 €/KG","img":"https://fd5-photos.leclercdrive.fr/image.ashx?id=3002279&use=l&cat=p&typeid=i","cat":325066},{"id":62121,"n":"Brownie Milka Chocolat - 180g","p":2.71,"u":"15,06 €/KG","img":"https://fd5-photos.leclercdrive.fr/image.ashx?id=2339807&use=l&cat=p&typeid=i","cat":294776},{"id":62128,"n":"Biscuits fourrés Prince Tout chocolat - 300g","p":1.62,"u":"5,40 €/KG","img":"https://fd5-photos.leclercdrive.fr/image.ashx?id=2528801&use=l&cat=p&typeid=i","cat":284488},{"id":62130,"n":"Cookies extra moelleux Granola Pépites de chocolat - 312g","p":3.59,"u":"11,51 €/KG","img":"https://fd5-photos.leclercdrive.fr/image.ashx?id=2306723&use=l&cat=p&typeid=i","cat":325066},{"id":62142,"n":"Biscottes Braisor Heudebert  Nature - 500g","p":3.69,"u":"7,38 €/KG","img":"https://fd5-photos.leclercdrive.fr/image.ashx?id=2680176&use=l&cat=p&typeid=i","cat":284479},{"id":62146,"n":"Brioche La Fournée Dorée Tranchée crème fraiche - 500g","p":2.0,"u":"4,00 €/KG","img":"https://fd5-photos.leclercdrive.fr/image.ashx?id=2415365&use=l&cat=p&typeid=i","cat":284478},{"id":62148,"n":"Brioch'burger La fournée Dorée x4 - 250g","p":1.61,"u":"6,44 €/KG","img":"https://fd5-photos.leclercdrive.fr/image.ashx?id=2765261&use=l&cat=p&typeid=i","cat":325067},{"id":62152,"n":"Graines de chia bio Happy Bio   250g","p":5.42,"u":"21,68 €/KG","img":"https://fd5-photos.leclercdrive.fr/image.ashx?id=2970990&use=l&cat=p&typeid=i","cat":318651},{"id":62161,"n":"Cake aux fruits Brossard 300g","p":2.63,"u":"8,77 €/KG","img":"https://fd5-photos.leclercdrive.fr/image.ashx?id=2964998&use=l&cat=p&typeid=i","cat":284493},{"id":62162,"n":"Donuts Curly 100g","p":1.05,"u":"10,50 €/KG","img":"https://fd5-photos.leclercdrive.fr/image.ashx?id=2446836&use=l&cat=p&typeid=i","cat":284449},{"id":62169,"n":"Croquettes chiens Purina One Minis chiens - 1.5kg","p":5.82,"u":"3,88 €/KG","img":"https://fd5-photos.leclercdrive.fr/image.ashx?id=2899677&use=l&cat=p&typeid=i","cat":294526},{"id":62173,"n":"Friandises chat Catisfactions  Canard - 60g","p":1.1,"u":"18,33 €/KG","img":"https://fd5-photos.leclercdrive.fr/image.ashx?id=2912611&use=l&cat=p&typeid=i","cat":285285},{"id":62186,"n":"Flocon d'avoine Happy Bio 500g","p":2.12,"u":"4,24 €/KG","img":"https://fd5-photos.leclercdrive.fr/image.ashx?id=2224790&use=l&cat=p&typeid=i","cat":309512},{"id":62195,"n":"galettes 4 céréales bio bjorg  130g","p":1.47,"u":"11,31 €/KG","img":"https://fd5-photos.leclercdrive.fr/image.ashx?id=2754324&use=l&cat=p&typeid=i","cat":318651},{"id":62226,"n":"Soda Coca-Cola Sans Sucres Bouteille - 1L","p":1.39,"u":"1,39 €/L","img":"https://fd5-photos.leclercdrive.fr/image.ashx?id=2194418&use=l&cat=p&typeid=i","cat":284530},{"id":62238,"n":"Bière blonde Grimbergen Triple d'Abbaye -8° - 6x25cl","p":5.42,"u":"3,61 €/L","img":"https://fd5-photos.leclercdrive.fr/image.ashx?id=2317363&use=l&cat=p&typeid=i","cat":334852},{"id":62246,"n":"Soda au cola Pepsi La bouteille de 1.5L","p":1.15,"u":"0,77 €/L","img":"https://fd5-photos.leclercdrive.fr/image.ashx?id=2896318&use=l&cat=p&typeid=i","cat":284530},{"id":62251,"n":"Soda au cola Pepsi Zéro sucres La bouteille de 1.5L","p":1.13,"u":"0,75 €/L","img":"https://fd5-photos.leclercdrive.fr/image.ashx?id=2683130&use=l&cat=p&typeid=i","cat":284530},{"id":62252,"n":"Soda 7UP Citron et citron vert - 1.5L","p":1.08,"u":"0,72 €/L","img":"https://fd5-photos.leclercdrive.fr/image.ashx?id=2748545&use=l&cat=p&typeid=i","cat":284531},{"id":62260,"n":"Creme de Poivron et Aubergine Fattorie Umbrie","p":4.29,"u":"23,83 €/KG","img":"https://fd5-photos.leclercdrive.fr/image.ashx?id=1187642&use=l&cat=p&typeid=i","cat":284451},{"id":62298,"n":"Sauce caesar Florette 175ml","p":2.56,"u":"14,63 €/L","img":"https://fd5-photos.leclercdrive.fr/image.ashx?id=2634067&use=l&cat=p&typeid=i","cat":284382},{"id":62303,"n":"yaourt fruits bio les 2 vaches brassé framboise - 4x115g","p":1.78,"u":"3,87 €/KG","img":"https://fd5-photos.leclercdrive.fr/image.ashx?id=2571533&use=l&cat=p&typeid=i","cat":284410},{"id":62305,"n":"Yaourt nature Bio village Bio Sucre de canne - 4x125g","p":1.58,"u":"3,16 €/KG","img":"https://fd5-photos.leclercdrive.fr/image.ashx?id=1946889&use=l&cat=p&typeid=i","cat":284409},{"id":62333,"n":"Yaourt brassé Bio les 2 vaches Citron - 4x115g","p":1.79,"u":"3,89 €/KG","img":"https://fd5-photos.leclercdrive.fr/image.ashx?id=2571536&use=l&cat=p&typeid=i","cat":284410},{"id":62335,"n":"yaourt fruits bio les 2 vaches brassé myrtille - 4x115g","p":1.85,"u":"4,02 €/KG","img":"https://fd5-photos.leclercdrive.fr/image.ashx?id=2571530&use=l&cat=p&typeid=i","cat":284410},{"id":62340,"n":"Jus d'oranges pressées Andros 1.5L","p":4.2,"u":"2,80 €/L","img":"https://fd5-photos.leclercdrive.fr/image.ashx?id=2904272&use=l&cat=p&typeid=i","cat":285435},{"id":62359,"n":"Jus d'oranges pressées  Sans pulpe Andros - 1.5L","p":4.96,"u":"3,31 €/L","img":"https://fd5-photos.leclercdrive.fr/image.ashx?id=2876104&use=l&cat=p&typeid=i","cat":285435},{"id":62416,"n":"Citrons pressés Andros 1L","p":2.18,"u":"2,18 €/L","img":"https://fd5-photos.leclercdrive.fr/image.ashx?id=2882650&use=l&cat=p&typeid=i","cat":285435},{"id":62417,"n":"Jus de pamplemousse rose pressé Andros - 1L","p":3.26,"u":"3,26 €/L","img":"https://fd5-photos.leclercdrive.fr/image.ashx?id=2928423&use=l&cat=p&typeid=i","cat":285435},{"id":62418,"n":"Jus d'oranges douces Andros 1L","p":3.12,"u":"3,12 €/L","img":"https://fd5-photos.leclercdrive.fr/image.ashx?id=2882638&use=l&cat=p&typeid=i","cat":285435},{"id":62439,"n":"Crème brulée Bonne Maman 2x100g","p":2.12,"u":"10,60 €/KG","img":"https://fd5-photos.leclercdrive.fr/image.ashx?id=2886181&use=l&cat=p&typeid=i","cat":284419},{"id":62481,"n":"Coton disque Bio Bionaïa x70","p":0.97,"u":"0,01 €/P","img":"https://fd5-photos.leclercdrive.fr/image.ashx?id=2434942&use=l&cat=p&typeid=i","cat":285593},{"id":62482,"n":"Coton-tige Bio Bionaïa x200 bâtonnets ouatés","p":0.86,"img":"https://fd5-photos.leclercdrive.fr/image.ashx?id=2598704&use=l&cat=p&typeid=i","cat":285593},{"id":62486,"n":"Quiche lorraine 400g","p":1.99,"u":"4,98 €/KG","img":"https://fd5-photos.leclercdrive.fr/image.ashx?id=2798421&use=l&cat=p&typeid=i","cat":333680},{"id":62496,"n":"Biscuit bébé Blédina 12 mois Petit beurre - 133g","p":2.07,"u":"15,56 €/KG","img":"https://fd5-photos.leclercdrive.fr/image.ashx?id=2974288&use=l&cat=p&typeid=i","cat":312227},{"id":62497,"n":"Biscuit bébé Blédina 12 mois  Petit beurre pépites choco-133g","p":2.09,"u":"15,71 €/KG","img":"https://fd5-photos.leclercdrive.fr/image.ashx?id=2639344&use=l&cat=p&typeid=i","cat":312227},{"id":62509,"n":"Halal Pocket Oriental Viandes Dinde et Fromage - 2x130g","p":2.9,"u":"11,15 €/KG","img":"https://fd5-photos.leclercdrive.fr/image.ashx?id=2825808&use=l&cat=p&typeid=i","cat":284254},{"id":62555,"n":"Boissons aux fruits Fruit Shoot Tropical - 12x20cl","p":4.14,"u":"1,73 €/L","img":"https://fd5-photos.leclercdrive.fr/image.ashx?id=2915736&use=l&cat=p&typeid=i","cat":295018},{"id":62561,"n":"Rasoirs jetables Carré Homme 3 lames - x8","p":2.66,"u":"0,33 €/P","img":"https://fd5-photos.leclercdrive.fr/image.ashx?id=2869859&use=l&cat=p&typeid=i","cat":284616},{"id":62567,"n":"Papier toilette Mimosa Humide x50","p":1.29,"u":"0,03 €/P","img":"https://fd5-photos.leclercdrive.fr/image.ashx?id=2823126&use=l&cat=p&typeid=i","cat":284634},{"id":62568,"n":"Papier toilette Mimosa Humide douceur x50","p":1.29,"u":"0,03 €/P","img":"https://fd5-photos.leclercdrive.fr/image.ashx?id=3013615&use=l&cat=p&typeid=i","cat":284634},{"id":62571,"n":"Soda à l'orange Orangina 1L","p":1.59,"u":"1,59 €/L","img":"https://fd5-photos.leclercdrive.fr/image.ashx?id=2668413&use=l&cat=p&typeid=i","cat":284532},{"id":62572,"n":"Lime soda Sprink's Citron zero - 1.5L","p":1.08,"u":"0,72 €/L","img":"https://fd5-photos.leclercdrive.fr/image.ashx?id=2913742&use=l&cat=p&typeid=i","cat":284531},{"id":62573,"n":"Tonic soda Sprink's Zero - 1.5L","p":0.89,"u":"0,59 €/L","img":"https://fd5-photos.leclercdrive.fr/image.ashx?id=2913745&use=l&cat=p&typeid=i","cat":284531},{"id":62574,"n":"Bière ambrée Grimbergen 6,5° - 6x25cl","p":5.22,"u":"3,48 €/L","img":"https://fd5-photos.leclercdrive.fr/image.ashx?id=2293483&use=l&cat=p&typeid=i","cat":334852},{"id":62575,"n":"Coton disque Inell Rond confort x70","p":0.61,"u":"0,01 €/P","img":"https://fd5-photos.leclercdrive.fr/image.ashx?id=2169171&use=l&cat=p&typeid=i","cat":285593},{"id":62576,"n":"Bière blanche Grimbergen 6° - 6x25cl","p":5.0,"u":"3,33 €/L","img":"https://fd5-photos.leclercdrive.fr/image.ashx?id=2294375&use=l&cat=p&typeid=i","cat":334878},{"id":62579,"n":"Bière blonde Leffe Triple 8,5% - 6x25cl","p":5.72,"u":"22,88 €/L","img":"https://fd5-photos.leclercdrive.fr/image.ashx?id=2548282&use=l&cat=p&typeid=i","cat":334852},{"id":62581,"n":"Bière aromatisée Grimbergen Cerise 5,5° - 6x25cl","p":5.46,"u":"3,64 €/L","img":"https://fd5-photos.leclercdrive.fr/image.ashx?id=2312798&use=l&cat=p&typeid=i","cat":334878},{"id":62614,"n":"Pâte à tartiner Ovomaltine Crunchy - 360g","p":3.13,"u":"8,69 €/KG","img":"https://fd5-photos.leclercdrive.fr/image.ashx?id=2428645&use=l&cat=p&typeid=i","cat":284481},{"id":62619,"n":"Biscuits nappés Pépito Chocolat au lait - 2x192g","p":2.38,"u":"6,20 €/KG","img":"https://fd5-photos.leclercdrive.fr/image.ashx?id=2989444&use=l&cat=p&typeid=i","cat":284488},{"id":62634,"n":"Eponge végétale Nicols Cello brico brune - 1 pièce","p":1.76,"img":"https://fd5-photos.leclercdrive.fr/image.ashx?id=1894336&use=l&cat=p&typeid=i","cat":284667},{"id":62661,"n":"Soin confort Nivea For Men  Protect & care - 75ml","p":7.5,"u":"100,00 €/L","img":"https://fd5-photos.leclercdrive.fr/image.ashx?id=2225339&use=l&cat=p&typeid=i","cat":284622},{"id":62668,"n":"Brosse à dents Sensodyne Extra souple x1","p":2.07,"pp":1.45,"img":"https://fd5-photos.leclercdrive.fr/image.ashx?id=2923633&use=l&cat=p&typeid=i","cat":284614},{"id":62676,"n":"Gel douche bio So Bio Etic  Karité sans sulfate - 650ml","p":6.67,"u":"10,26 €/L","img":"https://fd5-photos.leclercdrive.fr/image.ashx?id=2850593&use=l&cat=p&typeid=i","cat":284594},{"id":62677,"n":"Gel douche bio So Bio Etic Aloe vera sans sulfate 650ml","p":6.86,"u":"10,55 €/L","img":"https://fd5-photos.leclercdrive.fr/image.ashx?id=2850596&use=l&cat=p&typeid=i","cat":284594},{"id":62678,"n":"Crème douche bio So Bio Etic Lait d'anesse - 650ml","p":6.62,"u":"10,18 €/L","img":"https://fd5-photos.leclercdrive.fr/image.ashx?id=2862515&use=l&cat=p&typeid=i","cat":284594},{"id":62680,"n":"Essuie-tout Lotus Eco bobine","p":5.7,"img":"https://fd5-photos.leclercdrive.fr/image.ashx?id=2596573&use=l&cat=p&typeid=i","cat":284635},{"id":62681,"n":"Eau de javel Clair Parfum citron - 2L","p":0.98,"u":"0,49 €/L","img":"https://fd5-photos.leclercdrive.fr/image.ashx?id=2949206&use=l&cat=p&typeid=i","cat":284661},{"id":62682,"n":"Javel en gel Clair  Citron vert - 750ml","p":1.18,"u":"1,57 €/L","img":"https://fd5-photos.leclercdrive.fr/image.ashx?id=2843881&use=l&cat=p&typeid=i","cat":284661},{"id":62687,"n":"Spray nasal Primoplast 100% eau de mer - 150ml","p":4.45,"u":"29,67 €/L","img":"https://fd5-photos.leclercdrive.fr/image.ashx?id=2955758&use=l&cat=p&typeid=i","cat":284630},{"id":62722,"n":"Biscuits fourrés Prince Chocolat lait - 300g","p":1.37,"u":"4,57 €/KG","img":"https://fd5-photos.leclercdrive.fr/image.ashx?id=2349070&use=l&cat=p&typeid=i","cat":284488},{"id":62723,"n":"Biscuits fourrés Prince Multi céréales - 293g","p":1.42,"u":"4,85 €/KG","img":"https://fd5-photos.leclercdrive.fr/image.ashx?id=2350993&use=l&cat=p&typeid=i","cat":284488},{"id":62724,"n":"Biscuits Double Crème Oreo Vanille - 157g","p":1.2,"u":"7,64 €/KG","img":"https://fd5-photos.leclercdrive.fr/image.ashx?id=2160198&use=l&cat=p&typeid=i","cat":284488},{"id":62725,"n":"Saucisson sec Saint-Azay  Maxi format - 600g","p":7.35,"u":"12,25 €/KG","img":"https://fd5-photos.leclercdrive.fr/image.ashx?id=2943686&use=l&cat=p&typeid=i","cat":316006},{"id":62726,"n":"Compote bio Bio Village Bocal pomme - 625g","p":2.07,"u":"3,31 €/KG","img":"https://fd5-photos.leclercdrive.fr/image.ashx?id=1948042&use=l&cat=p&typeid=i","cat":284508},{"id":62727,"n":"Compote bio Bio Village Bocal pomme poire - 625g","p":2.1,"u":"3,36 €/KG","img":"https://fd5-photos.leclercdrive.fr/image.ashx?id=1948039&use=l&cat=p&typeid=i","cat":284508},{"id":62730,"n":"Fruits au sirop St Mamet Poires williams - 235g","p":1.84,"u":"7,83 €/KG","img":"https://fd5-photos.leclercdrive.fr/image.ashx?id=2630220&use=l&cat=p&typeid=i","cat":284507},{"id":62731,"n":"Abricots Douceur du Verger Sirop léger - 475 g","p":2.42,"u":"5,09 €/KG","img":"https://fd5-photos.leclercdrive.fr/image.ashx?id=2618235&use=l&cat=p&typeid=i","cat":284507},{"id":62740,"n":"Lait de coco Suzi Wan  Allégé - 200ml","p":1.73,"u":"8,65 €/L","img":"https://fd5-photos.leclercdrive.fr/image.ashx?id=2892922&use=l&cat=p&typeid=i","cat":288992},{"id":62741,"n":"Quinoa/boulgour Bio Village  Bio - 400g","p":2.56,"u":"6,40 €/KG","img":"https://fd5-photos.leclercdrive.fr/image.ashx?id=2518556&use=l&cat=p&typeid=i","cat":284429},{"id":62742,"n":"Gressins sésames bio Bio Village - 125g","p":1.52,"u":"12,16 €/KG","img":"https://fd5-photos.leclercdrive.fr/image.ashx?id=1944640&use=l&cat=p&typeid=i","cat":297000},{"id":62749,"n":"Crackers Heudebert  Nature - 250g","p":1.4,"u":"5,60 €/KG","img":"https://fd5-photos.leclercdrive.fr/image.ashx?id=2670785&use=l&cat=p&typeid=i","cat":284479},{"id":62753,"n":"Noix de cajou Bio Village  Bio Grillées - 100g","p":2.1,"u":"21,00 €/KG","img":"https://fd5-photos.leclercdrive.fr/image.ashx?id=2664590&use=l&cat=p&typeid=i","cat":284448},{"id":62858,"n":"Biscuit Nature GERBLE  sans sucres ajoutés - 132g","p":2.42,"u":"18,33 €/KG","img":"https://fd5-photos.leclercdrive.fr/image.ashx?id=2662835&use=l&cat=p&typeid=i","cat":318653},{"id":62880,"n":"Moelleux Citron GERBLE   sans sucre - 196g","p":2.96,"u":"15,10 €/KG","img":"https://fd5-photos.leclercdrive.fr/image.ashx?id=2575087&use=l&cat=p&typeid=i","cat":318653},{"id":62890,"n":"Haricots Soissons 72 cl","p":6.22,"u":"8,64 €/L","img":"https://fd5-photos.leclercdrive.fr/image.ashx?id=1899285&use=l&cat=p&typeid=i","cat":312606},{"id":62891,"n":"Haricots Lingots 72cl","p":3.87,"u":"5,38 €/L","img":"https://fd5-photos.leclercdrive.fr/image.ashx?id=1899273&use=l&cat=p&typeid=i","cat":312606},{"id":62896,"n":"Rouille 10,6 Cl","p":3.38,"u":"31,89 €/L","img":"https://fd5-photos.leclercdrive.fr/image.ashx?id=1103649&use=l&cat=p&typeid=i","cat":289013},{"id":62897,"n":"Confiture de Fraise 220g","p":3.05,"u":"13,86 €/KG","img":"https://fd5-photos.leclercdrive.fr/image.ashx?id=1103643&use=l&cat=p&typeid=i","cat":284480},{"id":62898,"n":"Confiture Amenita Figue - 220g","p":3.04,"u":"13,82 €/KG","img":"https://fd5-photos.leclercdrive.fr/image.ashx?id=2479784&use=l&cat=p&typeid=i","cat":284480},{"id":62899,"n":"Confiture de Pêche 220g","p":3.05,"u":"13,86 €/KG","img":"https://fd5-photos.leclercdrive.fr/image.ashx?id=1899279&use=l&cat=p&typeid=i","cat":284480},{"id":62900,"n":"Confiture d'Abricot 220g","p":3.05,"u":"13,86 €/KG","img":"https://fd5-photos.leclercdrive.fr/image.ashx?id=1103637&use=l&cat=p&typeid=i","cat":284480},{"id":62903,"n":"AOP Miellat du Maquis 250g","p":8.92,"u":"35,68 €/KG","img":"https://fd5-photos.leclercdrive.fr/image.ashx?id=2310152&use=l&cat=p&typeid=i","cat":287643},{"id":62905,"n":"Pastis Dami 1L","p":25.55,"u":"25,55 €/L","img":"https://fd5-photos.leclercdrive.fr/image.ashx?id=1907866&use=l&cat=p&typeid=i","cat":284548},{"id":62906,"n":"Pastis Dami 0.5L","p":14.58,"u":"29,16 €/L","img":"https://fd5-photos.leclercdrive.fr/image.ashx?id=1907869&use=l&cat=p&typeid=i","cat":284548},{"id":62907,"n":"Sirop Damiani Menthe - 1L","p":6.92,"u":"6,92 €/L","img":"https://fd5-photos.leclercdrive.fr/image.ashx?id=1907872&use=l&cat=p&typeid=i","cat":295020},{"id":62908,"n":"Sirop Damiani Grenadine - 1L","p":6.92,"u":"6,92 €/L","img":"https://fd5-photos.leclercdrive.fr/image.ashx?id=1907875&use=l&cat=p&typeid=i","cat":295020},{"id":62909,"n":"Sirop Damiani Citron - 1L","p":6.92,"u":"6,92 €/L","img":"https://fd5-photos.leclercdrive.fr/image.ashx?id=1907878&use=l&cat=p&typeid=i","cat":295020},{"id":62910,"n":"Sirop Damiani Orgeat - 1L","p":6.87,"u":"6,87 €/L","img":"https://fd5-photos.leclercdrive.fr/image.ashx?id=2120749&use=l&cat=p&typeid=i","cat":295020},{"id":62911,"n":"Sirop Damiani Orangeade - 1L","p":7.62,"u":"7,62 €/L","img":"https://fd5-photos.leclercdrive.fr/image.ashx?id=1907884&use=l&cat=p&typeid=i","cat":295020},{"id":62912,"n":"Sirop Damiani Anis - 1L","p":7.94,"u":"7,94 €/L","img":"https://fd5-photos.leclercdrive.fr/image.ashx?id=2120752&use=l&cat=p&typeid=i","cat":295020},{"id":62926,"n":"Pavés de Saumon  3x140g","p":13.19,"u":"31,40 €/KG","img":"https://fd5-photos.leclercdrive.fr/image.ashx?id=1101039&use=l&cat=p&typeid=i","cat":284342},{"id":63079,"n":"Thon Blanc MSC Petit Navire A l'huile d'olive - 160g","p":3.67,"u":"22,94 €/KG","img":"https://fd5-photos.leclercdrive.fr/image.ashx?id=2523852&use=l&cat=p&typeid=i","cat":303867},{"id":63170,"n":"Sucre de canne Daddy Petits morceaux - 1kg","p":2.39,"u":"2,39 €/KG","img":"https://fd5-photos.leclercdrive.fr/image.ashx?id=2276420&use=l&cat=p&typeid=i","cat":284502},{"id":63284,"n":"AOP Champagne Canard Duchêne Charles VII Brut - 75cl","p":29.5,"pp":26.55,"u":"35,40 €/L","img":"https://fd5-photos.leclercdrive.fr/image.ashx?id=2174390&use=l&cat=p&typeid=i","cat":284542},{"id":63287,"n":"AOP Crémant de Bordeaux Malesan brut - 75cl","p":6.9,"pp":4.55,"u":"6,07 €/L","img":"https://fd5-photos.leclercdrive.fr/image.ashx?id=2497193&use=l&cat=p&typeid=i","cat":284545},{"id":63304,"n":"Pizza Crust Sodebo Classic Jambon Emmental - 600g","p":4.55,"u":"7,58 €/KG","img":"https://fd5-photos.leclercdrive.fr/image.ashx?id=3008254&use=l&cat=p&typeid=i","cat":333679},{"id":63320,"n":"Rhum Vieux Agricole AOC  Martinique 40%vol - 70cl","p":20.7,"u":"29,57 €/L","img":"https://fd5-photos.leclercdrive.fr/image.ashx?id=2731075&use=l&cat=p&typeid=i","cat":284550},{"id":63501,"n":"Fromage de brebis Bio Vrai Lait brebis 50%mg - 100g","p":1.75,"img":"https://fd5-photos.leclercdrive.fr/image.ashx?id=2438699&use=l&cat=p&typeid=i","cat":314031},{"id":63503,"n":"Fromage Pavé d'Affinois Mini Mix 3 variétés - 160g","p":2.48,"u":"15,50 €/KG","img":"https://fd5-photos.leclercdrive.fr/image.ashx?id=3002066&use=l&cat=p&typeid=i","cat":314030},{"id":63519,"n":"Gnocchi Lustucru Selection  Maxi 650g","p":2.68,"u":"4,12 €/KG","img":"https://fd5-photos.leclercdrive.fr/image.ashx?id=2792387&use=l&cat=p&typeid=i","cat":333682},{"id":63520,"n":"Pizza crust Sodebo Cheesy 4 fromages - 580g","p":4.9,"u":"8,45 €/KG","img":"https://fd5-photos.leclercdrive.fr/image.ashx?id=2912098&use=l&cat=p&typeid=i","cat":333679},{"id":63521,"n":"Penne au saumon Marie Crème d'épinard - 280g","p":3.49,"u":"12,46 €/KG","img":"https://fd5-photos.leclercdrive.fr/image.ashx?id=2317519&use=l&cat=p&typeid=i","cat":333665},{"id":63528,"n":"Boisson énergisante Crazy Tiger Canette - 50cl","p":1.09,"u":"2,18 €/L","img":"https://fd5-photos.leclercdrive.fr/image.ashx?id=2859641&use=l&cat=p&typeid=i","cat":284533},{"id":63540,"n":"Sauce barbecue Rustica 280g","p":1.38,"u":"4,93 €/KG","img":"https://fd5-photos.leclercdrive.fr/image.ashx?id=2954370&use=l&cat=p&typeid=i","cat":318431},{"id":63541,"n":"Sauce barbecue Rustica 560g","p":1.78,"u":"3,18 €/KG","img":"https://fd5-photos.leclercdrive.fr/image.ashx?id=2092948&use=l&cat=p&typeid=i","cat":318431},{"id":63543,"n":"Décor pour gateaux Vahiné Crayon patissier blanc - 25g","p":1.93,"u":"77,20 €/KG","img":"https://fd5-photos.leclercdrive.fr/image.ashx?id=2983246&use=l&cat=p&typeid=i","cat":284504},{"id":63549,"n":"Confiture Maison Cappaccini Figue clémentine châtaigne 330g","p":5.5,"u":"16,67 €/KG","img":"https://fd5-photos.leclercdrive.fr/image.ashx?id=2125245&use=l&cat=p&typeid=i","cat":284480},{"id":63550,"n":"Confiture Maison Cappaccini  Figue clémentine myrte 330g","p":5.4,"u":"16,36 €/KG","img":"https://fd5-photos.leclercdrive.fr/image.ashx?id=2136661&use=l&cat=p&typeid=i","cat":284480},{"id":63552,"n":"Aromates grillades thym marjolaine romarin myrte","p":3.99,"u":"99,75 €/KG","img":"https://fd5-photos.leclercdrive.fr/image.ashx?id=2136664&use=l&cat=p&typeid=i","cat":298297},{"id":63553,"n":"Aromates pizza et salades origan thym marjolaine myrte","p":3.93,"u":"98,25 €/KG","img":"https://fd5-photos.leclercdrive.fr/image.ashx?id=2136658&use=l&cat=p&typeid=i","cat":298297},{"id":63595,"n":"Cheesecake Gü Speculoos - 160g","p":3.56,"u":"22,25 €/KG","img":"https://fd5-photos.leclercdrive.fr/image.ashx?id=2851276&use=l&cat=p&typeid=i","cat":284419},{"id":63608,"n":"Chèvre fouetté Soignon Nature - 140g","p":2.52,"u":"18,00 €/KG","img":"https://fd5-photos.leclercdrive.fr/image.ashx?id=2516602&use=l&cat=p&typeid=i","cat":314029},{"id":63632,"n":"Tartinade de poivrons confits Sud & Sol - 150g","p":2.3,"u":"15,33 €/KG","img":"https://fd5-photos.leclercdrive.fr/image.ashx?id=2986642&use=l&cat=p&typeid=i","cat":315999},{"id":63674,"n":"3 poivres Ducros Moulin - 34g","p":3.27,"u":"96,18 €/KG","img":"https://fd5-photos.leclercdrive.fr/image.ashx?id=2559460&use=l&cat=p&typeid=i","cat":284457},{"id":63676,"n":"Poivre blanc moulu Ducros 36g","p":2.62,"u":"72,78 €/KG","img":"https://fd5-photos.leclercdrive.fr/image.ashx?id=2203745&use=l&cat=p&typeid=i","cat":284457},{"id":63685,"n":"4 épices moulues Ducros 37g","p":1.53,"u":"41,35 €/KG","img":"https://fd5-photos.leclercdrive.fr/image.ashx?id=2983213&use=l&cat=p&typeid=i","cat":298297},{"id":63700,"n":"Miel de Campulori 500g Maquis d'automne arbousier AOP","p":13.0,"u":"26,00 €/KG","img":"https://fd5-photos.leclercdrive.fr/image.ashx?id=1877378&use=l&cat=p&typeid=i","cat":287643},{"id":63712,"n":"AOC Martinique Rhum blanc  Agricole HSE 40° - 1L","p":13.73,"u":"13,73 €/L","img":"https://fd5-photos.leclercdrive.fr/image.ashx?id=2902019&use=l&cat=p&typeid=i","cat":284550},{"id":63714,"n":"AOC Martinique Rhum blanc  HSE 50° - 70cl","p":11.82,"u":"16,89 €/L","img":"https://fd5-photos.leclercdrive.fr/image.ashx?id=2686939&use=l&cat=p&typeid=i","cat":284550},{"id":63716,"n":"AOC Martinique Rhum blanc Agricole HSE 55° - 1L","p":18.48,"u":"18,48 €/L","img":"https://fd5-photos.leclercdrive.fr/image.ashx?id=2021451&use=l&cat=p&typeid=i","cat":284550},{"id":63718,"n":"Rhum Vieux agricole HSE 40° - 70cl","p":19.72,"u":"28,17 €/L","img":"https://fd5-photos.leclercdrive.fr/image.ashx?id=2475753&use=l&cat=p&typeid=i","cat":284550},{"id":63722,"n":"Liqueur Herbes Jagermeister 35° - 70cl","p":16.22,"u":"23,17 €/L","img":"https://fd5-photos.leclercdrive.fr/image.ashx?id=2474740&use=l&cat=p&typeid=i","cat":286032},{"id":63756,"n":"Pur jus Tropicana Orange Pure Premium Avec pulpe - 1L","p":2.58,"u":"2,58 €/L","img":"https://fd5-photos.leclercdrive.fr/image.ashx?id=2605668&use=l&cat=p&typeid=i","cat":284521},{"id":63759,"n":"Pur Jus Jafaden Mutlifruits - 2L","p":2.75,"u":"1,38 €/L","img":"https://fd5-photos.leclercdrive.fr/image.ashx?id=2762955&use=l&cat=p&typeid=i","cat":284917},{"id":63762,"n":"Boisson aux fruits Oasis Tropical - 6x33cl","p":3.35,"u":"1,69 €/L","img":"https://fd5-photos.leclercdrive.fr/image.ashx?id=2900812&use=l&cat=p&typeid=i","cat":295018},{"id":63765,"n":"Boisson aux fruits Oasis Orange - 6x33cl","p":3.41,"u":"1,72 €/L","img":"https://fd5-photos.leclercdrive.fr/image.ashx?id=2681718&use=l&cat=p&typeid=i","cat":295018},{"id":63768,"n":"Boisson aux fruits Oasis Pomme Cassis Framboise - 6x33cl","p":3.56,"u":"1,80 €/L","img":"https://fd5-photos.leclercdrive.fr/image.ashx?id=3014449&use=l&cat=p&typeid=i","cat":295018},{"id":63776,"n":"Sirop Moulin de Valdonne Fraise des bois - 70cl","p":3.79,"u":"5,41 €/L","img":"https://fd5-photos.leclercdrive.fr/image.ashx?id=2170589&use=l&cat=p&typeid=i","cat":295020},{"id":63794,"n":"Soda Schweppes Saveur Citron - 6x33cl","p":3.39,"u":"1,71 €/L","img":"https://fd5-photos.leclercdrive.fr/image.ashx?id=2852743&use=l&cat=p&typeid=i","cat":284532},{"id":63795,"n":"Soda Schweppes Indian Tonic - 6x33cl","p":3.92,"u":"1,98 €/L","img":"https://fd5-photos.leclercdrive.fr/image.ashx?id=2852423&use=l&cat=p&typeid=i","cat":284531},{"id":63797,"n":"Soda Schweppes Saveur Agrumes - 6x33cl","p":3.74,"u":"1,89 €/L","img":"https://fd5-photos.leclercdrive.fr/image.ashx?id=2852737&use=l&cat=p&typeid=i","cat":284532},{"id":63798,"n":"Soda Schweppes Saveur Agrumes Zero - 6x33cl","p":3.81,"u":"1,92 €/L","img":"https://fd5-photos.leclercdrive.fr/image.ashx?id=2852740&use=l&cat=p&typeid=i","cat":284532},{"id":63814,"n":"Pur jus Tropicana Orange Pure Premium avec pulpe - 2x1L","p":5.46,"u":"2,73 €/L","img":"https://fd5-photos.leclercdrive.fr/image.ashx?id=2592690&use=l&cat=p&typeid=i","cat":284521},{"id":63824,"n":"Soda Coca-Cola Zéro Sans caféine - 1.25L","p":1.44,"u":"1,15 €/L","img":"https://fd5-photos.leclercdrive.fr/image.ashx?id=3009059&use=l&cat=p&typeid=i","cat":284530},{"id":63828,"n":"Concentré à diluer Pulco Citron Vert Menthe - 70cl","p":2.9,"u":"4,14 €/L","img":"https://fd5-photos.leclercdrive.fr/image.ashx?id=2687791&use=l&cat=p&typeid=i","cat":295020},{"id":63837,"n":"Champignons Eco+ Pieds et morceaux - 230g","p":0.82,"u":"3,57 €/KG","img":"https://fd5-photos.leclercdrive.fr/image.ashx?id=3014335&use=l&cat=p&typeid=i","cat":312610},{"id":63847,"n":"Champagne A.Rothschild & Cie Rosé - 75cl","p":25.75,"u":"34,33 €/L","img":"https://fd5-photos.leclercdrive.fr/image.ashx?id=2628470&use=l&cat=p&typeid=i","cat":284542},{"id":63892,"n":"Capsules café L'Or Espresso Forza N°9 x10","p":3.04,"u":"58,46 €/KG","img":"https://fd5-photos.leclercdrive.fr/image.ashx?id=2393753&use=l&cat=p&typeid=i","cat":284749},{"id":63961,"n":"Burger le campagnard Côté Snack Poulet emmental - 180g","p":2.49,"u":"13,83 €/KG","img":"https://fd5-photos.leclercdrive.fr/image.ashx?id=2898251&use=l&cat=p&typeid=i","cat":333671},{"id":63971,"n":"Escalope cordon bleu Père dodu Poulet x4 - 400g - Familial","p":4.41,"u":"11,03 €/KG","img":"https://fd5-photos.leclercdrive.fr/image.ashx?id=2957173&use=l&cat=p&typeid=i","cat":333683},{"id":63973,"n":"Cordon Bleu Père Dodu  Poulet x8 - 800g - Maxi Format","p":10.73,"u":"13,41 €/KG","img":"https://fd5-photos.leclercdrive.fr/image.ashx?id=2957176&use=l&cat=p&typeid=i","cat":333683},{"id":63980,"n":"Langoustines Rondes des Mers Entières crues 21/30 - 800g","p":15.98,"u":"19,98 €/KG","img":"https://fd5-photos.leclercdrive.fr/image.ashx?id=1983968&use=l&cat=p&typeid=i","cat":319787},{"id":63989,"n":"Mascarpone Bio Village Bio - 250g","p":2.98,"u":"11,92 €/KG","img":"https://fd5-photos.leclercdrive.fr/image.ashx?id=1211724&use=l&cat=p&typeid=i","cat":314026},{"id":63990,"n":"Fromage Cantal jeune râpé NRT  AOP - 150g","p":2.39,"u":"15,93 €/KG","img":"https://fd5-photos.leclercdrive.fr/image.ashx?id=2494172&use=l&cat=p&typeid=i","cat":314035},{"id":63993,"n":"Crème glacée Eskiss  Douceur de vanille - 500g","p":3.91,"u":"7,82 €/KG","img":"https://fd5-photos.leclercdrive.fr/image.ashx?id=2982634&use=l&cat=p&typeid=i","cat":284263},{"id":63996,"n":"Glace gourmande Eskiss  Coco passion - 488g","p":3.16,"u":"6,48 €/KG","img":"https://fd5-photos.leclercdrive.fr/image.ashx?id=3002623&use=l&cat=p&typeid=i","cat":284263},{"id":63998,"n":"Nectar d'abricot Pays d'Oc NRT 1L","p":3.09,"u":"3,09 €/L","img":"https://fd5-photos.leclercdrive.fr/image.ashx?id=2988144&use=l&cat=p&typeid=i","cat":284915},{"id":63999,"n":"Nectar de Goyave NRT De Martinique - 1L","p":2.85,"u":"2,85 €/L","img":"https://fd5-photos.leclercdrive.fr/image.ashx?id=2849656&use=l&cat=p&typeid=i","cat":284916},{"id":64000,"n":"Nectar de poire Williams NRT Du Roussillon - 1L","p":3.05,"u":"3,05 €/L","img":"https://fd5-photos.leclercdrive.fr/image.ashx?id=2988150&use=l&cat=p&typeid=i","cat":284915},{"id":64014,"n":"Mélange de jeunes pousses Bio Bio Village - 100g","p":2.02,"u":"20,20 €/KG","img":"https://fd5-photos.leclercdrive.fr/image.ashx?id=2655613&use=l&cat=p&typeid=i","cat":284353},{"id":64020,"n":"Soda pomme cerise Sprink's 1.5L","p":1.67,"u":"1,11 €/L","img":"https://fd5-photos.leclercdrive.fr/image.ashx?id=2913754&use=l&cat=p&typeid=i","cat":284532},{"id":64023,"n":"Soda cerise Sprink's 1.5L","p":1.69,"u":"1,13 €/L","img":"https://fd5-photos.leclercdrive.fr/image.ashx?id=2913751&use=l&cat=p&typeid=i","cat":284532},{"id":64024,"n":"Soda pomme Sprink's 1.5L","p":1.48,"u":"0,99 €/L","img":"https://fd5-photos.leclercdrive.fr/image.ashx?id=2913748&use=l&cat=p&typeid=i","cat":284532},{"id":64029,"n":"Boisson au thé vert Fresh Tea Menthe - 1.5L","p":1.82,"u":"1,21 €/L","img":"https://fd5-photos.leclercdrive.fr/image.ashx?id=2622269&use=l&cat=p&typeid=i","cat":295019},{"id":64032,"n":"Pur jus d'orange Tropicana Sans pulpe - 2x1L","p":5.24,"u":"2,62 €/L","img":"https://fd5-photos.leclercdrive.fr/image.ashx?id=2605671&use=l&cat=p&typeid=i","cat":284521},{"id":64052,"n":"Bière blonde Castelain Grand cru 8.5% - 75cl","p":3.54,"u":"4,72 €/L","img":"https://fd5-photos.leclercdrive.fr/image.ashx?id=2139097&use=l&cat=p&typeid=i","cat":334872},{"id":64057,"n":"Bière Desperados Red 12x33cl","p":16.53,"u":"4,17 €/L","img":"https://fd5-photos.leclercdrive.fr/image.ashx?id=2651074&use=l&cat=p&typeid=i","cat":334878},{"id":64062,"n":"Petits feuilletés Atelier Blini Fromager - 420g","p":5.06,"u":"12,05 €/KG","img":"https://fd5-photos.leclercdrive.fr/image.ashx?id=1738057&use=l&cat=p&typeid=i","cat":319774},{"id":64069,"n":"Petits fours Atelier Blini  Coffret - 415g","p":5.02,"u":"12,10 €/KG","img":"https://fd5-photos.leclercdrive.fr/image.ashx?id=1560322&use=l&cat=p&typeid=i","cat":319774},{"id":64109,"n":"Fromage blanc Délisse 3.2%mg 12x100g","p":2.69,"u":"2,24 €/KG","img":"https://fd5-photos.leclercdrive.fr/image.ashx?id=3012848&use=l&cat=p&typeid=i","cat":284409},{"id":64141,"n":"Crème mains Neutrogena Absorption rapide - 2x75 ml","p":8.99,"u":"59,93 €/L","img":"https://fd5-photos.leclercdrive.fr/image.ashx?id=2023002&use=l&cat=p&typeid=i","cat":290424},{"id":64149,"n":"Pansements ampoules Compeed Format moyen - x5","p":5.99,"u":"1,20 €/P","img":"https://fd5-photos.leclercdrive.fr/image.ashx?id=2432794&use=l&cat=p&typeid=i","cat":290424},{"id":64164,"n":"Déodorant bille Vichy Anti-transpirant x2","p":12.53,"u":"125,30 €/L","img":"https://fd5-photos.leclercdrive.fr/image.ashx?id=1971638&use=l&cat=p&typeid=i","cat":301593},{"id":64165,"n":"Déodorant bille intensif Vichy Anti-transpirant 2x50ml","p":13.49,"u":"134,90 €/L","img":"https://fd5-photos.leclercdrive.fr/image.ashx?id=1971467&use=l&cat=p&typeid=i","cat":301593},{"id":64170,"n":"Surimi Petits Coraya Sauce mayonnaise  x21 - 210g","p":2.66,"u":"12,67 €/KG","img":"https://fd5-photos.leclercdrive.fr/image.ashx?id=2968880&use=l&cat=p&typeid=i","cat":285189},{"id":64174,"n":"Déodorant Physio La Roche Posay Aérosol - 24H - 2x150 ml","p":14.98,"u":"49,93 €/L","img":"https://fd5-photos.leclercdrive.fr/image.ashx?id=2087331&use=l&cat=p&typeid=i","cat":301593},{"id":64175,"n":"Déodorant aérosol Vichy Anti-transpirant - 2x125 ml","p":12.53,"u":"50,12 €/L","img":"https://fd5-photos.leclercdrive.fr/image.ashx?id=2148167&use=l&cat=p&typeid=i","cat":301593},{"id":64178,"n":"Gel moussant La Roche-Posay Purifiant - 400ml","p":11.8,"u":"29,50 €/L","img":"https://fd5-photos.leclercdrive.fr/image.ashx?id=2850557&use=l&cat=p&typeid=i","cat":301587},{"id":64181,"n":"Respectissime La Rose Posay Démaquillant yeux waterp. 125ml","p":13.87,"u":"110,96 €/L","img":"https://fd5-photos.leclercdrive.fr/image.ashx?id=2863160&use=l&cat=p&typeid=i","cat":301587},{"id":64191,"n":"Tomates cerises allongées Panier du Primeur - 250g","p":1.59,"u":"6,36 €/KG","img":"https://fd5-photos.leclercdrive.fr/image.ashx?id=2988099&use=l&cat=p&typeid=i","cat":284352},{"id":64195,"n":"Eau thermale La Roche Posay Peaux sensibles - 300 ml","p":7.9,"u":"26,33 €/L","img":"https://fd5-photos.leclercdrive.fr/image.ashx?id=1971623&use=l&cat=p&typeid=i","cat":301247},{"id":64201,"n":"Berocca Boost effervescent 30 comprimés","p":19.7,"u":"0,66 €/P","img":"https://fd5-photos.leclercdrive.fr/image.ashx?id=2861641&use=l&cat=p&typeid=i","cat":301264},{"id":64205,"n":"Dentifrice pâte Parodontax Protection gencives - 2x75ml","p":7.65,"img":"https://fd5-photos.leclercdrive.fr/image.ashx?id=2537078&use=l&cat=p&typeid=i","cat":290419},{"id":64207,"n":"Dentifrice gel Parodontax 2x75 ml","p":7.69,"u":"25,63 €/L","img":"https://fd5-photos.leclercdrive.fr/image.ashx?id=2536960&use=l&cat=p&typeid=i","cat":290419},{"id":64233,"n":"Gelules cheveux+ongles Forcapil 3 mois - 180 gel. + 60 offertes","p":22.49,"img":"https://fd5-photos.leclercdrive.fr/image.ashx?id=2881918&use=l&cat=p&typeid=i","cat":301266},{"id":64248,"n":"Nettoyant doux Abcderm Bioderma 1 L","p":10.96,"u":"10,96 €/L","img":"https://fd5-photos.leclercdrive.fr/image.ashx?id=2956403&use=l&cat=p&typeid=i","cat":290425},{"id":64284,"n":"Lait chèvre demi-écrémé Lactel UHT Bouteille - 6x50cl","p":9.16,"u":"3,05 €/L","img":"https://fd5-photos.leclercdrive.fr/image.ashx?id=2178049&use=l&cat=p&typeid=i","cat":295251},{"id":64295,"n":"Prodigieux huile douche Nuxe  Parfumée - 200ml","p":5.89,"u":"29,45 €/L","img":"https://fd5-photos.leclercdrive.fr/image.ashx?id=2651477&use=l&cat=p&typeid=i","cat":301591},{"id":64300,"n":"Huile prodigieuse Nuxe  Visage, corps, cheveux - 100ml","p":21.49,"u":"214,90 €/L","img":"https://fd5-photos.leclercdrive.fr/image.ashx?id=2651483&use=l&cat=p&typeid=i","cat":290422},{"id":64321,"n":"Serum physiologique Physiodose 40 x 5ml","p":2.15,"u":"10,75 €/L","img":"https://fd5-photos.leclercdrive.fr/image.ashx?id=2057197&use=l&cat=p&typeid=i","cat":290385},{"id":64341,"n":"Crème Bébé Klorane au Cold Cream - 125ml","p":9.47,"u":"75,76 €/L","img":"https://fd5-photos.leclercdrive.fr/image.ashx?id=2377307&use=l&cat=p&typeid=i","cat":290425},{"id":64381,"n":"Eau thermale Avène 300 ml","p":7.69,"u":"25,63 €/L","img":"https://fd5-photos.leclercdrive.fr/image.ashx?id=2788619&use=l&cat=p&typeid=i","cat":301247},{"id":64390,"n":"Brosse à dents kids Inava 2/6 ans - 1 pièce","p":3.29,"img":"https://fd5-photos.leclercdrive.fr/image.ashx?id=2377694&use=l&cat=p&typeid=i","cat":290418},{"id":64414,"n":"Bain de bouche Botot 150 ml","p":9.78,"u":"65,20 €/L","img":"https://fd5-photos.leclercdrive.fr/image.ashx?id=2378570&use=l&cat=p&typeid=i","cat":290416},{"id":64420,"n":"Crème au calendula Weleda visage + corps - 75 ml","p":6.23,"u":"83,07 €/L","img":"https://fd5-photos.leclercdrive.fr/image.ashx?id=2505633&use=l&cat=p&typeid=i","cat":290421},{"id":64462,"n":"Dos de Colin d'Alaska MSC Gimbert Océan 400g","p":5.88,"u":"14,70 €/KG","img":"https://fd5-photos.leclercdrive.fr/image.ashx?id=2875438&use=l&cat=p&typeid=i","cat":319786},{"id":64465,"n":"Anneaux de Calamars 400g","p":5.22,"u":"13,05 €/P","img":"https://fd5-photos.leclercdrive.fr/image.ashx?id=1901413&use=l&cat=p&typeid=i","cat":319787},{"id":64493,"n":"Liquide vaisselle Rainett Citron vert - 750ml","p":1.69,"u":"2,25 €/L","img":"https://fd5-photos.leclercdrive.fr/image.ashx?id=2293096&use=l&cat=p&typeid=i","cat":284655},{"id":64508,"n":"Dorade royale  300g","p":4.45,"u":"14,83 €/KG","img":"https://fd5-photos.leclercdrive.fr/image.ashx?id=619894&use=l&cat=p&typeid=i","cat":284342},{"id":64627,"n":"Coquilles Saint Jacques Tipiak Normandes - x4 - 360g","p":7.15,"u":"4,97 €/KG","img":"https://fd5-photos.leclercdrive.fr/image.ashx?id=2560825&use=l&cat=p&typeid=i","cat":319775},{"id":64630,"n":"Coquilles Saint Jacques Tipiak Fond de poireaux - 4x90g","p":7.69,"u":"21,36 €/KG","img":"https://fd5-photos.leclercdrive.fr/image.ashx?id=2560978&use=l&cat=p&typeid=i","cat":319775},{"id":64666,"n":"Gâteaux moelleux Kinder Délice Coeur lait enrobé Cacao - x10","p":3.18,"u":"8,15 €/KG","img":"https://fd5-photos.leclercdrive.fr/image.ashx?id=2832476&use=l&cat=p&typeid=i","cat":284495},{"id":64672,"n":"Cacahuètes  Benenuts Grillées à sec - 120g","p":1.01,"u":"8,42 €/KG","img":"https://fd5-photos.leclercdrive.fr/image.ashx?id=2397857&use=l&cat=p&typeid=i","cat":284448},{"id":64680,"n":"Soupe liquide Liebig Potiron Kiri Brique - 2x30cl","p":2.24,"u":"3,73 €/L","img":"https://fd5-photos.leclercdrive.fr/image.ashx?id=2892136&use=l&cat=p&typeid=i","cat":284462},{"id":64684,"n":"Soupe liquide brique Liebig  Légumes façon Poêlée - 2x30cl","p":2.4,"u":"4,00 €/L","img":"https://fd5-photos.leclercdrive.fr/image.ashx?id=2598073&use=l&cat=p&typeid=i","cat":284462},{"id":64685,"n":"Soupe liquide Liebig  Potiron - 2x30cl","p":1.9,"u":"3,17 €/L","img":"https://fd5-photos.leclercdrive.fr/image.ashx?id=2369915&use=l&cat=p&typeid=i","cat":284462},{"id":64686,"n":"Soupe liquide brique Liebig  Velouté légumes soleil - 2x30cl","p":2.02,"u":"3,37 €/L","img":"https://fd5-photos.leclercdrive.fr/image.ashx?id=2203382&use=l&cat=p&typeid=i","cat":284462},{"id":64692,"n":"Chocolat Pâtissier Nestlé Dessert - Noir corsé - 200g","p":2.88,"u":"14,40 €/KG","img":"https://fd5-photos.leclercdrive.fr/image.ashx?id=2889895&use=l&cat=p&typeid=i","cat":285562},{"id":64749,"n":"Biscuit chocolat lait GERBLE  Fondant lait, sans sucre - 126g","p":3.35,"u":"26,59 €/KG","img":"https://fd5-photos.leclercdrive.fr/image.ashx?id=2664028&use=l&cat=p&typeid=i","cat":318653},{"id":64821,"n":"Agenda L'Etudiant 2025-2026 1 jour/page - 352p - 150x200cm","p":6.95,"img":"https://fd5-photos.leclercdrive.fr/image.ashx?id=2960747&use=l&cat=p&typeid=i","cat":334133},{"id":64889,"n":"Végétal Nuggets Garden Gourmet Soja et Blé 200g","p":2.31,"u":"11,55 €/KG","img":"https://fd5-photos.leclercdrive.fr/image.ashx?id=2963967&use=l&cat=p&typeid=i","cat":316036},{"id":64890,"n":"Bouchée Grillée Garden Gourmet Soja et Blé 175g","p":2.64,"u":"15,09 €/KG","img":"https://fd5-photos.leclercdrive.fr/image.ashx?id=2971392&use=l&cat=p&typeid=i","cat":316036},{"id":64897,"n":"Tortellini à poêler Lustucru Jambon emmental - 300g","p":1.98,"u":"6,60 €/KG","img":"https://fd5-photos.leclercdrive.fr/image.ashx?id=2792393&use=l&cat=p&typeid=i","cat":333682},{"id":64910,"n":"Secret de mousse La Laitière Citron - 4x59g","p":1.78,"u":"7,54 €/KG","img":"https://fd5-photos.leclercdrive.fr/image.ashx?id=2616532&use=l&cat=p&typeid=i","cat":284417},{"id":64936,"n":"Collants Body Touch Dim Voile noir - Taille 4","p":5.91,"img":"https://fd5-photos.leclercdrive.fr/image.ashx?id=2876086&use=l&cat=p&typeid=i","cat":334130},{"id":64940,"n":"Collants Sublim brillant Dim Gazelle - Taille 1","p":5.4,"img":"https://fd5-photos.leclercdrive.fr/image.ashx?id=2018589&use=l&cat=p&typeid=i","cat":334130},{"id":64941,"n":"Collants Sublim brillant Dim Gazelle - Taille 2","p":5.4,"img":"https://fd5-photos.leclercdrive.fr/image.ashx?id=2183440&use=l&cat=p&typeid=i","cat":334130},{"id":64942,"n":"Colllants Sublim brillant Dim Gazelle - Taille 3","p":5.4,"img":"https://fd5-photos.leclercdrive.fr/image.ashx?id=2183443&use=l&cat=p&typeid=i","cat":334130},{"id":64943,"n":"Collants Sublim brillant Dim Gazelle - Taille 4","p":5.4,"img":"https://fd5-photos.leclercdrive.fr/image.ashx?id=2183446&use=l&cat=p&typeid=i","cat":334130},{"id":64964,"n":"Eau minérale gazeuse Quezac 6x1.15L","p":2.7,"u":"0,39 €/L","img":"https://fd5-photos.leclercdrive.fr/image.ashx?id=2975341&use=l&cat=p&typeid=i","cat":284536},{"id":64980,"n":"Parmentier de canard  Maison Tino - 750g","p":6.9,"u":"9,20 €/KG","img":"https://fd5-photos.leclercdrive.fr/image.ashx?id=2554656&use=l&cat=p&typeid=i","cat":333666},{"id":64984,"n":"Lasagne de Boeuf  Maison Tino - 900g","p":7.24,"u":"8,04 €/KG","img":"https://fd5-photos.leclercdrive.fr/image.ashx?id=2681829&use=l&cat=p&typeid=i","cat":333666},{"id":64985,"n":"Galettes Maison Tino-Oignons Pommes de terre + lardons x4","p":5.4,"u":"12,27 €/KG","img":"https://fd5-photos.leclercdrive.fr/image.ashx?id=1793409&use=l&cat=p&typeid=i","cat":333671},{"id":64997,"n":"Cap corse rouge 15° Mattei 75cl","p":16.95,"u":"22,60 €/L","img":"https://fd5-photos.leclercdrive.fr/image.ashx?id=2360683&use=l&cat=p&typeid=i","cat":304569},{"id":64998,"n":"Cap corse blanc 15° mattei","p":16.95,"u":"22,60 €/L","img":"https://fd5-photos.leclercdrive.fr/image.ashx?id=2360686&use=l&cat=p&typeid=i","cat":304569},{"id":65013,"n":"AIRWICK Spray Désodorisant  Pure Rafraichissant - 250ml","p":4.65,"u":"18,60 €/L","img":"https://fd5-photos.leclercdrive.fr/image.ashx?id=2962011&use=l&cat=p&typeid=i","cat":311626},{"id":65033,"n":"Dosettes Café Carte Noire  Arabica Corsé n°7 - x60 - 420g","p":9.08,"u":"21,62 €/KG","img":"https://fd5-photos.leclercdrive.fr/image.ashx?id=2922176&use=l&cat=p&typeid=i","cat":293238},{"id":65044,"n":"Biscuits petit déjeuner Belvita Miel & pépites chocolat - 435g","p":2.47,"u":"5,68 €/KG","img":"https://fd5-photos.leclercdrive.fr/image.ashx?id=2989441&use=l&cat=p&typeid=i","cat":284491},{"id":65048,"n":"Barres céréales Grany Fraises framboises - 108g","p":1.84,"u":"17,04 €/KG","img":"https://fd5-photos.leclercdrive.fr/image.ashx?id=2834350&use=l&cat=p&typeid=i","cat":285869},{"id":65257,"n":"Collants Diam's Dim Ventre plat Noir - Taille 4","p":9.85,"img":"https://fd5-photos.leclercdrive.fr/image.ashx?id=2636808&use=l&cat=p&typeid=i","cat":334130},{"id":65281,"n":"Mi-bas sublim Dim Gazelle T35/41 x2","p":6.72,"img":"https://fd5-photos.leclercdrive.fr/image.ashx?id=2176647&use=l&cat=p&typeid=i","cat":334130},{"id":65290,"n":"Socquettes sublim Dim  Capri T35/41 x2","p":4.86,"img":"https://fd5-photos.leclercdrive.fr/image.ashx?id=2176653&use=l&cat=p&typeid=i","cat":334130},{"id":65336,"n":"Café dosettes Tassimo L'Or Espresso Splendente x16","p":4.95,"u":"44,20 €/KG","img":"https://fd5-photos.leclercdrive.fr/image.ashx?id=2853404&use=l&cat=p&typeid=i","cat":293240},{"id":65337,"n":"Epices pour fajitas Old El Paso doux - 30g","p":1.26,"u":"42,00 €/KG","img":"https://fd5-photos.leclercdrive.fr/image.ashx?id=2737702&use=l&cat=p&typeid=i","cat":288993},{"id":65341,"n":"Bonbons LUTTI Koala Guimauve Chocolat - 185g","p":1.66,"u":"8,97 €/KG","img":"https://fd5-photos.leclercdrive.fr/image.ashx?id=2806147&use=l&cat=p&typeid=i","cat":304250},{"id":65342,"n":"Bonbons LUTTI Surffizz Piquants Fruits - 200g","p":1.29,"u":"6,45 €/KG","img":"https://fd5-photos.leclercdrive.fr/image.ashx?id=2806144&use=l&cat=p&typeid=i","cat":304250},{"id":65366,"n":"Bière blonde Affligem Pack 6.7% vol. - 20x25cl","p":14.14,"u":"2,83 €/L","img":"https://fd5-photos.leclercdrive.fr/image.ashx?id=2774274&use=l&cat=p&typeid=i","cat":334852},{"id":65400,"n":"Légumes grillés d'Italie Magda Poivrons - 1kg","p":7.97,"u":"7,97 €/KG","img":"https://fd5-photos.leclercdrive.fr/image.ashx?id=2092043&use=l&cat=p&typeid=i","cat":319805},{"id":65401,"n":"Légumes grillés d'Italie Magda Courgettes - 1kg","p":7.04,"u":"7,04 €/KG","img":"https://fd5-photos.leclercdrive.fr/image.ashx?id=2092046&use=l&cat=p&typeid=i","cat":319805},{"id":65402,"n":"Légumes grillés d'Italie Magda Aubergines - 1kg","p":4.19,"u":"4,19 €/KG","img":"https://fd5-photos.leclercdrive.fr/image.ashx?id=2092040&use=l&cat=p&typeid=i","cat":319805},{"id":65426,"n":"Olives dénoyautées Croc Frais Méditerranéenne - 500g","p":3.8,"u":"7,60 €/KG","img":"https://fd5-photos.leclercdrive.fr/image.ashx?id=2589416&use=l&cat=p&typeid=i","cat":316002},{"id":65665,"n":"Mini cônes Milka x8 - 140g","p":3.38,"u":"24,14 €/KG","img":"https://fd5-photos.leclercdrive.fr/image.ashx?id=1989618&use=l&cat=p&typeid=i","cat":284264},{"id":65768,"n":"Croûtons crispy oignons   - 80g","p":2.39,"u":"29,88 €/KG","img":"https://fd5-photos.leclercdrive.fr/image.ashx?id=2800666&use=l&cat=p&typeid=i","cat":284464},{"id":65769,"n":"Croûtons  Original - 80g","p":2.21,"u":"27,63 €/KG","img":"https://fd5-photos.leclercdrive.fr/image.ashx?id=2800672&use=l&cat=p&typeid=i","cat":284464},{"id":65770,"n":"Croûtons  mediterraneens - 80g","p":2.21,"u":"27,63 €/KG","img":"https://fd5-photos.leclercdrive.fr/image.ashx?id=2774030&use=l&cat=p&typeid=i","cat":284464},{"id":65772,"n":"Croûtons  Caesar  - 80g","p":2.38,"u":"29,75 €/KG","img":"https://fd5-photos.leclercdrive.fr/image.ashx?id=2774706&use=l&cat=p&typeid=i","cat":284464},{"id":65837,"n":"Gel lavant bébé Natessance bio Naturel - 500ml","p":5.99,"u":"11,98 €/L","img":"https://fd5-photos.leclercdrive.fr/image.ashx?id=2734990&use=l&cat=p&typeid=i","cat":290425},{"id":65873,"n":"Shampooing apaisant Bioderma 400ml","p":8.95,"u":"22,38 €/L","img":"https://fd5-photos.leclercdrive.fr/image.ashx?id=2956400&use=l&cat=p&typeid=i","cat":290400},{"id":65876,"n":"Shampooing Nodé K Bioderma 150ml","p":11.39,"u":"75,93 €/L","img":"https://fd5-photos.leclercdrive.fr/image.ashx?id=2086066&use=l&cat=p&typeid=i","cat":290400},{"id":65900,"n":"Caramel La Pateliere  Bio liquide - 250ml","p":2.49,"u":"9,96 €/KG","img":"https://fd5-photos.leclercdrive.fr/image.ashx?id=1640789&use=l&cat=p&typeid=i","cat":284504},{"id":65904,"n":"Liniment Mots d'Enfants 500ml","p":3.9,"u":"7,80 €/L","img":"https://fd5-photos.leclercdrive.fr/image.ashx?id=3014248&use=l&cat=p&typeid=i","cat":284741},{"id":65926,"n":"Guacamole Extra l'Atelier Blini 175g","p":3.2,"u":"18,29 €/KG","img":"https://fd5-photos.leclercdrive.fr/image.ashx?id=2852504&use=l&cat=p&typeid=i","cat":315999},{"id":65944,"n":"IGP Pruneaux d'Agen  Maison Roucadil - 500g","p":4.66,"u":"9,32 €/KG","img":"https://fd5-photos.leclercdrive.fr/image.ashx?id=2213859&use=l&cat=p&typeid=i","cat":284357},{"id":65950,"n":"Gel toilette intime Doulys 200ml","p":2.47,"u":"12,35 €/L","img":"https://fd5-photos.leclercdrive.fr/image.ashx?id=1703245&use=l&cat=p&typeid=i","cat":284627},{"id":65970,"n":"Crème légère fluide Bridélice 12%MG - 3x20cl","p":2.35,"u":"3,92 €/L","img":"https://fd5-photos.leclercdrive.fr/image.ashx?id=2904736&use=l&cat=p&typeid=i","cat":284381},{"id":65972,"n":"Poires Douceur du Verger Sirop léger - 225 g","p":1.32,"u":"5,87 €/KG","img":"https://fd5-photos.leclercdrive.fr/image.ashx?id=2783017&use=l&cat=p&typeid=i","cat":284507},{"id":65973,"n":"Abricots Douceur du Verger Sirop léger - 235 g","p":1.44,"u":"6,13 €/KG","img":"https://fd5-photos.leclercdrive.fr/image.ashx?id=2622891&use=l&cat=p&typeid=i","cat":284507},{"id":66024,"n":"Dermoliquide émulsion Saugella 500ml","p":8.23,"u":"16,46 €/L","img":"https://fd5-photos.leclercdrive.fr/image.ashx?id=2086135&use=l&cat=p&typeid=i","cat":301348},{"id":66029,"n":"Déodorant bille La Roche Posay Physiologique - 50ml","p":7.98,"u":"159,60 €/L","img":"https://fd5-photos.leclercdrive.fr/image.ashx?id=2128878&use=l&cat=p&typeid=i","cat":301593},{"id":66032,"n":"Déodorant bille Vichy Anti-transpirant intensif -50ml","p":7.9,"u":"158,00 €/L","img":"https://fd5-photos.leclercdrive.fr/image.ashx?id=1971464&use=l&cat=p&typeid=i","cat":301593},{"id":66075,"n":"Bière blanche Bio Jade 4.5%vol - 6x25cl","p":5.86,"u":"3,91 €/L","img":"https://fd5-photos.leclercdrive.fr/image.ashx?id=2491493&use=l&cat=p&typeid=i","cat":334878},{"id":66076,"n":"Bière ambrée Bio Jade  4.5%vol - 6x25cl","p":4.92,"u":"3,28 €/L","img":"https://fd5-photos.leclercdrive.fr/image.ashx?id=2518154&use=l&cat=p&typeid=i","cat":334852},{"id":66245,"n":"Bougies d'anniversaire Vahiné Roses - blister de 16 bougies","p":1.42,"u":"0,09 €/P","img":"https://fd5-photos.leclercdrive.fr/image.ashx?id=1209488&use=l&cat=p&typeid=i","cat":284504},{"id":66266,"n":"Brioche tranchée Pasquier Tranches gourmandes - 450g","p":2.16,"u":"4,80 €/KG","img":"https://fd5-photos.leclercdrive.fr/image.ashx?id=2850940&use=l&cat=p&typeid=i","cat":284478},{"id":66279,"n":"Roquefort AOP Les croisés - 32%mg - 100g","p":2.15,"u":"21,50 €/KG","img":"https://fd5-photos.leclercdrive.fr/image.ashx?id=2562885&use=l&cat=p&typeid=i","cat":314032},{"id":66282,"n":"Bresaola Saint-Azay 7 tranches - 70g","p":2.99,"u":"42,71 €/KG","img":"https://fd5-photos.leclercdrive.fr/image.ashx?id=2946460&use=l&cat=p&typeid=i","cat":316007},{"id":66284,"n":"Saucisson sec Saint-Azay 30 tranches - 100g","p":1.43,"u":"14,30 €/KG","img":"https://fd5-photos.leclercdrive.fr/image.ashx?id=2907213&use=l&cat=p&typeid=i","cat":316007},{"id":66293,"n":"Eau aromatisée Volvic juicy jus de fraise - 6x50cl","p":4.62,"u":"1,54 €/L","img":"https://fd5-photos.leclercdrive.fr/image.ashx?id=2961996&use=l&cat=p&typeid=i","cat":284537},{"id":66356,"n":"Café Soluble Nescafé  Cappuccino Classique - 280g","p":4.24,"u":"15,14 €/KG","img":"https://fd5-photos.leclercdrive.fr/image.ashx?id=2918044&use=l&cat=p&typeid=i","cat":284843},{"id":66359,"n":"Café moulu Jacques Vabre Colombie 100% Arabica - 250g","p":4.17,"u":"16,68 €/KG","img":"https://fd5-photos.leclercdrive.fr/image.ashx?id=2570754&use=l&cat=p&typeid=i","cat":284750},{"id":66366,"n":"Déodorant compressé Sanex  Zéro % Extra control - 100ml","p":3.61,"u":"36,10 €/L","img":"https://fd5-photos.leclercdrive.fr/image.ashx?id=2664274&use=l&cat=p&typeid=i","cat":284618},{"id":66368,"n":"Déodorant sanex zéro % spray  compressé peau sensible - 100ml","p":3.0,"u":"30,00 €/L","img":"https://fd5-photos.leclercdrive.fr/image.ashx?id=2692851&use=l&cat=p&typeid=i","cat":284618},{"id":66369,"n":"Déodorant Nivea Fresh natural - 150ml","p":2.44,"u":"16,27 €/L","img":"https://fd5-photos.leclercdrive.fr/image.ashx?id=3005221&use=l&cat=p&typeid=i","cat":284618},{"id":66417,"n":"Biscuits Mikado LU Chocolat au lait - 300g","p":4.46,"u":"14,87 €/KG","img":"https://fd5-photos.leclercdrive.fr/image.ashx?id=2347284&use=l&cat=p&typeid=i","cat":284488},{"id":66418,"n":"Biscuits Oreo Vanille - 220g","p":1.9,"u":"8,64 €/KG","img":"https://fd5-photos.leclercdrive.fr/image.ashx?id=2324285&use=l&cat=p&typeid=i","cat":284488},{"id":66527,"n":"Fromage Le Vieux Pané Finement typé - 200g","p":2.78,"u":"13,90 €/KG","img":"https://fd5-photos.leclercdrive.fr/image.ashx?id=2770380&use=l&cat=p&typeid=i","cat":329558},{"id":66555,"n":"Café moulu Bio Village Bio Ethiopie - 250g","p":4.35,"u":"17,40 €/KG","img":"https://fd5-photos.leclercdrive.fr/image.ashx?id=2468876&use=l&cat=p&typeid=i","cat":284750},{"id":66570,"n":"Glace Extrême Nestle Vanille chocolat - 544g","p":4.84,"u":"484,00 €/L","img":"https://fd5-photos.leclercdrive.fr/image.ashx?id=2375403&use=l&cat=p&typeid=i","cat":284264},{"id":66651,"n":"Doonuts nappés St Michel 180g","p":1.54,"u":"8,56 €/KG","img":"https://fd5-photos.leclercdrive.fr/image.ashx?id=2928495&use=l&cat=p&typeid=i","cat":284495},{"id":66739,"n":"Petits Pots  - P'tite Recette  Paëlla - dès 12 mois - 2x200g","p":2.12,"u":"5,30 €/KG","img":"https://fd5-photos.leclercdrive.fr/image.ashx?id=2525693&use=l&cat=p&typeid=i","cat":312237},{"id":66746,"n":"Tomme de brebis Lou Pérac Fromage de brebis - 200g","p":3.77,"u":"18,85 €/KG","img":"https://fd5-photos.leclercdrive.fr/image.ashx?id=2758840&use=l&cat=p&typeid=i","cat":329184},{"id":66747,"n":"Ma Crème anglaise Bridélice UHT - 50cl","p":1.78,"u":"3,56 €/L","img":"https://fd5-photos.leclercdrive.fr/image.ashx?id=2643086&use=l&cat=p&typeid=i","cat":284382},{"id":66751,"n":"Boisson à l'amande Végé 1L Végé - 200g","p":1.85,"u":"1,85 €/L","img":"https://fd5-photos.leclercdrive.fr/image.ashx?id=2874699&use=l&cat=p&typeid=i","cat":316067},{"id":66752,"n":"Boisson au riz Végé 1L Végé - 200g","p":1.55,"u":"1,55 €/L","img":"https://fd5-photos.leclercdrive.fr/image.ashx?id=2896030&use=l&cat=p&typeid=i","cat":316067},{"id":66754,"n":"Boisson a l'avoine Végé 1L Végé - 200g","p":1.47,"u":"1,47 €/L","img":"https://fd5-photos.leclercdrive.fr/image.ashx?id=2869501&use=l&cat=p&typeid=i","cat":316067},{"id":66755,"n":"Boisson à la noisette Végé 1L Végé - 200g","p":1.79,"u":"1,79 €/L","img":"https://fd5-photos.leclercdrive.fr/image.ashx?id=2869504&use=l&cat=p&typeid=i","cat":316067},{"id":66757,"n":"Soja cuisine Bio Bio Village Végétal - 25cl","p":0.95,"u":"3,80 €/L","img":"https://fd5-photos.leclercdrive.fr/image.ashx?id=2791060&use=l&cat=p&typeid=i","cat":316069},{"id":66758,"n":"Crèpes moelleuse sucrée Bio Bio Village x8 - 200g","p":2.59,"u":"12,95 €/KG","img":"https://fd5-photos.leclercdrive.fr/image.ashx?id=1190062&use=l&cat=p&typeid=i","cat":284494},{"id":66764,"n":"Olives Couleur Vives A l'oriental - 150g","p":1.99,"u":"13,27 €/KG","img":"https://fd5-photos.leclercdrive.fr/image.ashx?id=2601289&use=l&cat=p&typeid=i","cat":316002},{"id":66767,"n":"Olives Couleurs Vives A la provençal - 150g","p":1.99,"u":"13,27 €/KG","img":"https://fd5-photos.leclercdrive.fr/image.ashx?id=2601292&use=l&cat=p&typeid=i","cat":316002},{"id":66785,"n":"Biscuits Nat&Vie Soja/figue 200g","p":1.26,"u":"6,30 €/KG","img":"https://fd5-photos.leclercdrive.fr/image.ashx?id=2460619&use=l&cat=p&typeid=i","cat":318651},{"id":66787,"n":"Biscuits Nat&Vie  Chocolat - 200g","p":1.07,"u":"5,35 €/KG","img":"https://fd5-photos.leclercdrive.fr/image.ashx?id=2460616&use=l&cat=p&typeid=i","cat":318651},{"id":66793,"n":"Biscuits Nat&Vie Sésame - 200g","p":1.15,"u":"5,75 €/KG","img":"https://fd5-photos.leclercdrive.fr/image.ashx?id=2390428&use=l&cat=p&typeid=i","cat":318651},{"id":66794,"n":"Biscuits Nat&Vie Soja/orange - 200g","p":0.96,"u":"4,80 €/KG","img":"https://fd5-photos.leclercdrive.fr/image.ashx?id=2460613&use=l&cat=p&typeid=i","cat":318651},{"id":66803,"n":"Biscuits Nutella B-ready Cacao noisettes - 330g","p":3.8,"u":"11,52 €/KG","img":"https://fd5-photos.leclercdrive.fr/image.ashx?id=2770599&use=l&cat=p&typeid=i","cat":284488},{"id":66804,"n":"Biscuits Nutella B-ready Cacao Noisettes - 220g","p":2.72,"u":"12,36 €/KG","img":"https://fd5-photos.leclercdrive.fr/image.ashx?id=2630784&use=l&cat=p&typeid=i","cat":284488},{"id":66809,"n":"Gousses vanille Vahiné  3g","p":4.04,"img":"https://fd5-photos.leclercdrive.fr/image.ashx?id=2524314&use=l&cat=p&typeid=i","cat":284504},{"id":66811,"n":"Tablette de chocolat Côte d'Or Lait Noisettes - 2x180g","p":6.83,"u":"18,97 €/KG","img":"https://fd5-photos.leclercdrive.fr/image.ashx?id=2850231&use=l&cat=p&typeid=i","cat":284497},{"id":66823,"n":"Biscuits petit déjeuner Belvita Miel & pépites chocolat - 650g","p":3.61,"u":"5,55 €/KG","img":"https://fd5-photos.leclercdrive.fr/image.ashx?id=2345487&use=l&cat=p&typeid=i","cat":284491},{"id":66834,"n":"Gel coiffant Vitanove Fixation extrême - 250ml","p":1.62,"u":"6,48 €/L","img":"https://fd5-photos.leclercdrive.fr/image.ashx?id=2824704&use=l&cat=p&typeid=i","cat":284609},{"id":66837,"n":"Gel coiffant Vitanove  Fixation extra forte - 250ml","p":1.29,"u":"5,16 €/L","img":"https://fd5-photos.leclercdrive.fr/image.ashx?id=2836325&use=l&cat=p&typeid=i","cat":284609},{"id":66838,"n":"Gel coiffant Vitanove  Fixation béton - 250ml","p":1.61,"u":"6,44 €/L","img":"https://fd5-photos.leclercdrive.fr/image.ashx?id=2823087&use=l&cat=p&typeid=i","cat":284609},{"id":66841,"n":"Déodorant bille Manava Grenade - 50ml","p":0.99,"u":"19,80 €/L","img":"https://fd5-photos.leclercdrive.fr/image.ashx?id=2481234&use=l&cat=p&typeid=i","cat":284595},{"id":66843,"n":"Bandes de cire froide Siliss Visage - x32","p":2.19,"u":"0,07 €/P","img":"https://fd5-photos.leclercdrive.fr/image.ashx?id=2699708&use=l&cat=p&typeid=i","cat":325351},{"id":66844,"n":"Bandes de cire froide Siliss Jambes - x20","p":2.3,"u":"0,12 €/P","img":"https://fd5-photos.leclercdrive.fr/image.ashx?id=2842316&use=l&cat=p&typeid=i","cat":325351},{"id":66849,"n":"Dessert bébé lacté Blédina 6m Banane - 6x55g","p":2.11,"u":"6,39 €/KG","img":"https://fd5-photos.leclercdrive.fr/image.ashx?id=2952454&use=l&cat=p&typeid=i","cat":312392},{"id":66953,"n":"Désodorisant Sanytol Désinfectant - 500ml","p":4.02,"u":"8,04 €/L","img":"https://fd5-photos.leclercdrive.fr/image.ashx?id=2958842&use=l&cat=p&typeid=i","cat":290451},{"id":66965,"n":"Matière grasse Primevere Oméga 3 - 55% - 500g","p":2.82,"u":"5,64 €/KG","img":"https://fd5-photos.leclercdrive.fr/image.ashx?id=2939328&use=l&cat=p&typeid=i","cat":315229},{"id":66967,"n":"Matière grasse Primevere 63%MG - oméga 3 - 500g","p":3.23,"u":"6,46 €/KG","img":"https://fd5-photos.leclercdrive.fr/image.ashx?id=2936044&use=l&cat=p&typeid=i","cat":315229},{"id":66968,"n":"Beurre tendre Président Doux - 82% MG - 250g","p":2.84,"u":"11,36 €/KG","img":"https://fd5-photos.leclercdrive.fr/image.ashx?id=2811944&use=l&cat=p&typeid=i","cat":284379},{"id":66969,"n":"Pommes de terre Notre Jardin En lamelle - 500g","p":1.38,"u":"2,76 €/KG","img":"https://fd5-photos.leclercdrive.fr/image.ashx?id=2670335&use=l&cat=p&typeid=i","cat":284352},{"id":66974,"n":"Quart de jambon sec Saint Azay 18 tranches - 220g","p":2.84,"u":"12,91 €/KG","img":"https://fd5-photos.leclercdrive.fr/image.ashx?id=2874386&use=l&cat=p&typeid=i","cat":316007},{"id":66977,"n":"Quenelles Bio Bio Village 320g","p":3.49,"u":"10,91 €/KG","img":"https://fd5-photos.leclercdrive.fr/image.ashx?id=2607963&use=l&cat=p&typeid=i","cat":333682},{"id":66982,"n":"Truite eau douce Ronde des Mers x4 tranches - 100g","p":3.24,"u":"32,40 €/KG","img":"https://fd5-photos.leclercdrive.fr/image.ashx?id=2981882&use=l&cat=p&typeid=i","cat":285188},{"id":66985,"n":"Roulés au fromage Côté Table x2 - 260g","p":2.32,"u":"8,92 €/KG","img":"https://fd5-photos.leclercdrive.fr/image.ashx?id=2794838&use=l&cat=p&typeid=i","cat":333671},{"id":66989,"n":"Yaourt bifidus Activia céréales noix - 4x120g","p":1.9,"u":"3,96 €/KG","img":"https://fd5-photos.leclercdrive.fr/image.ashx?id=2901623&use=l&cat=p&typeid=i","cat":315000},{"id":66990,"n":"Yaourt bifidus Activia céréales muesli - 4x120g","p":1.85,"u":"3,85 €/KG","img":"https://fd5-photos.leclercdrive.fr/image.ashx?id=2901620&use=l&cat=p&typeid=i","cat":315000},{"id":67041,"n":"AOP Côtes de Provence rosé Bio Nos Racines - 75cl","p":11.38,"u":"15,17 €/L","img":"https://fd5-photos.leclercdrive.fr/image.ashx?id=2322989&use=l&cat=p&typeid=i","cat":289558},{"id":67042,"n":"Vin du Chili rouge Cabernet Sauvignon Gato Negro 75cl","p":4.12,"u":"5,49 €/L","img":"https://fd5-photos.leclercdrive.fr/image.ashx?id=2846168&use=l&cat=p&typeid=i","cat":289556},{"id":67065,"n":"Concombre Noa 1 pièce","p":0.99,"img":"https://fd5-photos.leclercdrive.fr/image.ashx?id=1948119&use=l&cat=p&typeid=i","cat":284352},{"id":67090,"n":"Soupe Doux Plaisir Liebig  Légumes et kiri - 1L","p":2.7,"u":"2,70 €/L","img":"https://fd5-photos.leclercdrive.fr/image.ashx?id=2186706&use=l&cat=p&typeid=i","cat":284462},{"id":67091,"n":"Soupe Liquide Bio Liebig Mouliné de Légumes Brique - 1L","p":2.87,"u":"2,87 €/L","img":"https://fd5-photos.leclercdrive.fr/image.ashx?id=2939202&use=l&cat=p&typeid=i","cat":284462},{"id":67143,"n":"Quatro de graines Daco Bello Grillées - Non salées - 175g","p":4.33,"u":"24,74 €/KG","img":"https://fd5-photos.leclercdrive.fr/image.ashx?id=2298544&use=l&cat=p&typeid=i","cat":284357},{"id":67150,"n":"Croustilles Belin Emmental - 4x138g","p":4.63,"u":"8,39 €/KG","img":"https://fd5-photos.leclercdrive.fr/image.ashx?id=2539025&use=l&cat=p&typeid=i","cat":284449},{"id":67151,"n":"Croustilles Belin Cacahuète - 4x138g","p":4.64,"u":"8,41 €/KG","img":"https://fd5-photos.leclercdrive.fr/image.ashx?id=2940477&use=l&cat=p&typeid=i","cat":284449},{"id":67155,"n":"Tablette de chocolat noir Lindt Orange intense - 2x100g","p":4.76,"u":"23,80 €/KG","img":"https://fd5-photos.leclercdrive.fr/image.ashx?id=2153273&use=l&cat=p&typeid=i","cat":284956},{"id":67168,"n":"Yaourt à boire Actimel fruits pêche gelée royale - 12x100g","p":4.89,"u":"4,08 €/KG","img":"https://fd5-photos.leclercdrive.fr/image.ashx?id=2996473&use=l&cat=p&typeid=i","cat":284415},{"id":67178,"n":"yaourt aux fruits jaunes danone recette crémeuse - 8x125g","p":3.16,"u":"3,16 €/KG","img":"https://fd5-photos.leclercdrive.fr/image.ashx?id=1987401&use=l&cat=p&typeid=i","cat":284410},{"id":67378,"n":"Sirop Eco+ Grenadine - 1L","p":1.71,"u":"1,71 €/L","img":"https://fd5-photos.leclercdrive.fr/image.ashx?id=2901419&use=l&cat=p&typeid=i","cat":295020},{"id":67392,"n":"Boisson aux fruits gazeuses Pulpe orange - 1,5L","p":1.17,"u":"0,78 €/L","img":"https://fd5-photos.leclercdrive.fr/image.ashx?id=2754198&use=l&cat=p&typeid=i","cat":284532},{"id":67393,"n":"Beurre gastronomique Président Doux - 82% MG - 250g","p":2.54,"u":"10,16 €/KG","img":"https://fd5-photos.leclercdrive.fr/image.ashx?id=3011104&use=l&cat=p&typeid=i","cat":284379},{"id":67421,"n":"Soupe Bio Mouliné Knorr Légumes du potager - 1L","p":3.1,"u":"3,10 €/L","img":"https://fd5-photos.leclercdrive.fr/image.ashx?id=2312578&use=l&cat=p&typeid=i","cat":284462},{"id":67459,"n":"Haricots blancs Eco+ 530g","p":0.95,"u":"1,79 €/KG","img":"https://fd5-photos.leclercdrive.fr/image.ashx?id=3003717&use=l&cat=p&typeid=i","cat":312606},{"id":67460,"n":"Champignons Pieds morceaux - 460g","p":1.42,"u":"3,09 €/KG","img":"https://fd5-photos.leclercdrive.fr/image.ashx?id=3014338&use=l&cat=p&typeid=i","cat":312610},{"id":67522,"n":"Chili con carne Côté Table Au piment de Cayenne - 400g","p":1.65,"u":"4,13 €/KG","img":"https://fd5-photos.leclercdrive.fr/image.ashx?id=2977174&use=l&cat=p&typeid=i","cat":325094},{"id":67568,"n":"Curry moulu Rustica 42g","p":0.55,"u":"13,10 €/KG","img":"https://fd5-photos.leclercdrive.fr/image.ashx?id=2772975&use=l&cat=p&typeid=i","cat":298297},{"id":67569,"n":"Oignon semoule Rustica Déshydraté - 30g","p":0.99,"u":"33,00 €/KG","img":"https://fd5-photos.leclercdrive.fr/image.ashx?id=2772978&use=l&cat=p&typeid=i","cat":298297},{"id":67570,"n":"Poivre noir moulu Rustica Indonésie - 38g","p":0.81,"u":"21,32 €/KG","img":"https://fd5-photos.leclercdrive.fr/image.ashx?id=2797793&use=l&cat=p&typeid=i","cat":284457},{"id":67571,"n":"Poivre noir Rustica Moulin - 28g","p":1.22,"u":"43,57 €/KG","img":"https://fd5-photos.leclercdrive.fr/image.ashx?id=2932674&use=l&cat=p&typeid=i","cat":284457},{"id":67572,"n":"Ciboulette Rustica 4g","p":0.43,"u":"107,50 €/KG","img":"https://fd5-photos.leclercdrive.fr/image.ashx?id=2772990&use=l&cat=p&typeid=i","cat":298297},{"id":67573,"n":"Cumin moulu Rustica 32g","p":0.59,"u":"18,44 €/KG","img":"https://fd5-photos.leclercdrive.fr/image.ashx?id=2772963&use=l&cat=p&typeid=i","cat":298297},{"id":67585,"n":"Baby Carottes 450g","p":3.32,"u":"7,38 €/KG","img":"https://fd5-photos.leclercdrive.fr/image.ashx?id=2786498&use=l&cat=p&typeid=i","cat":284352},{"id":67620,"n":"Persil Rustica 5g","p":0.39,"u":"78,00 €/KG","img":"https://fd5-photos.leclercdrive.fr/image.ashx?id=2772969&use=l&cat=p&typeid=i","cat":298297},{"id":67621,"n":"Paprika doux moulu Rustica  40g","p":0.49,"u":"12,25 €/KG","img":"https://fd5-photos.leclercdrive.fr/image.ashx?id=2772966&use=l&cat=p&typeid=i","cat":298297},{"id":67622,"n":"Thym Rustica 14g","p":0.4,"u":"28,57 €/KG","img":"https://fd5-photos.leclercdrive.fr/image.ashx?id=2797784&use=l&cat=p&typeid=i","cat":298297},{"id":67651,"n":"Poivre Noir moulu Bio Village Bio  - 38g","p":1.99,"u":"52,37 €/KG","img":"https://fd5-photos.leclercdrive.fr/image.ashx?id=2706538&use=l&cat=p&typeid=i","cat":284457},{"id":67652,"n":"Poivre gris moulu Flacon - 36g","p":1.11,"u":"30,83 €/KG","img":"https://fd5-photos.leclercdrive.fr/image.ashx?id=2797778&use=l&cat=p&typeid=i","cat":284457},{"id":67653,"n":"Gingembre moulu Rustica 27g","p":1.19,"u":"44,07 €/KG","img":"https://fd5-photos.leclercdrive.fr/image.ashx?id=2797796&use=l&cat=p&typeid=i","cat":298297},{"id":67654,"n":"Ail semoule Bio Village Bio 56g","p":1.99,"u":"35,54 €/KG","img":"https://fd5-photos.leclercdrive.fr/image.ashx?id=2991461&use=l&cat=p&typeid=i","cat":298297},{"id":67667,"n":"Purée de tomate Panzani Tomacouli nature - 500g","p":1.04,"u":"2,08 €/KG","img":"https://fd5-photos.leclercdrive.fr/image.ashx?id=2979623&use=l&cat=p&typeid=i","cat":288384},{"id":67675,"n":"Finucchietti Biggi x10 - 320g","p":4.4,"u":"13,75 €/KG","img":"https://fd5-photos.leclercdrive.fr/image.ashx?id=1236088&use=l&cat=p&typeid=i","cat":284487},{"id":67678,"n":"Curcuma moulu Rustica 37g","p":0.66,"u":"17,84 €/KG","img":"https://fd5-photos.leclercdrive.fr/image.ashx?id=2772981&use=l&cat=p&typeid=i","cat":298297},{"id":67679,"n":"Estragon Rustica 7g","p":0.79,"u":"112,86 €/KG","img":"https://fd5-photos.leclercdrive.fr/image.ashx?id=2772993&use=l&cat=p&typeid=i","cat":298297},{"id":67680,"n":"Herbes de provence Rustica 120g","p":2.6,"u":"21,67 €/KG","img":"https://fd5-photos.leclercdrive.fr/image.ashx?id=2907228&use=l&cat=p&typeid=i","cat":298297},{"id":67681,"n":"Herbes de Provence Rustica 18g","p":0.41,"u":"22,78 €/KG","img":"https://fd5-photos.leclercdrive.fr/image.ashx?id=2772972&use=l&cat=p&typeid=i","cat":298297},{"id":67682,"n":"Noix de Muscade Rustica Moulue - 32g","p":1.36,"u":"42,50 €/KG","img":"https://fd5-photos.leclercdrive.fr/image.ashx?id=2772996&use=l&cat=p&typeid=i","cat":298297},{"id":67683,"n":"Persillade Rustica 95g","p":1.74,"u":"18,32 €/KG","img":"https://fd5-photos.leclercdrive.fr/image.ashx?id=2932668&use=l&cat=p&typeid=i","cat":298297},{"id":67693,"n":"Piment de Cayenne Rustica 38g","p":1.09,"u":"28,68 €/KG","img":"https://fd5-photos.leclercdrive.fr/image.ashx?id=2932671&use=l&cat=p&typeid=i","cat":298297},{"id":67712,"n":"Yaourts nature Délisse Au lait chèvre - 4x125g","p":1.84,"u":"3,68 €/KG","img":"https://fd5-photos.leclercdrive.fr/image.ashx?id=1847192&use=l&cat=p&typeid=i","cat":314998},{"id":67713,"n":"Yaourt vanille Délisse Lait chèvre - 4x125g","p":2.05,"u":"4,10 €/P","img":"https://fd5-photos.leclercdrive.fr/image.ashx?id=1847091&use=l&cat=p&typeid=i","cat":314998},{"id":67714,"n":"Yaourts à la Grecque Délisse Lait brebis, nature - 2x150g","p":1.84,"u":"6,13 €/KG","img":"https://fd5-photos.leclercdrive.fr/image.ashx?id=1993586&use=l&cat=p&typeid=i","cat":314999},{"id":67715,"n":"Liégeois Délisse Pistache - 4x100g","p":1.62,"u":"4,05 €/KG","img":"https://fd5-photos.leclercdrive.fr/image.ashx?id=2652514&use=l&cat=p&typeid=i","cat":285042},{"id":67726,"n":"AOC Crémant de Bourgogne Veuve Ambal Rosé brut - 75cl","p":7.21,"u":"9,61 €/L","img":"https://fd5-photos.leclercdrive.fr/image.ashx?id=2021286&use=l&cat=p&typeid=i","cat":284545},{"id":67807,"n":"Nettoyant spray Clair Javel - Cuisine - 750ml","p":1.73,"u":"2,31 €/L","img":"https://fd5-photos.leclercdrive.fr/image.ashx?id=2840479&use=l&cat=p&typeid=i","cat":325357},{"id":67820,"n":"Bois bûches 30cm Woodstock  Haute performance - 25dm3","p":8.71,"u":"0,71 €/KG","img":"https://fd5-photos.leclercdrive.fr/image.ashx?id=3008887&use=l&cat=p&typeid=i","cat":300577},{"id":67875,"n":"The Pik Box Haribo Boîte bonbons acidulés - 550g","p":5.15,"u":"9,36 €/KG","img":"https://fd5-photos.leclercdrive.fr/image.ashx?id=2805219&use=l&cat=p&typeid=i","cat":304250},{"id":67879,"n":"Champagne Brut Mumm Demi bouteille 12%vol - 37.5cl","p":16.68,"u":"44,48 €/L","img":"https://fd5-photos.leclercdrive.fr/image.ashx?id=2998910&use=l&cat=p&typeid=i","cat":284542},{"id":67885,"n":"Crème fraîche épaisse Président Entière 30%mg - 45cl","p":2.16,"u":"4,80 €/L","img":"https://fd5-photos.leclercdrive.fr/image.ashx?id=2971948&use=l&cat=p&typeid=i","cat":284381},{"id":67895,"n":"Mélange apéritif torréfié 125g","p":2.58,"u":"20,64 €/KG","img":"https://fd5-photos.leclercdrive.fr/image.ashx?id=2213862&use=l&cat=p&typeid=i","cat":316002},{"id":67896,"n":"Gel Douche Le Petit Marseillais  Pin et criste marine - 250ml","p":1.73,"u":"6,92 €/L","img":"https://fd5-photos.leclercdrive.fr/image.ashx?id=2676452&use=l&cat=p&typeid=i","cat":284594},{"id":67915,"n":"Baby carottes Florette 250g","p":2.15,"u":"8,60 €/KG","img":"https://fd5-photos.leclercdrive.fr/image.ashx?id=2786492&use=l&cat=p&typeid=i","cat":284352},{"id":67916,"n":"Croq' Radis Florette Sachet 200g","p":2.3,"u":"11,50 €/KG","img":"https://fd5-photos.leclercdrive.fr/image.ashx?id=2859344&use=l&cat=p&typeid=i","cat":284352},{"id":68010,"n":"Crème dessert Bio Les 2 vaches Vanille - 4x95g","p":1.57,"u":"4,13 €/KG","img":"https://fd5-photos.leclercdrive.fr/image.ashx?id=2774015&use=l&cat=p&typeid=i","cat":285041},{"id":68011,"n":"Crème dessert Bio Les 2 vaches Caramel - 4x95g","p":1.49,"u":"3,92 €/KG","img":"https://fd5-photos.leclercdrive.fr/image.ashx?id=2774097&use=l&cat=p&typeid=i","cat":285041},{"id":68012,"n":"Crème dessert Bio Les 2 vaches Chocolat - 4x95g","p":1.67,"u":"4,39 €/KG","img":"https://fd5-photos.leclercdrive.fr/image.ashx?id=2774100&use=l&cat=p&typeid=i","cat":285041},{"id":68087,"n":"Ananas Douceur du Verger Tranches brisées -  340g","p":1.59,"u":"4,68 €/KG","img":"https://fd5-photos.leclercdrive.fr/image.ashx?id=2485086&use=l&cat=p&typeid=i","cat":284507},{"id":68088,"n":"Cannelle Rustica 39g","p":0.88,"u":"22,56 €/KG","img":"https://fd5-photos.leclercdrive.fr/image.ashx?id=2772960&use=l&cat=p&typeid=i","cat":298297},{"id":68090,"n":"Champignons Bio Village Bio Emincés - 170g","p":2.25,"u":"13,24 €/KG","img":"https://fd5-photos.leclercdrive.fr/image.ashx?id=2613294&use=l&cat=p&typeid=i","cat":312610},{"id":68093,"n":"Champignons Paris Notre Jardin Entiers - 2x115g","p":1.85,"u":"8,04 €/KG","img":"https://fd5-photos.leclercdrive.fr/image.ashx?id=2991139&use=l&cat=p&typeid=i","cat":312610},{"id":68094,"n":"Poivre blanc Rustica Moulu - 36g","p":1.89,"u":"52,50 €/KG","img":"https://fd5-photos.leclercdrive.fr/image.ashx?id=2772987&use=l&cat=p&typeid=i","cat":284457},{"id":68095,"n":"Yaourt à la grecque YAOS Nature lit de fraises 4x125g","p":2.25,"u":"4,50 €/KG","img":"https://fd5-photos.leclercdrive.fr/image.ashx?id=2729734&use=l&cat=p&typeid=i","cat":314999},{"id":68097,"n":"Yaourt à la grecque YAOS Citron - 4x125g","p":2.4,"u":"4,80 €/KG","img":"https://fd5-photos.leclercdrive.fr/image.ashx?id=2578672&use=l&cat=p&typeid=i","cat":314999},{"id":68145,"n":"Courge Spaghetti  La pièce","p":3.75,"img":"https://fd5-photos.leclercdrive.fr/image.ashx?id=1631269&use=l&cat=p&typeid=i","cat":284352},{"id":68158,"n":"Lardons fumés 1kg","p":8.42,"u":"8,42 €/KG","img":"https://fd5-photos.leclercdrive.fr/image.ashx?id=1227792&use=l&cat=p&typeid=i","cat":316011},{"id":68214,"n":"Biscuits Petits Cœurs LU Chocolat - 125g","p":1.08,"u":"8,64 €/KG","img":"https://fd5-photos.leclercdrive.fr/image.ashx?id=3002021&use=l&cat=p&typeid=i","cat":284488},{"id":68217,"n":"Biscuits Croc Sablé Pépito  Chocolat - 294g","p":1.32,"u":"4,49 €/KG","img":"https://fd5-photos.leclercdrive.fr/image.ashx?id=2347254&use=l&cat=p&typeid=i","cat":284488},{"id":68275,"n":"Déodorant Carré homme Musc séduction - 100ml","p":1.12,"u":"11,20 €/L","img":"https://fd5-photos.leclercdrive.fr/image.ashx?id=2440745&use=l&cat=p&typeid=i","cat":284618},{"id":68276,"n":"Déodorant Carré Homme Marine Ice boost - 100ml","p":1.12,"u":"11,20 €/L","img":"https://fd5-photos.leclercdrive.fr/image.ashx?id=2440748&use=l&cat=p&typeid=i","cat":284618},{"id":68277,"n":"Déodorant Carré Homme Anti-transpirant - 100ml","p":1.12,"u":"11,20 €/L","img":"https://fd5-photos.leclercdrive.fr/image.ashx?id=2618232&use=l&cat=p&typeid=i","cat":284618},{"id":68278,"n":"Recharge gel lavant Manava Hypoallergénique - 250ml","p":0.66,"u":"2,64 €/L","img":"https://fd5-photos.leclercdrive.fr/image.ashx?id=2935537&use=l&cat=p&typeid=i","cat":284597},{"id":68355,"n":"Compote pomme poire Bio Bio Village - 4x100g","p":1.99,"u":"4,98 €/KG","img":"https://fd5-photos.leclercdrive.fr/image.ashx?id=2454638&use=l&cat=p&typeid=i","cat":284416},{"id":68399,"n":"Poisson pané Double délice   Findus x8 - 600g","p":5.38,"u":"8,97 €/KG","img":"https://fd5-photos.leclercdrive.fr/image.ashx?id=2679594&use=l&cat=p&typeid=i","cat":319788},{"id":68425,"n":"Papier toilette Lotus XXL blanc - x6","p":3.82,"u":"0,64 €/P","img":"https://fd5-photos.leclercdrive.fr/image.ashx?id=2843968&use=l&cat=p&typeid=i","cat":284634},{"id":68432,"n":"Gel WC Syphon Activ'Effect Fraîcheur pin - 750ml","p":0.74,"u":"0,99 €/L","img":"https://fd5-photos.leclercdrive.fr/image.ashx?id=2388382&use=l&cat=p&typeid=i","cat":284662},{"id":68434,"n":"Destructeur d'odeurs Bien air Printemps Japon - 250ml","p":2.29,"u":"9,16 €/L","img":"https://fd5-photos.leclercdrive.fr/image.ashx?id=2593468&use=l&cat=p&typeid=i","cat":311626},{"id":68445,"n":"Recharge crème lavante Manava Framboise pivoine - 250ml","p":0.57,"u":"2,28 €/L","img":"https://fd5-photos.leclercdrive.fr/image.ashx?id=2935510&use=l&cat=p&typeid=i","cat":284597},{"id":68449,"n":"Perles désodorisantes Bien Air Japon","p":2.25,"img":"https://fd5-photos.leclercdrive.fr/image.ashx?id=2939070&use=l&cat=p&typeid=i","cat":311628},{"id":68450,"n":"Lingettes Clair Dépoussiérantes - x40","p":3.94,"u":"0,10 €/P","img":"https://fd5-photos.leclercdrive.fr/image.ashx?id=2863039&use=l&cat=p&typeid=i","cat":325364},{"id":68451,"n":"Lingettes Inell Rafraichissantes - x10","p":1.08,"u":"0,11 €/P","img":"https://fd5-photos.leclercdrive.fr/image.ashx?id=2658132&use=l&cat=p&typeid=i","cat":284603},{"id":68452,"n":"Lingettes hygiène intime Doulys Individuelles - x16","p":1.59,"u":"0,10 €/P","img":"https://fd5-photos.leclercdrive.fr/image.ashx?id=2671825&use=l&cat=p&typeid=i","cat":284627},{"id":68453,"n":"Gel lavant Manava Hypoallergénique - 300ml","p":1.05,"u":"3,50 €/L","img":"https://fd5-photos.leclercdrive.fr/image.ashx?id=2935528&use=l&cat=p&typeid=i","cat":284597},{"id":68454,"n":"Savon noir Clair Mou - 1kg","p":4.3,"u":"4,30 €/KG","img":"https://fd5-photos.leclercdrive.fr/image.ashx?id=2874383&use=l&cat=p&typeid=i","cat":284907},{"id":68455,"n":"Gel nettoyant Syphon Entretien menthe - 1L","p":2.89,"u":"2,89 €/L","img":"https://fd5-photos.leclercdrive.fr/image.ashx?id=2943659&use=l&cat=p&typeid=i","cat":284908},{"id":68457,"n":"Nettoyant Clair Parquets modernes - 1L","p":2.45,"u":"2,45 €/L","img":"https://fd5-photos.leclercdrive.fr/image.ashx?id=2652909&use=l&cat=p&typeid=i","cat":284907},{"id":68459,"n":"Nettoyant Clair Parquets classiques - 1L","p":2.45,"u":"2,45 €/L","img":"https://fd5-photos.leclercdrive.fr/image.ashx?id=2652912&use=l&cat=p&typeid=i","cat":284907},{"id":68475,"n":"Culotte Chorys Médium nuit - x12","p":8.56,"u":"0,71 €/P","img":"https://fd5-photos.leclercdrive.fr/image.ashx?id=2716009&use=l&cat=p&typeid=i","cat":284628},{"id":68476,"n":"Culotte Chorys Absorption plus large nuit x10","p":7.14,"u":"0,71 €/P","img":"https://fd5-photos.leclercdrive.fr/image.ashx?id=2704490&use=l&cat=p&typeid=i","cat":284628},{"id":68479,"n":"Couches de bain Mots d'Enfants Baby Swim - Taille S - x12","p":6.1,"img":"https://fd5-photos.leclercdrive.fr/image.ashx?id=2907219&use=l&cat=p&typeid=i","cat":290634},{"id":68482,"n":"Couches de bain Mots d'Enfants Baby Swim - Taille M - x11","p":5.89,"u":"0,54 €/P","img":"https://fd5-photos.leclercdrive.fr/image.ashx?id=2907222&use=l&cat=p&typeid=i","cat":290634},{"id":68486,"n":"Tampon Nett  Digital normal boite - x24","p":2.56,"u":"0,11 €/P","img":"https://fd5-photos.leclercdrive.fr/image.ashx?id=2359657&use=l&cat=p&typeid=i","cat":284626},{"id":68504,"n":"AOC Jurançon  Domaine Laguilhon - 75cl","p":10.34,"u":"13,79 €/L","img":"https://fd5-photos.leclercdrive.fr/image.ashx?id=2855223&use=l&cat=p&typeid=i","cat":289557},{"id":68599,"n":"Jus d'orange Tropicana Sans pulpe - 1L","p":2.53,"u":"2,53 €/L","img":"https://fd5-photos.leclercdrive.fr/image.ashx?id=2605665&use=l&cat=p&typeid=i","cat":284521},{"id":68640,"n":"Plat four rectangulaire Pyrex Cook&Go +couvercle 24x18cm 1.7L","p":13.72,"img":"https://fd5-photos.leclercdrive.fr/image.ashx?id=2939787&use=l&cat=p&typeid=i","cat":284710},{"id":68644,"n":"Plat four rectangulaire Pyrex Avec couvercle 30x23cm / 3.30L","p":18.1,"img":"https://fd5-photos.leclercdrive.fr/image.ashx?id=1886929&use=l&cat=p&typeid=i","cat":284710},{"id":68645,"n":"Boîte carrée Pyrex Cook&go avec couvercle 21cm","p":13.95,"img":"https://fd5-photos.leclercdrive.fr/image.ashx?id=1886932&use=l&cat=p&typeid=i","cat":284710},{"id":68668,"n":"Serpillère Vileda Ultramax Power","p":18.9,"img":"https://fd5-photos.leclercdrive.fr/image.ashx?id=2463353&use=l&cat=p&typeid=i","cat":284669},{"id":68670,"n":"Recharge Vileda Ultramax power 2 en 1","p":8.93,"img":"https://fd5-photos.leclercdrive.fr/image.ashx?id=2433271&use=l&cat=p&typeid=i","cat":284669},{"id":68738,"n":"Soja cuisine - semi-épaisse Bio Bjorg - 25cl","p":1.28,"u":"5,12 €/L","img":"https://fd5-photos.leclercdrive.fr/image.ashx?id=2906196&use=l&cat=p&typeid=i","cat":316069},{"id":68824,"n":"Coton maxi carré Inell Aloé Vera - x50","p":1.75,"u":"0,04 €/P","img":"https://fd5-photos.leclercdrive.fr/image.ashx?id=1959190&use=l&cat=p&typeid=i","cat":284636},{"id":68840,"n":"Chocolat noir Bio Village Bio - Noisettes entières - 200g","p":3.33,"u":"16,65 €/KG","img":"https://fd5-photos.leclercdrive.fr/image.ashx?id=2646026&use=l&cat=p&typeid=i","cat":284956},{"id":68861,"n":"Miel Bio Village Bio crémeux de fleurs - 500g","p":4.99,"u":"9,98 €/KG","img":"https://fd5-photos.leclercdrive.fr/image.ashx?id=2564219&use=l&cat=p&typeid=i","cat":287643},{"id":68862,"n":"Pâte à tartiner Nustikao 600g","p":2.73,"u":"4,55 €/KG","img":"https://fd5-photos.leclercdrive.fr/image.ashx?id=2814869&use=l&cat=p&typeid=i","cat":284481},{"id":68863,"n":"Compote Douceur du Verger Gourdes Pomme - 12x90g","p":2.95,"u":"2,73 €/KG","img":"https://fd5-photos.leclercdrive.fr/image.ashx?id=2317276&use=l&cat=p&typeid=i","cat":284508},{"id":68864,"n":"Compote Douceur du Verger Bocal pomme poire - 710g","p":1.75,"u":"2,46 €/KG","img":"https://fd5-photos.leclercdrive.fr/image.ashx?id=2663539&use=l&cat=p&typeid=i","cat":284508},{"id":68865,"n":"Compote Douceur du Verger Bocal pomme vanille - 710g","p":1.57,"u":"2,21 €/KG","img":"https://fd5-photos.leclercdrive.fr/image.ashx?id=2663542&use=l&cat=p&typeid=i","cat":284508},{"id":68866,"n":"Compote Douceur du Verger Bocal pomme - 710g","p":1.27,"u":"1,79 €/KG","img":"https://fd5-photos.leclercdrive.fr/image.ashx?id=2663536&use=l&cat=p&typeid=i","cat":284508},{"id":68868,"n":"Riz long Bio Village Bio semi complet - 500g","p":2.25,"u":"4,50 €/KG","img":"https://fd5-photos.leclercdrive.fr/image.ashx?id=2441513&use=l&cat=p&typeid=i","cat":284428},{"id":68870,"n":"Pistaches Bio Village Grillées salées bio - 100g","p":2.6,"u":"26,00 €/KG","img":"https://fd5-photos.leclercdrive.fr/image.ashx?id=2615789&use=l&cat=p&typeid=i","cat":284448},{"id":68881,"n":"Litchis Douceur du Verger Sirop léger - 250g","p":2.74,"u":"10,96 €/KG","img":"https://fd5-photos.leclercdrive.fr/image.ashx?id=2485089&use=l&cat=p&typeid=i","cat":284507},{"id":68882,"n":"Compote bio Bio Village Coupelle pomme - 8x100g","p":2.89,"u":"3,61 €/KG","img":"https://fd5-photos.leclercdrive.fr/image.ashx?id=1947749&use=l&cat=p&typeid=i","cat":284508},{"id":68898,"n":"Mangues Douceur du Verger Sirop - 235g","p":1.18,"u":"5,02 €/KG","img":"https://fd5-photos.leclercdrive.fr/image.ashx?id=2093775&use=l&cat=p&typeid=i","cat":284507},{"id":68902,"n":"Crackers Tokapi 100g","p":0.46,"u":"4,60 €/KG","img":"https://fd5-photos.leclercdrive.fr/image.ashx?id=2661073&use=l&cat=p&typeid=i","cat":297000},{"id":68913,"n":"Purificateur d'air Sanytol Désinfectant - 300ml","p":3.8,"u":"12,67 €/L","img":"https://fd5-photos.leclercdrive.fr/image.ashx?id=2901659&use=l&cat=p&typeid=i","cat":311626},{"id":68921,"n":"Boisson lactée Tous mes amis pour chats stérilisé - 3x200ml","p":2.45,"u":"4,08 €/L","img":"https://fd5-photos.leclercdrive.fr/image.ashx?id=1236376&use=l&cat=p&typeid=i","cat":285285},{"id":68926,"n":"Chips Bio Village Légumes bio - sachet - 80g","p":2.39,"u":"29,88 €/KG","img":"https://fd5-photos.leclercdrive.fr/image.ashx?id=2743843&use=l&cat=p&typeid=i","cat":284447},{"id":68928,"n":"Soupe mouliné bio Knorr Potiron, carottes - 1L","p":3.97,"u":"3,97 €/L","img":"https://fd5-photos.leclercdrive.fr/image.ashx?id=2321763&use=l&cat=p&typeid=i","cat":284462},{"id":68930,"n":"Soupe liquide bio Knorr Légumes potager à la crème - 1L","p":3.51,"u":"3,51 €/L","img":"https://fd5-photos.leclercdrive.fr/image.ashx?id=2312572&use=l&cat=p&typeid=i","cat":284462},{"id":68951,"n":"Crème dessert La Laitière  Velours de crème caramel 4x85g","p":2.0,"u":"5,88 €/KG","img":"https://fd5-photos.leclercdrive.fr/image.ashx?id=3007930&use=l&cat=p&typeid=i","cat":285041},{"id":68952,"n":"Crème dessert La Laitière Velours de crème chocolat 4x85g","p":2.35,"u":"6,91 €/KG","img":"https://fd5-photos.leclercdrive.fr/image.ashx?id=2633824&use=l&cat=p&typeid=i","cat":285041},{"id":68953,"n":"Crème dessert La Laitière Chocolat Caramel - 4x85g","p":2.33,"u":"6,85 €/KG","img":"https://fd5-photos.leclercdrive.fr/image.ashx?id=2633827&use=l&cat=p&typeid=i","cat":285041},{"id":68981,"n":"Couscous Chaque jour sans gluten - de maïs - 375g","p":3.09,"u":"8,24 €/KG","img":"https://fd5-photos.leclercdrive.fr/image.ashx?id=2764143&use=l&cat=p&typeid=i","cat":284429},{"id":68986,"n":"Lait d'amande Bio Village Sans sucre bio - 1L","p":1.41,"u":"1,41 €/L","img":"https://fd5-photos.leclercdrive.fr/image.ashx?id=2939097&use=l&cat=p&typeid=i","cat":316067},{"id":68996,"n":"Crackers bio Bio Village Emmental courge - 200g","p":2.69,"u":"13,45 €/KG","img":"https://fd5-photos.leclercdrive.fr/image.ashx?id=2310507&use=l&cat=p&typeid=i","cat":297000},{"id":69003,"n":"Galettes maïs Bio Village Chocolat noir bio - 100g","p":1.89,"u":"18,90 €/KG","img":"https://fd5-photos.leclercdrive.fr/image.ashx?id=2559399&use=l&cat=p&typeid=i","cat":318651},{"id":69004,"n":"Moutarde Bio Village A l'ancienne bio - 200g","p":1.57,"u":"7,85 €/KG","img":"https://fd5-photos.leclercdrive.fr/image.ashx?id=2607966&use=l&cat=p&typeid=i","cat":288850},{"id":69006,"n":"Tomates séchées Rustica Bocal - 280g","p":2.5,"u":"8,93 €/KG","img":"https://fd5-photos.leclercdrive.fr/image.ashx?id=2539457&use=l&cat=p&typeid=i","cat":284458},{"id":69011,"n":"Petit beurre Sans Gluten 130g","p":1.82,"u":"14,00 €/KG","img":"https://fd5-photos.leclercdrive.fr/image.ashx?id=2460622&use=l&cat=p&typeid=i","cat":318654},{"id":69014,"n":"Mayonnaise Rustica Moutarde de dijon - 710g","p":2.49,"u":"3,51 €/KG","img":"https://fd5-photos.leclercdrive.fr/image.ashx?id=1692866&use=l&cat=p&typeid=i","cat":298295},{"id":69016,"n":"Sauce au Bleu Bénédicta Gamme Gourmet - 260g","p":1.89,"u":"7,27 €/KG","img":"https://fd5-photos.leclercdrive.fr/image.ashx?id=2616177&use=l&cat=p&typeid=i","cat":318430},{"id":69058,"n":"Yaourt Bio Village Bio Vanille - 4x125g","p":2.31,"u":"4,62 €/KG","img":"https://fd5-photos.leclercdrive.fr/image.ashx?id=2822778&use=l&cat=p&typeid=i","cat":286006},{"id":69061,"n":"Yaourt nature Danone 4x125g","p":0.89,"u":"1,78 €/KG","img":"https://fd5-photos.leclercdrive.fr/image.ashx?id=2911184&use=l&cat=p&typeid=i","cat":284409},{"id":69062,"n":"Yaourt nature Danone 12x125g","p":2.54,"u":"1,69 €/KG","img":"https://fd5-photos.leclercdrive.fr/image.ashx?id=2915688&use=l&cat=p&typeid=i","cat":284409},{"id":69063,"n":"Yaourt nature Danone 16x125g","p":3.0,"u":"1,50 €/KG","img":"https://fd5-photos.leclercdrive.fr/image.ashx?id=2915691&use=l&cat=p&typeid=i","cat":284409},{"id":69067,"n":"Crème dessert Délisse Saveur cookies - 4x125g","p":1.52,"u":"3,04 €/KG","img":"https://fd5-photos.leclercdrive.fr/image.ashx?id=2441405&use=l&cat=p&typeid=i","cat":285041},{"id":69068,"n":"Crème dessert Délisse Saveur Brownie - 4x125g","p":1.55,"u":"3,10 €/KG","img":"https://fd5-photos.leclercdrive.fr/image.ashx?id=2441411&use=l&cat=p&typeid=i","cat":285041},{"id":69069,"n":"Yaourts brassés velouté Danone Nature - 12x125g","p":3.35,"u":"2,23 €/KG","img":"https://fd5-photos.leclercdrive.fr/image.ashx?id=2865581&use=l&cat=p&typeid=i","cat":284409},{"id":69070,"n":"Yaourts brassés velouté Danone Nature - 16x125g","p":3.88,"u":"1,94 €/KG","img":"https://fd5-photos.leclercdrive.fr/image.ashx?id=2865584&use=l&cat=p&typeid=i","cat":284409},{"id":69072,"n":"petit suisse aux fruits danonino - 6x50g","p":1.62,"u":"5,40 €/KG","img":"https://fd5-photos.leclercdrive.fr/image.ashx?id=2785208&use=l&cat=p&typeid=i","cat":284414},{"id":69073,"n":"Yaourts brassés velouté Danone Nature - 4x125g","p":1.39,"u":"2,78 €/KG","img":"https://fd5-photos.leclercdrive.fr/image.ashx?id=2865587&use=l&cat=p&typeid=i","cat":284409},{"id":69074,"n":"Yaourts brassés Velouté Danone Nature - 8x125g","p":2.37,"u":"2,37 €/KG","img":"https://fd5-photos.leclercdrive.fr/image.ashx?id=2865590&use=l&cat=p&typeid=i","cat":284409},{"id":69084,"n":"petit suisse aux fruits danonino - 6x100g","p":2.84,"u":"4,73 €/KG","img":"https://fd5-photos.leclercdrive.fr/image.ashx?id=3003134&use=l&cat=p&typeid=i","cat":284414},{"id":69103,"n":"Yaourts lait de brebis Corsica Nature - 2x125g","p":1.97,"u":"7,88 €/KG","img":"https://fd5-photos.leclercdrive.fr/image.ashx?id=1223543&use=l&cat=p&typeid=i","cat":314998},{"id":69104,"n":"Yaourt Brebis + Figue Yacor - 2x125g","p":2.26,"u":"9,04 €/KG","img":"https://fd5-photos.leclercdrive.fr/image.ashx?id=1223549&use=l&cat=p&typeid=i","cat":314998},{"id":69105,"n":"Yaourt Brebis + Chataigne Yacor - 2x125g","p":2.44,"u":"9,76 €/KG","img":"https://fd5-photos.leclercdrive.fr/image.ashx?id=1223546&use=l&cat=p&typeid=i","cat":314998},{"id":69106,"n":"Yaourt Brebis + Clémentine Yacor - 2x125g","p":2.18,"u":"8,72 €/KG","img":"https://fd5-photos.leclercdrive.fr/image.ashx?id=1223540&use=l&cat=p&typeid=i","cat":314998},{"id":69120,"n":"Eau de toilette Alix de Faure Vanille - 110ml","p":3.2,"u":"29,09 €/L","img":"https://fd5-photos.leclercdrive.fr/image.ashx?id=2675768&use=l&cat=p&typeid=i","cat":291525},{"id":69141,"n":"Papier cuisson Elembal Rouleau 8m","p":1.08,"u":"0,14 €/MT","img":"https://fd5-photos.leclercdrive.fr/image.ashx?id=2169168&use=l&cat=p&typeid=i","cat":334134},{"id":69145,"n":"Crème lavante Manava Framboise pivoine - 300ml","p":1.28,"u":"4,27 €/L","img":"https://fd5-photos.leclercdrive.fr/image.ashx?id=2935507&use=l&cat=p&typeid=i","cat":284597},{"id":69147,"n":"Café dosettes Tassimo L'Or Café Long Classique x16","p":4.61,"u":"44,33 €/KG","img":"https://fd5-photos.leclercdrive.fr/image.ashx?id=2160312&use=l&cat=p&typeid=i","cat":293240},{"id":69148,"n":"Café dosettes Tassimo L'Or Café Long Intense x16","p":4.59,"u":"35,86 €/KG","img":"https://fd5-photos.leclercdrive.fr/image.ashx?id=2290599&use=l&cat=p&typeid=i","cat":293240},{"id":69150,"n":"Nettoyant multi surfaces Clair Citron - 1.5L","p":1.7,"u":"1,13 €/L","img":"https://fd5-photos.leclercdrive.fr/image.ashx?id=2534211&use=l&cat=p&typeid=i","cat":284907},{"id":69151,"n":"Nettoyant multi surfaces Clair Pins - 1.5L","p":1.7,"u":"1,13 €/L","img":"https://fd5-photos.leclercdrive.fr/image.ashx?id=2369164&use=l&cat=p&typeid=i","cat":284907},{"id":69152,"n":"Nettoyant multi surfaces Clair Fleurs - 1.5L","p":1.7,"u":"1,13 €/L","img":"https://fd5-photos.leclercdrive.fr/image.ashx?id=2381556&use=l&cat=p&typeid=i","cat":284907},{"id":69153,"n":"Nettoyant multi surfaces Clair Fraîcheur pure - 1.5L","p":1.7,"u":"1,13 €/L","img":"https://fd5-photos.leclercdrive.fr/image.ashx?id=2373263&use=l&cat=p&typeid=i","cat":284907},{"id":69154,"n":"Nettoyant multi surfaces Clair Savon de Marseille - 1.5L","p":1.7,"u":"1,13 €/L","img":"https://fd5-photos.leclercdrive.fr/image.ashx?id=2858845&use=l&cat=p&typeid=i","cat":284907},{"id":69155,"n":"Nettoyant multi surfaces Clair Savon noir - 1.5L","p":1.7,"u":"1,13 €/L","img":"https://fd5-photos.leclercdrive.fr/image.ashx?id=2849584&use=l&cat=p&typeid=i","cat":284907},{"id":69159,"n":"Poelée cuisinée légumes Bio Bio village - 600g","p":2.99,"u":"4,98 €/KG","img":"https://fd5-photos.leclercdrive.fr/image.ashx?id=2898074&use=l&cat=p&typeid=i","cat":319823},{"id":69161,"n":"Purée carotte bio Bio Village 450g","p":1.39,"u":"3,09 €/KG","img":"https://fd5-photos.leclercdrive.fr/image.ashx?id=2878747&use=l&cat=p&typeid=i","cat":319805},{"id":69163,"n":"Purée 100% brocolis Bio Bio Village - 450g","p":1.75,"u":"3,89 €/KG","img":"https://fd5-photos.leclercdrive.fr/image.ashx?id=2878750&use=l&cat=p&typeid=i","cat":319805},{"id":69164,"n":"Pizza chèvre feu de bois Bio  Bio Village - 360g","p":3.19,"u":"8,86 €/KG","img":"https://fd5-photos.leclercdrive.fr/image.ashx?id=2897898&use=l&cat=p&typeid=i","cat":284256},{"id":69206,"n":"Jus de raisins Andros Muscatés pressés - 1L","p":2.99,"u":"2,99 €/L","img":"https://fd5-photos.leclercdrive.fr/image.ashx?id=2882653&use=l&cat=p&typeid=i","cat":285435},{"id":69211,"n":"Brioche tressée Epi d'or Perles de sucre - 500g","p":2.5,"u":"5,00 €/KG","img":"https://fd5-photos.leclercdrive.fr/image.ashx?id=2998793&use=l&cat=p&typeid=i","cat":284478},{"id":69212,"n":"Filets de colin d'Alaska MSC - 400g","p":4.91,"u":"12,28 €/KG","img":"https://fd5-photos.leclercdrive.fr/image.ashx?id=2950342&use=l&cat=p&typeid=i","cat":319786},{"id":69213,"n":"Frites à peau McCain Côté Resto - 650g","p":2.75,"u":"4,23 €/KG","img":"https://fd5-photos.leclercdrive.fr/image.ashx?id=2927047&use=l&cat=p&typeid=i","cat":319791},{"id":69215,"n":"Pains wrap Epi d'Or Nature x6 - 383g","p":1.95,"u":"5,09 €/KG","img":"https://fd5-photos.leclercdrive.fr/image.ashx?id=2998883&use=l&cat=p&typeid=i","cat":284985},{"id":69218,"n":"Mini toasts Epi d'or Carré - 120g","p":1.79,"u":"14,92 €/KG","img":"https://fd5-photos.leclercdrive.fr/image.ashx?id=2564339&use=l&cat=p&typeid=i","cat":285454},{"id":69227,"n":"Huile vierge Bio Village Coco bio - 200ml","p":2.28,"u":"11,40 €/L","img":"https://fd5-photos.leclercdrive.fr/image.ashx?id=1974311&use=l&cat=p&typeid=i","cat":284453},{"id":69233,"n":"Capsules café L'Or Espresso Ristretto N°11 x10","p":3.46,"u":"66,54 €/KG","img":"https://fd5-photos.leclercdrive.fr/image.ashx?id=2260869&use=l&cat=p&typeid=i","cat":284749},{"id":69240,"n":"Vinaigre en gel Uni Vert 750ml","p":2.98,"u":"3,97 €/L","img":"https://fd5-photos.leclercdrive.fr/image.ashx?id=2883324&use=l&cat=p&typeid=i","cat":325357},{"id":69256,"n":"Dessert panaché Andros Panaché - 16x100g","p":5.18,"u":"3,24 €/KG","img":"https://fd5-photos.leclercdrive.fr/image.ashx?id=2875114&use=l&cat=p&typeid=i","cat":284416},{"id":69268,"n":"Liquide vaisselle Rainett Citron écologique - 750ml","p":1.85,"u":"2,47 €/L","img":"https://fd5-photos.leclercdrive.fr/image.ashx?id=2297129&use=l&cat=p&typeid=i","cat":284655},{"id":69273,"n":"Eau de toilette Alix de Faure Fruits rouges - 110ml","p":3.2,"u":"29,09 €/L","img":"https://fd5-photos.leclercdrive.fr/image.ashx?id=2675762&use=l&cat=p&typeid=i","cat":291525},{"id":69274,"n":"Eau de toilette Alix de Faure Patchouli - 110ml","p":3.2,"u":"29,09 €/L","img":"https://fd5-photos.leclercdrive.fr/image.ashx?id=2675765&use=l&cat=p&typeid=i","cat":291525},{"id":69275,"n":"Gel Douche Homme Nivea Men 3 en 1 Protect&Care - 250ml","p":1.99,"u":"7,96 €/L","img":"https://fd5-photos.leclercdrive.fr/image.ashx?id=2985465&use=l&cat=p&typeid=i","cat":284619},{"id":69279,"n":"Crème soin jour Diadermine Expert Fondamental  - 50ml","p":12.42,"u":"248,40 €/L","img":"https://fd5-photos.leclercdrive.fr/image.ashx?id=2458334&use=l&cat=p&typeid=i","cat":325345},{"id":69280,"n":"Couches bébé Mots d'enfants Midi T3 4/9kg - x50 changes","p":6.35,"u":"0,13 €/P","img":"https://fd5-photos.leclercdrive.fr/image.ashx?id=2699717&use=l&cat=p&typeid=i","cat":284737},{"id":69281,"n":"Couches bébé Mots d'enfants Ultra confort T4 7/18kg - x44","p":6.35,"u":"0,14 €/P","img":"https://fd5-photos.leclercdrive.fr/image.ashx?id=2699720&use=l&cat=p&typeid=i","cat":284737},{"id":69282,"n":"Couches bébé Mots d'enfants Ultra confort T4+  9/20kg - x41","p":6.35,"u":"0,15 €/P","img":"https://fd5-photos.leclercdrive.fr/image.ashx?id=2699723&use=l&cat=p&typeid=i","cat":284737},{"id":69283,"n":"Couches bébé Mots d'enfants Ultra confort T5 11/25kg - x39","p":6.35,"u":"0,16 €/P","img":"https://fd5-photos.leclercdrive.fr/image.ashx?id=2699726&use=l&cat=p&typeid=i","cat":284737},{"id":69284,"n":"Couches bébé Mots d'enfants Ultra confort T6  16/23kg - x33","p":6.35,"u":"0,19 €/P","img":"https://fd5-photos.leclercdrive.fr/image.ashx?id=2699729&use=l&cat=p&typeid=i","cat":284737},{"id":69285,"n":"Couches bébé Mots d'enfants T4 Ultra confort 7/18kg - x144","p":19.85,"u":"0,14 €/P","img":"https://fd5-photos.leclercdrive.fr/image.ashx?id=2689429&use=l&cat=p&typeid=i","cat":284737},{"id":69286,"n":"Couches bébé Mots d'enfants T5 Ultra confort 11/25kg - x136","p":19.85,"u":"0,15 €/P","img":"https://fd5-photos.leclercdrive.fr/image.ashx?id=2691833&use=l&cat=p&typeid=i","cat":284737},{"id":69315,"n":"Sirop saveur mojito Frucci 75cl","p":3.25,"u":"4,33 €/L","img":"https://fd5-photos.leclercdrive.fr/image.ashx?id=2898032&use=l&cat=p&typeid=i","cat":295020},{"id":69316,"n":"Pur jus Jafaden Orange mangue citron - 1L","p":2.39,"u":"2,39 €/L","img":"https://fd5-photos.leclercdrive.fr/image.ashx?id=2956759&use=l&cat=p&typeid=i","cat":284917},{"id":69317,"n":"Eau minérale naturelle Vittel 6x1.5L","p":2.86,"u":"0,32 €/L","img":"https://fd5-photos.leclercdrive.fr/image.ashx?id=3000441&use=l&cat=p&typeid=i","cat":284535},{"id":69318,"n":"Pur jus Jafaden Orange pêche abricot - 1L","p":2.39,"u":"2,39 €/L","img":"https://fd5-photos.leclercdrive.fr/image.ashx?id=2956762&use=l&cat=p&typeid=i","cat":284917},{"id":69319,"n":"Pur jus Jafaden Pomme goyave citron - 1L","p":2.15,"u":"2,15 €/L","img":"https://fd5-photos.leclercdrive.fr/image.ashx?id=2956765&use=l&cat=p&typeid=i","cat":284917},{"id":69379,"n":"From'Chaud Ermitage 50% mg - 200g","p":3.41,"u":"17,05 €/KG","img":"https://fd5-photos.leclercdrive.fr/image.ashx?id=2966002&use=l&cat=p&typeid=i","cat":314037},{"id":69385,"n":"Fromage à Raclette RichesMonts  Duo Classique 3 Poivres - 420G","p":6.42,"u":"15,29 €/KG","img":"https://fd5-photos.leclercdrive.fr/image.ashx?id=2953818&use=l&cat=p&typeid=i","cat":314037},{"id":69418,"n":"Serviette papier Homeside Triple épaisseur 40x40cm - x20","p":1.39,"u":"0,07 €/P","img":"https://fd5-photos.leclercdrive.fr/image.ashx?id=1659732&use=l&cat=p&typeid=i","cat":334134},{"id":69430,"n":"Poulet Basquaise NRT 750g","p":7.99,"u":"10,65 €/KG","img":"https://fd5-photos.leclercdrive.fr/image.ashx?id=2723255&use=l&cat=p&typeid=i","cat":284441},{"id":69432,"n":"Trio de terrines Label Rouge Nos Régions Ont Du Talent -270g","p":3.7,"u":"13,70 €/KG","img":"https://fd5-photos.leclercdrive.fr/image.ashx?id=3007064&use=l&cat=p&typeid=i","cat":305149},{"id":69679,"n":"Yaourt à la grecque YAOS Nature lit de myrtilles 4x125g","p":2.94,"u":"5,88 €/KG","img":"https://fd5-photos.leclercdrive.fr/image.ashx?id=2614933&use=l&cat=p&typeid=i","cat":314999},{"id":69680,"n":"Yaourt à la grecque YAOS Nature lit de pêches 4x125g","p":2.9,"u":"5,80 €/KG","img":"https://fd5-photos.leclercdrive.fr/image.ashx?id=2539533&use=l&cat=p&typeid=i","cat":314999},{"id":69688,"n":"Bière Pietra  Blonde - 4x33cl","p":6.02,"u":"4,56 €/L","img":"https://fd5-photos.leclercdrive.fr/image.ashx?id=1611371&use=l&cat=p&typeid=i","cat":334872},{"id":69690,"n":"Mascarpone 41.5% mg Galbani 500g","p":4.93,"u":"9,86 €/KG","img":"https://fd5-photos.leclercdrive.fr/image.ashx?id=2832470&use=l&cat=p&typeid=i","cat":314026},{"id":69694,"n":"Mini Président 5 portions - 150g","p":3.5,"u":"23,33 €/KG","img":"https://fd5-photos.leclercdrive.fr/image.ashx?id=2628752&use=l&cat=p&typeid=i","cat":314030},{"id":69705,"n":"Coleslaw moutarde Bonduelle 320g","p":1.93,"u":"6,03 €/KG","img":"https://fd5-photos.leclercdrive.fr/image.ashx?id=2894185&use=l&cat=p&typeid=i","cat":333657},{"id":69736,"n":"AOC Corbières vin rouge Prieur Barsanne - BIB 3L","p":9.49,"u":"3,16 €/L","img":"https://fd5-photos.leclercdrive.fr/image.ashx?id=1228994&use=l&cat=p&typeid=i","cat":289556},{"id":69737,"n":"AOC Coteaux Varois en Provence vin rosé Terres Ocrées - BIB 3L","p":15.99,"u":"5,33 €/L","img":"https://fd5-photos.leclercdrive.fr/image.ashx?id=2716000&use=l&cat=p&typeid=i","cat":289560},{"id":69739,"n":"Mini feuilletés Côté Table Apéritifs - x30 - 360g","p":3.72,"u":"10,33 €/KG","img":"https://fd5-photos.leclercdrive.fr/image.ashx?id=2212509&use=l&cat=p&typeid=i","cat":319774},{"id":69740,"n":"Mini-feuilletés Côté Table Apéritifs - x80 - 740g","p":6.98,"u":"9,43 €/KG","img":"https://fd5-photos.leclercdrive.fr/image.ashx?id=2238045&use=l&cat=p&typeid=i","cat":319774},{"id":69741,"n":"Mini-feuilletés Côté Table Apéritifs - x40 - 350g","p":3.37,"u":"9,63 €/KG","img":"https://fd5-photos.leclercdrive.fr/image.ashx?id=2632873&use=l&cat=p&typeid=i","cat":319774},{"id":69798,"n":"Aligot Coeur d'Aveyron 900g","p":10.17,"u":"11,30 €/KG","img":"https://fd5-photos.leclercdrive.fr/image.ashx?id=2346975&use=l&cat=p&typeid=i","cat":333666},{"id":69803,"n":"Riz provençale Bonduelle Thon - 320g","p":1.79,"u":"5,59 €/KG","img":"https://fd5-photos.leclercdrive.fr/image.ashx?id=2907905&use=l&cat=p&typeid=i","cat":333657},{"id":69828,"n":"Pavé de boeuf Tendre & Plus nature, marinés x2 - 260g","p":7.68,"u":"29,54 €/KG","img":"https://fd5-photos.leclercdrive.fr/image.ashx?id=2235386&use=l&cat=p&typeid=i","cat":284328},{"id":69910,"n":"Origan Rustica 11g","p":0.45,"u":"40,91 €/KG","img":"https://fd5-photos.leclercdrive.fr/image.ashx?id=2991443&use=l&cat=p&typeid=i","cat":298297},{"id":69973,"n":"Baguette 250g","p":0.49,"u":"1,96 €/KG","img":"https://fd5-photos.leclercdrive.fr/image.ashx?id=2063008&use=l&cat=p&typeid=i","cat":284359},{"id":70114,"n":"Biscuits p'tit dèj BN Extra céréales complètes - 200g","p":1.88,"u":"9,40 €/KG","img":"https://fd5-photos.leclercdrive.fr/image.ashx?id=2603471&use=l&cat=p&typeid=i","cat":284491},{"id":70117,"n":"Biscuits Mc Vitie's Original - 400g","p":1.56,"u":"3,90 €/KG","img":"https://fd5-photos.leclercdrive.fr/image.ashx?id=2310182&use=l&cat=p&typeid=i","cat":284487},{"id":70118,"n":"Biscuits Mc Vitie's Chocolat au lait - 300g","p":1.73,"u":"5,77 €/KG","img":"https://fd5-photos.leclercdrive.fr/image.ashx?id=2589491&use=l&cat=p&typeid=i","cat":284488},{"id":70123,"n":"Fromage blanc Danone Nature 3%MG - 8x100g","p":2.69,"u":"3,36 €/KG","img":"https://fd5-photos.leclercdrive.fr/image.ashx?id=2792075&use=l&cat=p&typeid=i","cat":284409},{"id":70126,"n":"Fromage blanc Danone Nature 3%MG - 4x100g","p":1.7,"u":"4,25 €/KG","img":"https://fd5-photos.leclercdrive.fr/image.ashx?id=2833225&use=l&cat=p&typeid=i","cat":284409},{"id":70140,"n":"Yaourt Nature Panier de Yoplait Lit de Fruits Panaché - 6x140g","p":2.64,"u":"3,14 €/KG","img":"https://fd5-photos.leclercdrive.fr/image.ashx?id=2884429&use=l&cat=p&typeid=i","cat":284410},{"id":70334,"n":"Kasteel rouge  8° 75cl","p":4.72,"u":"6,29 €/L","img":"https://fd5-photos.leclercdrive.fr/image.ashx?id=2981325&use=l&cat=p&typeid=i","cat":334872},{"id":70344,"n":"Triple Secret des Moines 8%  - 75cl","p":3.4,"u":"4,53 €/L","img":"https://fd5-photos.leclercdrive.fr/image.ashx?id=2947991&use=l&cat=p&typeid=i","cat":334872},{"id":70364,"n":"Taboulé Oriental Colomba 250g","p":3.27,"u":"13,08 €/KG","img":"https://fd5-photos.leclercdrive.fr/image.ashx?id=1237091&use=l&cat=p&typeid=i","cat":333657},{"id":70365,"n":"Taboulé au Poulet Colomba 250g","p":4.79,"u":"19,16 €/KG","img":"https://fd5-photos.leclercdrive.fr/image.ashx?id=1237094&use=l&cat=p&typeid=i","cat":333657},{"id":70389,"n":"Café dosettes Tassimo L'Or Cappuccino x8","p":4.67,"u":"17,49 €/KG","img":"https://fd5-photos.leclercdrive.fr/image.ashx?id=2100305&use=l&cat=p&typeid=i","cat":293240},{"id":70470,"n":"Paris Brest  2p","p":3.95,"u":"1,98 €/P","img":"https://fd5-photos.leclercdrive.fr/image.ashx?id=920534&use=l&cat=p&typeid=i","cat":284360},{"id":70480,"n":"Chocolats Ferrero Collection Assortiments x24 - 269g","p":9.49,"u":"35,28 €/KG","img":"https://fd5-photos.leclercdrive.fr/image.ashx?id=2871181&use=l&cat=p&typeid=i","cat":327595},{"id":70558,"n":"Basilic bio Bio Village 11g","p":0.69,"u":"62,73 €/KG","img":"https://fd5-photos.leclercdrive.fr/image.ashx?id=2991458&use=l&cat=p&typeid=i","cat":298297},{"id":70559,"n":"Ciboulette bio Bio Village 4g","p":0.68,"u":"170,00 €/KG","img":"https://fd5-photos.leclercdrive.fr/image.ashx?id=2711704&use=l&cat=p&typeid=i","cat":298297},{"id":70579,"n":"Fromage Caprice des Dieux  200g","p":2.8,"u":"14,00 €/KG","img":"https://fd5-photos.leclercdrive.fr/image.ashx?id=2762438&use=l&cat=p&typeid=i","cat":314033},{"id":70634,"n":"Lentilles Notre Jardin Graisse d'oie - 400g","p":1.05,"u":"2,63 €/KG","img":"https://fd5-photos.leclercdrive.fr/image.ashx?id=3002620&use=l&cat=p&typeid=i","cat":312609},{"id":70640,"n":"Mayonnaise Rustica Ma recette - 235g","p":1.38,"u":"5,87 €/KG","img":"https://fd5-photos.leclercdrive.fr/image.ashx?id=2443185&use=l&cat=p&typeid=i","cat":298295},{"id":70914,"n":"Poivre noir grains Rustica 90g","p":2.32,"u":"25,78 €/KG","img":"https://fd5-photos.leclercdrive.fr/image.ashx?id=2870047&use=l&cat=p&typeid=i","cat":284457},{"id":70993,"n":"Coulommiers Président  350g","p":2.68,"u":"7,66 €/KG","img":"https://fd5-photos.leclercdrive.fr/image.ashx?id=2029862&use=l&cat=p&typeid=i","cat":314033},{"id":71009,"n":"Sucre vanillé des Isles Alsa x8 sachets - 60g","p":3.05,"u":"50,83 €/KG","img":"https://fd5-photos.leclercdrive.fr/image.ashx?id=2775053&use=l&cat=p&typeid=i","cat":294686},{"id":71043,"n":"Salade de quinoa aux légumes Sans Gluten - 250g","p":2.43,"u":"9,72 €/KG","img":"https://fd5-photos.leclercdrive.fr/image.ashx?id=2918733&use=l&cat=p&typeid=i","cat":333657},{"id":71060,"n":"Basilic Rustica 11g","p":0.39,"u":"35,45 €/KG","img":"https://fd5-photos.leclercdrive.fr/image.ashx?id=2772957&use=l&cat=p&typeid=i","cat":298297},{"id":71071,"n":"Vinaigre L'Origine du Goût Pulpe de mangue - 20cl","p":3.49,"u":"17,45 €/L","img":"https://fd5-photos.leclercdrive.fr/image.ashx?id=2709027&use=l&cat=p&typeid=i","cat":298543},{"id":71072,"n":"Vinaigre Pulpe de framboise L'Origine du goût - 20cl","p":3.99,"u":"19,95 €/L","img":"https://fd5-photos.leclercdrive.fr/image.ashx?id=2709030&use=l&cat=p&typeid=i","cat":298543},{"id":71075,"n":"Vinaigrette biphase Rustica Tomate/ Balsamique - 50cl","p":2.72,"u":"5,44 €/L","img":"https://fd5-photos.leclercdrive.fr/image.ashx?id=1972937&use=l&cat=p&typeid=i","cat":284456},{"id":71076,"n":"Vinaigrette Rustica Moutarde ancienne - 1L","p":1.78,"u":"1,78 €/L","img":"https://fd5-photos.leclercdrive.fr/image.ashx?id=1957767&use=l&cat=p&typeid=i","cat":284456},{"id":71077,"n":"Vinaigrette biphase Rustica Ciboulette/Echalote - 50cl","p":2.79,"u":"5,58 €/L","img":"https://fd5-photos.leclercdrive.fr/image.ashx?id=1943241&use=l&cat=p&typeid=i","cat":284456},{"id":71088,"n":"IGP Côtes de Gascogne blanc sec Vieux Carion 10.5% vol - BIB 3L","p":7.99,"u":"2,66 €/L","img":"https://fd5-photos.leclercdrive.fr/image.ashx?id=2872709&use=l&cat=p&typeid=i","cat":289560},{"id":71090,"n":"Boisson énergisante Red bull 6x250ml","p":6.38,"u":"4,25 €/L","img":"https://fd5-photos.leclercdrive.fr/image.ashx?id=3011989&use=l&cat=p&typeid=i","cat":284533},{"id":71100,"n":"IGP Pays d'Oc vin rouge Vieux Carion - BIB 3L","p":7.99,"u":"2,66 €/L","img":"https://fd5-photos.leclercdrive.fr/image.ashx?id=2756879&use=l&cat=p&typeid=i","cat":289560},{"id":71101,"n":"IGP Pays d'Oc Muscat blanc  Moelleux 12% vol - 75cl","p":2.99,"u":"3,99 €/L","img":"https://fd5-photos.leclercdrive.fr/image.ashx?id=2870080&use=l&cat=p&typeid=i","cat":289557},{"id":71102,"n":"Bière Desperados 65cl","p":2.48,"u":"3,82 €/L","img":"https://fd5-photos.leclercdrive.fr/image.ashx?id=2977960&use=l&cat=p&typeid=i","cat":334878},{"id":71106,"n":"Ail semoule Rustica 110g","p":1.39,"u":"12,64 €/KG","img":"https://fd5-photos.leclercdrive.fr/image.ashx?id=2870038&use=l&cat=p&typeid=i","cat":298297},{"id":71107,"n":"Bouquet garni entier Rustica 17g","p":1.68,"u":"98,82 €/KG","img":"https://fd5-photos.leclercdrive.fr/image.ashx?id=1710608&use=l&cat=p&typeid=i","cat":298297},{"id":71154,"n":"Arôme vanille Tablier Blanc 200ml","p":2.31,"u":"11,55 €/L","img":"https://fd5-photos.leclercdrive.fr/image.ashx?id=2487476&use=l&cat=p&typeid=i","cat":284504},{"id":71155,"n":"Ail semoule Rustica Flacon - 60g","p":0.99,"u":"16,50 €/KG","img":"https://fd5-photos.leclercdrive.fr/image.ashx?id=2797790&use=l&cat=p&typeid=i","cat":298297},{"id":71156,"n":"Moulin 5 baies Rustica Flacon - 24g","p":1.19,"u":"49,58 €/KG","img":"https://fd5-photos.leclercdrive.fr/image.ashx?id=2907231&use=l&cat=p&typeid=i","cat":284457},{"id":71157,"n":"Herbe de provence haché Rustica 40g","p":0.88,"u":"22,00 €/KG","img":"https://fd5-photos.leclercdrive.fr/image.ashx?id=2935226&use=l&cat=p&typeid=i","cat":298297},{"id":71158,"n":"Poivre gris moulu Rustica Boite - 90g","p":2.29,"u":"25,44 €/KG","img":"https://fd5-photos.leclercdrive.fr/image.ashx?id=2907204&use=l&cat=p&typeid=i","cat":284457},{"id":71164,"n":"Gel lavant Bionaïa Abricot bio - 300ml","p":1.79,"u":"5,97 €/L","img":"https://fd5-photos.leclercdrive.fr/image.ashx?id=2935525&use=l&cat=p&typeid=i","cat":284597},{"id":71232,"n":"Scotch Whisky William Peel Edition limitée 40%vol - 1L","p":16.55,"pp":15.55,"u":"15,55 €/L","img":"https://fd5-photos.leclercdrive.fr/image.ashx?id=2867014&use=l&cat=p&typeid=i","cat":284547},{"id":71320,"n":"Whisky japonais Togouchi Premium - 40%vol - 70cl","p":35.37,"u":"50,53 €/L","img":"https://fd5-photos.leclercdrive.fr/image.ashx?id=2685291&use=l&cat=p&typeid=i","cat":284547},{"id":71327,"n":"Whisky Aberlour Triple Cask Single Malt Scotch 40% vol 70cl","p":36.83,"u":"52,61 €/L","img":"https://fd5-photos.leclercdrive.fr/image.ashx?id=2860514&use=l&cat=p&typeid=i","cat":284547},{"id":71351,"n":"Cocktail Pêche Océan Fruits de mer - 500g","p":4.94,"u":"9,88 €/KG","img":"https://fd5-photos.leclercdrive.fr/image.ashx?id=2686347&use=l&cat=p&typeid=i","cat":319787},{"id":71412,"n":"Déodorant Manava Cologne - 100ml","p":1.39,"u":"13,90 €/L","img":"https://fd5-photos.leclercdrive.fr/image.ashx?id=2666572&use=l&cat=p&typeid=i","cat":284595},{"id":71413,"n":"Déodorant Manava Freesia Orchidée - 100ml","p":1.36,"u":"13,60 €/L","img":"https://fd5-photos.leclercdrive.fr/image.ashx?id=2656451&use=l&cat=p&typeid=i","cat":284595},{"id":71417,"n":"Petits pois très fins Eco  560g","p":1.15,"u":"2,05 €/KG","img":"https://fd5-photos.leclercdrive.fr/image.ashx?id=3003711&use=l&cat=p&typeid=i","cat":312607},{"id":71419,"n":"Petits pois carottes Eco  530g","p":1.12,"u":"2,11 €/KG","img":"https://fd5-photos.leclercdrive.fr/image.ashx?id=3003714&use=l&cat=p&typeid=i","cat":312607},{"id":71422,"n":"Macedoine de legumes Eco  530g","p":1.11,"u":"2,09 €/KG","img":"https://fd5-photos.leclercdrive.fr/image.ashx?id=2729245&use=l&cat=p&typeid=i","cat":312612},{"id":71423,"n":"Flageolets verts fins Eco  530g","p":1.19,"u":"2,25 €/KG","img":"https://fd5-photos.leclercdrive.fr/image.ashx?id=2720012&use=l&cat=p&typeid=i","cat":312606},{"id":71426,"n":"Lentilles Eco+ 530g","p":1.02,"u":"1,92 €/KG","img":"https://fd5-photos.leclercdrive.fr/image.ashx?id=2699087&use=l&cat=p&typeid=i","cat":312609},{"id":71429,"n":"Haricots verts extra fins Eco  440g","p":1.04,"u":"2,36 €/KG","img":"https://fd5-photos.leclercdrive.fr/image.ashx?id=3003726&use=l&cat=p&typeid=i","cat":312606},{"id":71431,"n":"Tomates entières pelées Eco+ - 480g","p":1.1,"u":"2,29 €/KG","img":"https://fd5-photos.leclercdrive.fr/image.ashx?id=3003729&use=l&cat=p&typeid=i","cat":312608},{"id":71433,"n":"Choux-fleurs Eco+ 1kg","p":1.31,"u":"1,31 €/KG","img":"https://fd5-photos.leclercdrive.fr/image.ashx?id=2892334&use=l&cat=p&typeid=i","cat":319805},{"id":71439,"n":"Filets de colin d'Alaska Eco+ 10x100g","p":5.3,"u":"5,30 €/KG","img":"https://fd5-photos.leclercdrive.fr/image.ashx?id=1668300&use=l&cat=p&typeid=i","cat":319786},{"id":71440,"n":"Curry poudre bio Ducros Flacon - 36g","p":2.09,"u":"58,06 €/KG","img":"https://fd5-photos.leclercdrive.fr/image.ashx?id=2484071&use=l&cat=p&typeid=i","cat":298297},{"id":71441,"n":"Ail bio Ducros Flacon - 52g","p":2.78,"u":"53,46 €/KG","img":"https://fd5-photos.leclercdrive.fr/image.ashx?id=2484077&use=l&cat=p&typeid=i","cat":298297},{"id":71442,"n":"Cassoulet Eco+ 840g","p":1.97,"u":"2,35 €/KG","img":"https://fd5-photos.leclercdrive.fr/image.ashx?id=2847937&use=l&cat=p&typeid=i","cat":284440},{"id":71444,"n":"Galettes au beurre Eco+ x16 - 125g","p":0.64,"pp":0.42,"u":"3,36 €/KG","img":"https://fd5-photos.leclercdrive.fr/image.ashx?id=2746781&use=l&cat=p&typeid=i","cat":284487},{"id":71446,"n":"Biscuits aux oeufs Eco+ x60 - 400g","p":1.57,"u":"3,93 €/KG","img":"https://fd5-photos.leclercdrive.fr/image.ashx?id=2804136&use=l&cat=p&typeid=i","cat":284487},{"id":71447,"n":"Curcuma bio Ducros Flacon - 42g","p":2.11,"u":"50,24 €/KG","img":"https://fd5-photos.leclercdrive.fr/image.ashx?id=2484086&use=l&cat=p&typeid=i","cat":298297},{"id":71448,"n":"Raviolis à la sauce tomate Eco+ 800g","p":1.69,"u":"2,11 €/KG","img":"https://fd5-photos.leclercdrive.fr/image.ashx?id=2688288&use=l&cat=p&typeid=i","cat":284442},{"id":71451,"n":"Serviettes maxi nuit Eco+ x10","p":0.64,"u":"0,06 €/P","img":"https://fd5-photos.leclercdrive.fr/image.ashx?id=2824739&use=l&cat=p&typeid=i","cat":284624},{"id":71454,"n":"Persil bio Ducros Flacon - 7g","p":2.14,"u":"305,71 €/KG","img":"https://fd5-photos.leclercdrive.fr/image.ashx?id=2484062&use=l&cat=p&typeid=i","cat":298297},{"id":71455,"n":"Gélatine feuille bio Vahiné 10g","p":1.18,"u":"118,00 €/KG","img":"https://fd5-photos.leclercdrive.fr/image.ashx?id=2559829&use=l&cat=p&typeid=i","cat":284504},{"id":71456,"n":"Amande effilée bio Vahiné 100g","p":3.9,"u":"39,00 €/KG","img":"https://fd5-photos.leclercdrive.fr/image.ashx?id=2559838&use=l&cat=p&typeid=i","cat":284504},{"id":71457,"n":"Amande poudre bio Vahiné 100g","p":3.59,"u":"35,90 €/KG","img":"https://fd5-photos.leclercdrive.fr/image.ashx?id=2504221&use=l&cat=p&typeid=i","cat":284504},{"id":71459,"n":"Noix coco rapée bio Vahiné 115g","p":1.92,"u":"16,70 €/KG","img":"https://fd5-photos.leclercdrive.fr/image.ashx?id=2559841&use=l&cat=p&typeid=i","cat":284504},{"id":71461,"n":"Sucre vanillé bio Vahiné 5 sachets - 35G","p":3.05,"u":"87,14 €/KG","img":"https://fd5-photos.leclercdrive.fr/image.ashx?id=2559835&use=l&cat=p&typeid=i","cat":284504},{"id":71462,"n":"Pépites chocolat noirVahiné Bio - 100g","p":2.51,"u":"25,10 €/KG","img":"https://fd5-photos.leclercdrive.fr/image.ashx?id=2504227&use=l&cat=p&typeid=i","cat":284504},{"id":71463,"n":"Raisins secs bio Vahiné 200g","p":2.84,"u":"14,20 €/KG","img":"https://fd5-photos.leclercdrive.fr/image.ashx?id=2559844&use=l&cat=p&typeid=i","cat":284357},{"id":71468,"n":"Spécialité au soja Nat&Vie Café - 4x100g","p":1.45,"u":"3,63 €/KG","img":"https://fd5-photos.leclercdrive.fr/image.ashx?id=2901470&use=l&cat=p&typeid=i","cat":316071},{"id":71469,"n":"DOC Prosecco extra-dry blanc 7% vol - 75cl","p":4.99,"u":"6,65 €/L","img":"https://fd5-photos.leclercdrive.fr/image.ashx?id=2977171&use=l&cat=p&typeid=i","cat":289461},{"id":71472,"n":"Queues de Langouste  Cuisine & Océan - 500g","p":29.9,"u":"59,80 €/KG","img":"https://fd5-photos.leclercdrive.fr/image.ashx?id=2291333&use=l&cat=p&typeid=i","cat":319787},{"id":71473,"n":"Vin d'Espagne blanc Chardonnay Adrien Champaud - BIB 5L","p":11.99,"u":"2,40 €/L","img":"https://fd5-photos.leclercdrive.fr/image.ashx?id=2960505&use=l&cat=p&typeid=i","cat":289557},{"id":71475,"n":"Vin d'Espagne Grenache rosé Adrien Champaud - BIB 5L","p":9.99,"u":"2,00 €/L","img":"https://fd5-photos.leclercdrive.fr/image.ashx?id=2959623&use=l&cat=p&typeid=i","cat":289560},{"id":71479,"n":"Cookies P'tit Déli Paillettes muticolores - 150g","p":1.45,"u":"9,67 €/KG","img":"https://fd5-photos.leclercdrive.fr/image.ashx?id=2939064&use=l&cat=p&typeid=i","cat":325066},{"id":71485,"n":"Vin d'Espagne Grenache rosé Adrien Champaud - BIB 10L","p":18.99,"u":"1,90 €/L","img":"https://fd5-photos.leclercdrive.fr/image.ashx?id=2959629&use=l&cat=p&typeid=i","cat":289560},{"id":71488,"n":"Mini chinois Epi d'Or Pepites de chocolat x6 - 300g","p":1.85,"u":"6,17 €/KG","img":"https://fd5-photos.leclercdrive.fr/image.ashx?id=2867916&use=l&cat=p&typeid=i","cat":296366},{"id":71489,"n":"Croissants Epi d'Or x8 - 320g","p":1.64,"u":"5,13 €/KG","img":"https://fd5-photos.leclercdrive.fr/image.ashx?id=2860766&use=l&cat=p&typeid=i","cat":296366},{"id":71490,"n":"Vin d'Espagne blanc Sauvignon Adrien Champaud - BIB 5L","p":9.99,"u":"2,00 €/L","img":"https://fd5-photos.leclercdrive.fr/image.ashx?id=2960511&use=l&cat=p&typeid=i","cat":289560},{"id":71491,"n":"Croissants Epi d'Or x14 - 560g","p":2.79,"u":"4,98 €/KG","img":"https://fd5-photos.leclercdrive.fr/image.ashx?id=2860769&use=l&cat=p&typeid=i","cat":296366},{"id":71495,"n":"IGP Pays d'Oc Sauvignon Blanc Vieux Carion 11.5% vol BIB 3L","p":7.99,"u":"2,66 €/L","img":"https://fd5-photos.leclercdrive.fr/image.ashx?id=2900346&use=l&cat=p&typeid=i","cat":289557},{"id":71496,"n":"Tartelette P'tit Déli Chocolat au lait caramel - 127g","p":1.49,"u":"11,73 €/KG","img":"https://fd5-photos.leclercdrive.fr/image.ashx?id=2722820&use=l&cat=p&typeid=i","cat":284488},{"id":71497,"n":"Tartelette P'tit Déli Fraise - 127g","p":1.42,"u":"11,18 €/KG","img":"https://fd5-photos.leclercdrive.fr/image.ashx?id=2888640&use=l&cat=p&typeid=i","cat":284489},{"id":71498,"n":"Lait concentré Délisse Non sucré x10  - 75g","p":0.44,"u":"5,87 €/KG","img":"https://fd5-photos.leclercdrive.fr/image.ashx?id=2671822&use=l&cat=p&typeid=i","cat":299162},{"id":71499,"n":"Gaufrette roulée P'tit Déli Chocolat noir - 125g","p":1.29,"u":"10,32 €/KG","img":"https://fd5-photos.leclercdrive.fr/image.ashx?id=2858848&use=l&cat=p&typeid=i","cat":284490},{"id":71511,"n":"Coquilles St-Jacques Côté Table 2x90g","p":4.1,"u":"22,78 €/KG","img":"https://fd5-photos.leclercdrive.fr/image.ashx?id=2234975&use=l&cat=p&typeid=i","cat":319775},{"id":71514,"n":"Sablé pur beurre P'tit Déli Caramel - 100g","p":1.18,"u":"11,80 €/KG","img":"https://fd5-photos.leclercdrive.fr/image.ashx?id=2660574&use=l&cat=p&typeid=i","cat":284487},{"id":71519,"n":"Yaourt Bio Bio Village Aromatisé Citron - 4x125g","p":1.39,"u":"2,78 €/KG","img":"https://fd5-photos.leclercdrive.fr/image.ashx?id=2289666&use=l&cat=p&typeid=i","cat":286006},{"id":71523,"n":"Sablés pur beurre P'tit Déli Coco - 100g","p":1.89,"u":"18,90 €/KG","img":"https://fd5-photos.leclercdrive.fr/image.ashx?id=2709704&use=l&cat=p&typeid=i","cat":284487},{"id":71524,"n":"Goûter rectangle P'tit Déli Fourré chocolat - 125g","p":1.19,"u":"9,52 €/KG","img":"https://fd5-photos.leclercdrive.fr/image.ashx?id=2619725&use=l&cat=p&typeid=i","cat":284488},{"id":71528,"n":"Fromage frais nature Bio Bio village - 8x100g","p":3.16,"u":"3,95 €/KG","img":"https://fd5-photos.leclercdrive.fr/image.ashx?id=2839950&use=l&cat=p&typeid=i","cat":284409},{"id":71531,"n":"Crème fraiche bio Bio village Epaisse - 30% MG  - 50cl","p":2.66,"u":"5,32 €/L","img":"https://fd5-photos.leclercdrive.fr/image.ashx?id=1975050&use=l&cat=p&typeid=i","cat":284381},{"id":71546,"n":"Gaufrettes P'tit Déli Vanille - 110g","p":1.01,"u":"9,18 €/KG","img":"https://fd5-photos.leclercdrive.fr/image.ashx?id=2436023&use=l&cat=p&typeid=i","cat":284487},{"id":71553,"n":"Déodorant Manava Freesia Orchidée - 200ml","p":1.34,"u":"6,70 €/L","img":"https://fd5-photos.leclercdrive.fr/image.ashx?id=2656454&use=l&cat=p&typeid=i","cat":284595},{"id":71555,"n":"Miel  Nid D'Abeille Montagne d'Espagne - 500g","p":5.34,"u":"10,68 €/KG","img":"https://fd5-photos.leclercdrive.fr/image.ashx?id=1952922&use=l&cat=p&typeid=i","cat":287643},{"id":71557,"n":"Mini sables P'tit Déli Chocolat au lait - 160g","p":1.89,"u":"11,81 €/KG","img":"https://fd5-photos.leclercdrive.fr/image.ashx?id=2323295&use=l&cat=p&typeid=i","cat":284488},{"id":71561,"n":"Palets P'tit Déli A la madeleine - 125g","p":1.15,"u":"9,20 €/KG","img":"https://fd5-photos.leclercdrive.fr/image.ashx?id=2693138&use=l&cat=p&typeid=i","cat":284487},{"id":71563,"n":"Mayonnaise Rustica A la moutarde de Dijon - 720g","p":2.45,"u":"3,40 €/KG","img":"https://fd5-photos.leclercdrive.fr/image.ashx?id=2954379&use=l&cat=p&typeid=i","cat":298295},{"id":71565,"n":"Pêches Douceur du Verger Sirop léger - 465g","p":1.62,"u":"3,48 €/KG","img":"https://fd5-photos.leclercdrive.fr/image.ashx?id=2666471&use=l&cat=p&typeid=i","cat":284507},{"id":71566,"n":"Sauce Soja Tables Du Monde 125ml","p":0.83,"u":"6,64 €/L","img":"https://fd5-photos.leclercdrive.fr/image.ashx?id=2679765&use=l&cat=p&typeid=i","cat":288992},{"id":71568,"n":"Sauce soja sucrée Table du monde - 125ml","p":0.83,"u":"6,64 €/L","img":"https://fd5-photos.leclercdrive.fr/image.ashx?id=2679762&use=l&cat=p&typeid=i","cat":288992},{"id":71570,"n":"Palmiers P'tit Déli Zestes Citron - 100g","p":0.86,"u":"8,60 €/KG","img":"https://fd5-photos.leclercdrive.fr/image.ashx?id=2331321&use=l&cat=p&typeid=i","cat":284487},{"id":71574,"n":"Gaufrettes P'tit Déli Chocolat noisette - 160g","p":1.54,"u":"9,63 €/KG","img":"https://fd5-photos.leclercdrive.fr/image.ashx?id=2915302&use=l&cat=p&typeid=i","cat":284488},{"id":71575,"n":"Test de grossesse Primoplast x1","p":0.74,"img":"https://fd5-photos.leclercdrive.fr/image.ashx?id=2832975&use=l&cat=p&typeid=i","cat":324482},{"id":71576,"n":"Recharge brosse Mamison 90 feuilles adhésives","p":3.0,"img":"https://fd5-photos.leclercdrive.fr/image.ashx?id=2744134&use=l&cat=p&typeid=i","cat":284669},{"id":71578,"n":"Crème lavante Manava Surgras - 300ml","p":1.12,"u":"3,73 €/L","img":"https://fd5-photos.leclercdrive.fr/image.ashx?id=2935513&use=l&cat=p&typeid=i","cat":284597},{"id":71579,"n":"Recharge crème lavante Manava Surgras - 250ml","p":0.66,"u":"2,64 €/L","img":"https://fd5-photos.leclercdrive.fr/image.ashx?id=2935516&use=l&cat=p&typeid=i","cat":284597},{"id":71580,"n":"Tampons digitaux Doulys Super+ x24","p":2.09,"u":"0,09 €/P","img":"https://fd5-photos.leclercdrive.fr/image.ashx?id=2965521&use=l&cat=p&typeid=i","cat":284626},{"id":71599,"n":"Bicarbonate de soude Clair 500g","p":1.5,"u":"3,00 €/KG","img":"https://fd5-photos.leclercdrive.fr/image.ashx?id=2822129&use=l&cat=p&typeid=i","cat":325365},{"id":71600,"n":"Champignons Notre Jardin Emincés, épais - 230g","p":1.43,"u":"6,22 €/KG","img":"https://fd5-photos.leclercdrive.fr/image.ashx?id=2553917&use=l&cat=p&typeid=i","cat":312610},{"id":71602,"n":"Change bébé Mots d'Enfants Nouveau né - T1 - 2/5kg - x23","p":2.36,"u":"0,10 €/P","img":"https://fd5-photos.leclercdrive.fr/image.ashx?id=2907225&use=l&cat=p&typeid=i","cat":284737},{"id":71627,"n":"Boisson végétale Bio Village Soja chocolat bio - 1l","p":1.5,"u":"1,50 €/L","img":"https://fd5-photos.leclercdrive.fr/image.ashx?id=2352240&use=l&cat=p&typeid=i","cat":316067},{"id":71629,"n":"Boisson végétale Bio Village Lait amande intense bio - 1l","p":2.39,"u":"2,39 €/L","img":"https://fd5-photos.leclercdrive.fr/image.ashx?id=2386185&use=l&cat=p&typeid=i","cat":316067},{"id":71637,"n":"Bâtonnets enrobés bio Bio Village - Chocolat noir - 125g","p":1.99,"u":"15,92 €/KG","img":"https://fd5-photos.leclercdrive.fr/image.ashx?id=1947402&use=l&cat=p&typeid=i","cat":284488},{"id":71640,"n":"Coeur de filet de saumon fumé  D'Écosse L'origine du goût 140g","p":8.48,"u":"60,57 €/KG","img":"https://fd5-photos.leclercdrive.fr/image.ashx?id=3015290&use=l&cat=p&typeid=i","cat":285188},{"id":71647,"n":"Biscuit graine Bio Village Pépites de chocolat Bio - 140g","p":1.85,"u":"13,21 €/KG","img":"https://fd5-photos.leclercdrive.fr/image.ashx?id=1667266&use=l&cat=p&typeid=i","cat":325066},{"id":71649,"n":"Herbe Provence bio Bio Village 14g","p":0.79,"u":"56,43 €/KG","img":"https://fd5-photos.leclercdrive.fr/image.ashx?id=2711695&use=l&cat=p&typeid=i","cat":298297},{"id":71650,"n":"Saumon fumé L'Origine du Goût Ecosse x4 - 140g","p":8.04,"u":"57,43 €/KG","img":"https://fd5-photos.leclercdrive.fr/image.ashx?id=2820448&use=l&cat=p&typeid=i","cat":285188},{"id":71655,"n":"Curry moulu Bio Village Bio - 37g","p":1.25,"u":"33,78 €/KG","img":"https://fd5-photos.leclercdrive.fr/image.ashx?id=2714989&use=l&cat=p&typeid=i","cat":298297},{"id":71679,"n":"Truffe noire du Périgord L'Origine du goût - 12,5g","p":15.99,"img":"https://fd5-photos.leclercdrive.fr/image.ashx?id=2823765&use=l&cat=p&typeid=i","cat":312610},{"id":71683,"n":"Pâtes de fruits NRT Assortiment 300g","p":8.7,"u":"29,00 €/KG","img":"https://fd5-photos.leclercdrive.fr/image.ashx?id=1646525&use=l&cat=p&typeid=i","cat":284499},{"id":71687,"n":"Pelure truffes noires Périgord L'origine du Goût - 12,5g","p":9.95,"u":"829,17 €/KG","img":"https://fd5-photos.leclercdrive.fr/image.ashx?id=2822953&use=l&cat=p&typeid=i","cat":312610},{"id":71693,"n":"Spray coiffant Stylista Beach waves - 200ml","p":7.12,"u":"35,60 €/L","img":"https://fd5-photos.leclercdrive.fr/image.ashx?id=2316195&use=l&cat=p&typeid=i","cat":284609},{"id":71752,"n":"Oignon botte 1p","p":1.76,"img":"https://fd5-photos.leclercdrive.fr/image.ashx?id=1631355&use=l&cat=p&typeid=i","cat":284352},{"id":72032,"n":"Bière blonde Affligem 6.7% vol -  Fût 5L","p":18.67,"u":"3,73 €/L","img":"https://fd5-photos.leclercdrive.fr/image.ashx?id=2672722&use=l&cat=p&typeid=i","cat":334879},{"id":72140,"n":"Poulet rôti fermier  1P","p":15.9,"img":"https://fd5-photos.leclercdrive.fr/image.ashx?id=1648959&use=l&cat=p&typeid=i","cat":284336},{"id":72164,"n":"Soda au cola Pepsi Zéro sucres Le lot de 4x1.5L","p":4.44,"u":"0,74 €/L","img":"https://fd5-photos.leclercdrive.fr/image.ashx?id=2692560&use=l&cat=p&typeid=i","cat":284530},{"id":72190,"n":"Lomo Bellota L'Origine du Goût - 80g","p":5.95,"u":"74,38 €/KG","img":"https://fd5-photos.leclercdrive.fr/image.ashx?id=1244434&use=l&cat=p&typeid=i","cat":316007},{"id":72191,"n":"Jamon Bellota 48 mois L'Origine du goût - 70g","p":9.5,"u":"135,71 €/KG","img":"https://fd5-photos.leclercdrive.fr/image.ashx?id=1244431&use=l&cat=p&typeid=i","cat":316007},{"id":72448,"n":"Gateaux Ourson Lu Fraise - 3x150g","p":4.31,"u":"9,58 €/KG","img":"https://fd5-photos.leclercdrive.fr/image.ashx?id=3004777&use=l&cat=p&typeid=i","cat":284495},{"id":72731,"n":"Chocolat Pâtissier Nestlé Dessert : Noir 70% - 170g","p":2.93,"u":"17,24 €/KG","img":"https://fd5-photos.leclercdrive.fr/image.ashx?id=2902358&use=l&cat=p&typeid=i","cat":285562},{"id":72734,"n":"Pain de mie Schär - Céréales Sans gluten - 300g","p":3.86,"u":"12,87 €/KG","img":"https://fd5-photos.leclercdrive.fr/image.ashx?id=2659421&use=l&cat=p&typeid=i","cat":318654},{"id":72737,"n":"Betterave rouge ronde Bio x6  500GR","p":1.95,"u":"3,90 €/KG","img":"https://fd5-photos.leclercdrive.fr/image.ashx?id=560864&use=l&cat=p&typeid=i","cat":284352},{"id":72740,"n":"Crips rolls  Dr Schar 150g","p":3.67,"u":"24,47 €/KG","img":"https://fd5-photos.leclercdrive.fr/image.ashx?id=2439938&use=l&cat=p&typeid=i","cat":284479},{"id":72786,"n":"Bière blonde Pelforth Fût pression - 5L","p":15.81,"u":"3,16 €/L","img":"https://fd5-photos.leclercdrive.fr/image.ashx?id=2767249&use=l&cat=p&typeid=i","cat":334879},{"id":72789,"n":"Bière blonde Desperados Fût 5L","p":18.81,"u":"3,76 €/L","img":"https://fd5-photos.leclercdrive.fr/image.ashx?id=2983513&use=l&cat=p&typeid=i","cat":334879},{"id":72790,"n":"Caviar Baerii origine France  L'origine du goût - 20g","p":19.95,"u":"997,50 €/KG","img":"https://fd5-photos.leclercdrive.fr/image.ashx?id=2807324&use=l&cat=p&typeid=i","cat":285191},{"id":72791,"n":"Bière Desperados 3x33cl","p":4.24,"u":"4,28 €/L","img":"https://fd5-photos.leclercdrive.fr/image.ashx?id=2983120&use=l&cat=p&typeid=i","cat":334878},{"id":72894,"n":"Huile d'olive Rustica Vierge extra fruité - 75cl","p":7.99,"u":"10,65 €/L","img":"https://fd5-photos.leclercdrive.fr/image.ashx?id=2898029&use=l&cat=p&typeid=i","cat":284453},{"id":72899,"n":"Crème de chataîgne Ethiquable de L'Aveyron bio - 320g","p":4.09,"u":"12,78 €/KG","img":"https://fd5-photos.leclercdrive.fr/image.ashx?id=2997106&use=l&cat=p&typeid=i","cat":284481},{"id":72903,"n":"Pruneaux d'agen Ethiquable Bio - 250g","p":3.13,"u":"12,52 €/KG","img":"https://fd5-photos.leclercdrive.fr/image.ashx?id=2944227&use=l&cat=p&typeid=i","cat":284357},{"id":72909,"n":"Pur jus de pomme Paysans d'ici Pommes Bio - 1L","p":2.91,"u":"2,91 €/L","img":"https://fd5-photos.leclercdrive.fr/image.ashx?id=2522308&use=l&cat=p&typeid=i","cat":284522},{"id":72910,"n":"Pur jus Ethiquable Raisin bio - 1L","p":3.18,"u":"3,18 €/L","img":"https://fd5-photos.leclercdrive.fr/image.ashx?id=2916255&use=l&cat=p&typeid=i","cat":284915},{"id":72911,"n":"Pur jus Ethiquable Tomates de Marmande bio - 75cl","p":2.19,"u":"2,92 €/L","img":"https://fd5-photos.leclercdrive.fr/image.ashx?id=2915575&use=l&cat=p&typeid=i","cat":284523},{"id":72920,"n":"Lentilles Bio Paysans d'ici  Vertes France - 500g","p":2.92,"u":"5,84 €/KG","img":"https://fd5-photos.leclercdrive.fr/image.ashx?id=2977552&use=l&cat=p&typeid=i","cat":284430},{"id":72921,"n":"Lentilles roses Paysans d'Ici Gascogne  Bio - 500g","p":3.31,"u":"6,62 €/KG","img":"https://fd5-photos.leclercdrive.fr/image.ashx?id=2997118&use=l&cat=p&typeid=i","cat":284430},{"id":72923,"n":"Pois chiche Bio Paysans d'ici Gascogne - 500g","p":2.42,"u":"4,84 €/KG","img":"https://fd5-photos.leclercdrive.fr/image.ashx?id=2322367&use=l&cat=p&typeid=i","cat":284430},{"id":72924,"n":"Petit épeautre Ethiquable Gers bio - 500g","p":2.68,"u":"5,36 €/KG","img":"https://fd5-photos.leclercdrive.fr/image.ashx?id=2997112&use=l&cat=p&typeid=i","cat":318651},{"id":72932,"n":"Spaghetti bolognaise Côté Table 415g","p":2.03,"u":"4,89 €/KG","img":"https://fd5-photos.leclercdrive.fr/image.ashx?id=2977882&use=l&cat=p&typeid=i","cat":284442},{"id":72934,"n":"Sauce nuoc mam Tables du monde 125ml","p":0.91,"u":"7,28 €/L","img":"https://fd5-photos.leclercdrive.fr/image.ashx?id=2679771&use=l&cat=p&typeid=i","cat":288992},{"id":72988,"n":"Eau Micellaire Biphase Garnier Maquillage Waterproof - 400ml","p":4.43,"u":"11,08 €/L","img":"https://fd5-photos.leclercdrive.fr/image.ashx?id=2286299&use=l&cat=p&typeid=i","cat":284603},{"id":73001,"n":"Blinis Ronde des mers x4 - 200g","p":1.25,"u":"6,25 €/KG","img":"https://fd5-photos.leclercdrive.fr/image.ashx?id=1919585&use=l&cat=p&typeid=i","cat":285191},{"id":73006,"n":"Sauce pour nems Tables du monde 125ml","p":0.99,"u":"7,92 €/L","img":"https://fd5-photos.leclercdrive.fr/image.ashx?id=2526306&use=l&cat=p&typeid=i","cat":288992},{"id":73064,"n":"Masque tissu hydratant Garnier Repulpant Grenade Hydrabomb","p":2.23,"img":"https://fd5-photos.leclercdrive.fr/image.ashx?id=2401583&use=l&cat=p&typeid=i","cat":325346},{"id":73084,"n":"Crème Hydratante Visage Mixa Peaux Sensibles - 100ml","p":4.08,"u":"40,80 €/L","img":"https://fd5-photos.leclercdrive.fr/image.ashx?id=2300749&use=l&cat=p&typeid=i","cat":325345},{"id":73213,"n":"Muscat Réserve du Président Pétillant - rosé -  75cl","p":10.67,"u":"14,23 €/L","img":"https://fd5-photos.leclercdrive.fr/image.ashx?id=1625502&use=l&cat=p&typeid=i","cat":284544},{"id":73215,"n":"Muscat Réserve du Président Pétillant - Nuit bleue - 75cl","p":9.95,"u":"13,27 €/L","img":"https://fd5-photos.leclercdrive.fr/image.ashx?id=1758244&use=l&cat=p&typeid=i","cat":284544},{"id":73313,"n":"Caviar Oscietre origine France  L'origine du goût - 20g","p":24.9,"img":"https://fd5-photos.leclercdrive.fr/image.ashx?id=2807327&use=l&cat=p&typeid=i","cat":285191},{"id":73314,"n":"Protège matelas Tissaia Microrespirant -140x190cm","p":19.85,"img":"https://fd5-photos.leclercdrive.fr/image.ashx?id=1220895&use=l&cat=p&typeid=i","cat":288835},{"id":73316,"n":"Protège matelas Tissaia Microrespirant -160x200cm","p":23.85,"img":"https://fd5-photos.leclercdrive.fr/image.ashx?id=1220892&use=l&cat=p&typeid=i","cat":288835},{"id":73346,"n":"Apéritif de nos régions 26 pièces - 320g","p":5.3,"u":"16,56 €/KG","img":"https://fd5-photos.leclercdrive.fr/image.ashx?id=1988262&use=l&cat=p&typeid=i","cat":319774},{"id":73347,"n":"Apéritif de nos régions Fromager, 20 pièces, 250g","p":5.3,"u":"21,20 €/KG","img":"https://fd5-photos.leclercdrive.fr/image.ashx?id=1566898&use=l&cat=p&typeid=i","cat":319774},{"id":73348,"n":"Apéritif de nos régions A l'italienne, 22 pièces - 220g","p":5.3,"u":"24,09 €/KG","img":"https://fd5-photos.leclercdrive.fr/image.ashx?id=1567240&use=l&cat=p&typeid=i","cat":319774},{"id":73349,"n":"Apéritif de nos régions Provençale, 26 pièces - 320g","p":5.3,"u":"16,56 €/KG","img":"https://fd5-photos.leclercdrive.fr/image.ashx?id=1565353&use=l&cat=p&typeid=i","cat":319774},{"id":73689,"n":"Pomme jaune bio Bio Village x4","p":1.99,"u":"0,50 €/P","img":"https://fd5-photos.leclercdrive.fr/image.ashx?id=2556544&use=l&cat=p&typeid=i","cat":284356},{"id":73697,"n":"Compote Allégée en sucres Eco+ Bocal pomme - 720g","p":0.85,"u":"1,18 €/KG","img":"https://fd5-photos.leclercdrive.fr/image.ashx?id=2953185&use=l&cat=p&typeid=i","cat":284508},{"id":73706,"n":"Riz basmati Eco+ 1kg","p":2.01,"u":"2,01 €/KG","img":"https://fd5-photos.leclercdrive.fr/image.ashx?id=2141651&use=l&cat=p&typeid=i","cat":284428},{"id":73708,"n":"Purée de tomate Eco+ Brique - 500g","p":0.51,"u":"1,02 €/KG","img":"https://fd5-photos.leclercdrive.fr/image.ashx?id=2756576&use=l&cat=p&typeid=i","cat":288384},{"id":73715,"n":"Vin blanc AOC Bourgogne Aligoté Couvent des Visitandines - 75cl","p":10.97,"u":"14,63 €/L","img":"https://fd5-photos.leclercdrive.fr/image.ashx?id=2955294&use=l&cat=p&typeid=i","cat":289557},{"id":73717,"n":"Pommes de terre Eco+ 530g","p":1.15,"u":"2,17 €/KG","img":"https://fd5-photos.leclercdrive.fr/image.ashx?id=2473186&use=l&cat=p&typeid=i","cat":312612},{"id":73727,"n":"Bouchées pour chats  Eco+ Boeuf poulet légumes - 410g","p":0.79,"u":"1,93 €/KG","img":"https://fd5-photos.leclercdrive.fr/image.ashx?id=2965786&use=l&cat=p&typeid=i","cat":285601},{"id":73729,"n":"Tartelettes à la fraise Eco+ x12 - 200g","p":0.8,"u":"4,00 €/KG","img":"https://fd5-photos.leclercdrive.fr/image.ashx?id=2869757&use=l&cat=p&typeid=i","cat":284489},{"id":73732,"n":"Gel WC javel Eco+ 750ml","p":0.57,"u":"0,76 €/L","img":"https://fd5-photos.leclercdrive.fr/image.ashx?id=2768074&use=l&cat=p&typeid=i","cat":284662},{"id":73735,"n":"Café moulu Eco+ Pur arabica - 500g","p":6.44,"u":"12,88 €/KG","img":"https://fd5-photos.leclercdrive.fr/image.ashx?id=2874374&use=l&cat=p&typeid=i","cat":284750},{"id":73781,"n":"Maïs doux Eco+ 285g","p":0.78,"u":"2,74 €/KG","img":"https://fd5-photos.leclercdrive.fr/image.ashx?id=3003738&use=l&cat=p&typeid=i","cat":312611},{"id":73783,"n":"Cocktail 4 fruits Eco+ Sirop léger - 500 g","p":1.66,"u":"3,32 €/KG","img":"https://fd5-photos.leclercdrive.fr/image.ashx?id=2783011&use=l&cat=p&typeid=i","cat":284507},{"id":73785,"n":"Gateaux fourrage chocolat Eco+ x14 - 420g","p":1.98,"u":"4,71 €/KG","img":"https://fd5-photos.leclercdrive.fr/image.ashx?id=2690913&use=l&cat=p&typeid=i","cat":284369},{"id":73789,"n":"Rhum vieux agricole Damoiseau 42% vol - 70cl","p":22.6,"pp":20.34,"u":"29,06 €/L","img":"https://fd5-photos.leclercdrive.fr/image.ashx?id=1899300&use=l&cat=p&typeid=i","cat":284550},{"id":73790,"n":"Café soluble Eco+ 200g","p":3.47,"u":"17,35 €/KG","img":"https://fd5-photos.leclercdrive.fr/image.ashx?id=1654429&use=l&cat=p&typeid=i","cat":284843},{"id":73793,"n":"Goûters ronds Eco+ Fourrés chocolat - 500g","p":1.35,"u":"2,70 €/KG","img":"https://fd5-photos.leclercdrive.fr/image.ashx?id=2222751&use=l&cat=p&typeid=i","cat":284488},{"id":73797,"n":"Pâtes Eco+ Macaroni - 1kg","p":0.99,"u":"0,99 €/KG","img":"https://fd5-photos.leclercdrive.fr/image.ashx?id=2887395&use=l&cat=p&typeid=i","cat":284427},{"id":73798,"n":"Pâtes Eco+ Coquillettes - 1kg","p":1.01,"u":"1,01 €/KG","img":"https://fd5-photos.leclercdrive.fr/image.ashx?id=2885723&use=l&cat=p&typeid=i","cat":284427},{"id":73799,"n":"Pâtes Eco+ Torsades - 1kg","p":1.0,"u":"1,00 €/KG","img":"https://fd5-photos.leclercdrive.fr/image.ashx?id=2885726&use=l&cat=p&typeid=i","cat":284427},{"id":73800,"n":"Dosettes café Eco+ 100% arabica - x48 - 336g","p":4.32,"u":"12,86 €/KG","img":"https://fd5-photos.leclercdrive.fr/image.ashx?id=2711586&use=l&cat=p&typeid=i","cat":293238},{"id":73801,"n":"Dosettes café Eco+ 100% Robusta - x48 - 336g","p":4.09,"u":"12,17 €/KG","img":"https://fd5-photos.leclercdrive.fr/image.ashx?id=2800222&use=l&cat=p&typeid=i","cat":293238},{"id":73803,"n":"Shampooing aux oeufs Eco+ 750ml","p":0.52,"u":"0,69 €/L","img":"https://fd5-photos.leclercdrive.fr/image.ashx?id=2779178&use=l&cat=p&typeid=i","cat":284606},{"id":73804,"n":"Lingettes démaquillantes Eco+ x25","p":0.67,"u":"0,03 €/P","img":"https://fd5-photos.leclercdrive.fr/image.ashx?id=2282156&use=l&cat=p&typeid=i","cat":284603},{"id":73805,"n":"Biscuit fourré cacao Eco+ x12 - 225g","p":0.93,"u":"4,13 €/KG","img":"https://fd5-photos.leclercdrive.fr/image.ashx?id=2834223&use=l&cat=p&typeid=i","cat":284488},{"id":73807,"n":"Carré coton bébé Eco+ x60","p":0.99,"u":"0,02 €/P","img":"https://fd5-photos.leclercdrive.fr/image.ashx?id=2987634&use=l&cat=p&typeid=i","cat":284739},{"id":73818,"n":"Mister Cocktail sans alcool Planteur créole - 75cl","p":3.18,"u":"4,24 €/L","img":"https://fd5-photos.leclercdrive.fr/image.ashx?id=2962230&use=l&cat=p&typeid=i","cat":284549},{"id":73834,"n":"Haricots verts D'Aucy Extra fins - 1kg","p":3.08,"u":"3,08 €/KG","img":"https://fd5-photos.leclercdrive.fr/image.ashx?id=2512146&use=l&cat=p&typeid=i","cat":319805},{"id":73956,"n":"Essuie tout Original N°1 Okay Décoré - x6 rouleaux","p":4.55,"u":"0,76 €/P","img":"https://fd5-photos.leclercdrive.fr/image.ashx?id=2893093&use=l&cat=p&typeid=i","cat":284635},{"id":73957,"n":"Essuie tout Original N°1 Okay Blanc - x6 rouleaux","p":4.19,"u":"0,70 €/P","img":"https://fd5-photos.leclercdrive.fr/image.ashx?id=2981346&use=l&cat=p&typeid=i","cat":284635},{"id":74047,"n":"Parmentier de porc Eco+ 1kg","p":2.6,"u":"2,60 €/KG","img":"https://fd5-photos.leclercdrive.fr/image.ashx?id=2774885&use=l&cat=p&typeid=i","cat":284254},{"id":74048,"n":"Lasagnes à la bolognaise Eco + 1kg","p":2.54,"u":"2,54 €/KG","img":"https://fd5-photos.leclercdrive.fr/image.ashx?id=2779166&use=l&cat=p&typeid=i","cat":284254},{"id":74089,"n":"Batonnets Poissons panés Eco+ x15 - 450g","p":1.6,"u":"3,56 €/KG","img":"https://fd5-photos.leclercdrive.fr/image.ashx?id=2843565&use=l&cat=p&typeid=i","cat":319788},{"id":74090,"n":"Nectar Multifruits Eco+ Brique - 2L","p":1.41,"u":"0,71 €/L","img":"https://fd5-photos.leclercdrive.fr/image.ashx?id=2751853&use=l&cat=p&typeid=i","cat":284917},{"id":74091,"n":"Mozzarella Eco+ 18%mg - 125g","p":0.76,"u":"6,08 €/KG","img":"https://fd5-photos.leclercdrive.fr/image.ashx?id=2754868&use=l&cat=p&typeid=i","cat":314026},{"id":74094,"n":"Paella Eco+ Sachet - 1kg","p":3.59,"u":"3,59 €/KG","img":"https://fd5-photos.leclercdrive.fr/image.ashx?id=2801771&use=l&cat=p&typeid=i","cat":284254},{"id":74101,"n":"Saucisson sec Eco+ 200g","p":1.73,"u":"8,65 €/KG","img":"https://fd5-photos.leclercdrive.fr/image.ashx?id=2244808&use=l&cat=p&typeid=i","cat":316006},{"id":74105,"n":"Pur jus d'orange Eco  1.5L","p":2.46,"u":"1,64 €/L","img":"https://fd5-photos.leclercdrive.fr/image.ashx?id=2720136&use=l&cat=p&typeid=i","cat":284521},{"id":74110,"n":"Chorizo doux Eco+ 250g","p":1.66,"u":"6,64 €/KG","img":"https://fd5-photos.leclercdrive.fr/image.ashx?id=2694082&use=l&cat=p&typeid=i","cat":316006},{"id":74112,"n":"Pommes frites Eco+ 1kg","p":1.68,"u":"1,68 €/KG","img":"https://fd5-photos.leclercdrive.fr/image.ashx?id=2958302&use=l&cat=p&typeid=i","cat":319791},{"id":74114,"n":"Eau de source Eco+ 12x50cl","p":1.61,"u":"0,27 €/L","img":"https://fd5-photos.leclercdrive.fr/image.ashx?id=2991416&use=l&cat=p&typeid=i","cat":284535},{"id":74115,"n":"Petit Brie Eco+ 32%mg - 500g","p":3.39,"u":"6,78 €/KG","img":"https://fd5-photos.leclercdrive.fr/image.ashx?id=2938403&use=l&cat=p&typeid=i","cat":314033},{"id":74116,"n":"Bière blonde de luxe 4% - 50cl","p":0.57,"u":"1,14 €/L","img":"https://fd5-photos.leclercdrive.fr/image.ashx?id=2955629&use=l&cat=p&typeid=i","cat":334853},{"id":74123,"n":"Citron jaune Rustica 200ml","p":0.79,"u":"3,95 €/L","img":"https://fd5-photos.leclercdrive.fr/image.ashx?id=2627652&use=l&cat=p&typeid=i","cat":288383},{"id":74124,"n":"Citron vert Rustica 200ml","p":0.89,"u":"4,45 €/L","img":"https://fd5-photos.leclercdrive.fr/image.ashx?id=2635768&use=l&cat=p&typeid=i","cat":288383},{"id":74133,"n":"Bâtonnets de Surimi Pêche Océan MSC - x18 bâtonnets - 300g","p":2.05,"u":"6,83 €/KG","img":"https://fd5-photos.leclercdrive.fr/image.ashx?id=3004633&use=l&cat=p&typeid=i","cat":285189},{"id":74284,"n":"Brocolis bio Bio Village 500g","p":2.49,"u":"4,98 €/KG","img":"https://fd5-photos.leclercdrive.fr/image.ashx?id=2960547&use=l&cat=p&typeid=i","cat":284352},{"id":74307,"n":"Papier cadeau Esquisse Argent - Métallisé - 2m","p":0.79,"img":"https://fd5-photos.leclercdrive.fr/image.ashx?id=1274917&use=l&cat=p&typeid=i","cat":335914},{"id":74326,"n":"Crèpes fourrées P'tit Déli Chocolat noisettes - 256g","p":1.99,"u":"7,77 €/KG","img":"https://fd5-photos.leclercdrive.fr/image.ashx?id=2453195&use=l&cat=p&typeid=i","cat":284494},{"id":74340,"n":"Jambon le gourmet Madrange A l'os - x4 - 160g","p":3.03,"u":"18,94 €/KG","img":"https://fd5-photos.leclercdrive.fr/image.ashx?id=3008206&use=l&cat=p&typeid=i","cat":316009},{"id":74344,"n":"Shampooing Naturé Moi Nourrissant - 250ml","p":2.39,"u":"9,56 €/L","img":"https://fd5-photos.leclercdrive.fr/image.ashx?id=2741472&use=l&cat=p&typeid=i","cat":284606},{"id":74381,"n":"Mousse de canard Madrange Au porto - 180g","p":1.62,"u":"9,00 €/KG","img":"https://fd5-photos.leclercdrive.fr/image.ashx?id=2865704&use=l&cat=p&typeid=i","cat":316008},{"id":74585,"n":"Tomme Pays Basque Istara  Fromage brebis et vache - 180g","p":3.28,"u":"18,22 €/KG","img":"https://fd5-photos.leclercdrive.fr/image.ashx?id=2848548&use=l&cat=p&typeid=i","cat":314031},{"id":74588,"n":"Fromage à Raclette RichesMonts  Sans croûte 28 Tranches - 750g","p":10.44,"u":"13,92 €/KG","img":"https://fd5-photos.leclercdrive.fr/image.ashx?id=2953806&use=l&cat=p&typeid=i","cat":314037},{"id":74609,"n":"La Fermière Riz au lait Vanille  - 2x160g","p":2.59,"u":"16,19 €/KG","img":"https://fd5-photos.leclercdrive.fr/image.ashx?id=2389713&use=l&cat=p&typeid=i","cat":284418},{"id":74610,"n":"La Fermière Yaourt au lait entier Vanille - 2x140g","p":2.0,"u":"7,14 €/KG","img":"https://fd5-photos.leclercdrive.fr/image.ashx?id=3004924&use=l&cat=p&typeid=i","cat":286006},{"id":74624,"n":"Brioche maison   400g","p":5.95,"u":"14,88 €/KG","img":"https://fd5-photos.leclercdrive.fr/image.ashx?id=941711&use=l&cat=p&typeid=i","cat":284984},{"id":74656,"n":"Croquettes chien Purina One Medium adulte poulet riz  2.5kg","p":8.82,"u":"3,53 €/KG","img":"https://fd5-photos.leclercdrive.fr/image.ashx?id=2878384&use=l&cat=p&typeid=i","cat":284672},{"id":74697,"n":"Fondue aux 3 fromages Président 16%mg - 600g","p":6.49,"u":"10,82 €/KG","img":"https://fd5-photos.leclercdrive.fr/image.ashx?id=2632996&use=l&cat=p&typeid=i","cat":314037},{"id":74857,"n":"Gateaux P'tit Déli Tout chocolat x7 - 210g","p":2.2,"u":"10,48 €/KG","img":"https://fd5-photos.leclercdrive.fr/image.ashx?id=1947372&use=l&cat=p&typeid=i","cat":294776},{"id":74860,"n":"Champignons Notre Jardin A la grecque - 400g","p":1.56,"u":"3,90 €/KG","img":"https://fd5-photos.leclercdrive.fr/image.ashx?id=2531101&use=l&cat=p&typeid=i","cat":312610},{"id":74949,"n":"Crème Cold cream Avène 100 ml","p":13.39,"u":"133,90 €/L","img":"https://fd5-photos.leclercdrive.fr/image.ashx?id=2377286&use=l&cat=p&typeid=i","cat":290421},{"id":75017,"n":"Maquereaux Pêche Océan Grillé nature - 97g","p":1.81,"u":"18,66 €/KG","img":"https://fd5-photos.leclercdrive.fr/image.ashx?id=2394681&use=l&cat=p&typeid=i","cat":303868},{"id":75083,"n":"Le Carré Corse A. Pasturella - 400g","p":12.95,"u":"32,38 €/KG","img":"https://fd5-photos.leclercdrive.fr/image.ashx?id=1284232&use=l&cat=p&typeid=i","cat":314031},{"id":75084,"n":"Testa Mora Tomme de Brebis Demi portion 400g","p":12.2,"u":"30,50 €/KG","img":"https://fd5-photos.leclercdrive.fr/image.ashx?id=2180235&use=l&cat=p&typeid=i","cat":314031},{"id":75086,"n":"Le Kalliste Le Crémeux A. Pasturella - 350g","p":11.3,"u":"32,29 €/KG","img":"https://fd5-photos.leclercdrive.fr/image.ashx?id=1284220&use=l&cat=p&typeid=i","cat":314031},{"id":75088,"n":"Fromage Brocciu AOP  A. Pasturella - 500g","p":8.2,"u":"16,40 €/KG","img":"https://fd5-photos.leclercdrive.fr/image.ashx?id=2180238&use=l&cat=p&typeid=i","cat":314031},{"id":75151,"n":"AOC Crémant de Bourgogne Rosé Couvent des Visitandines - 75cl","p":7.89,"u":"10,52 €/L","img":"https://fd5-photos.leclercdrive.fr/image.ashx?id=2549477&use=l&cat=p&typeid=i","cat":284544},{"id":75195,"n":"Anneaux d'Encornets 800g","p":9.65,"u":"12,06 €/KG","img":"https://fd5-photos.leclercdrive.fr/image.ashx?id=2800516&use=l&cat=p&typeid=i","cat":319786},{"id":75213,"n":"Emmental 27%mg Entremont Entremont Dégustation 350g","p":6.04,"u":"17,26 €/KG","img":"https://fd5-photos.leclercdrive.fr/image.ashx?id=2983171&use=l&cat=p&typeid=i","cat":314034},{"id":75333,"n":"Petit savarin pâtissiers x2","p":4.1,"u":"16,40 €/KG","img":"https://fd5-photos.leclercdrive.fr/image.ashx?id=1279063&use=l&cat=p&typeid=i","cat":284360},{"id":75337,"n":"Café en grains Méo L'original Bio - 500g","p":9.88,"u":"19,76 €/KG","img":"https://fd5-photos.leclercdrive.fr/image.ashx?id=2798533&use=l&cat=p&typeid=i","cat":293237},{"id":75338,"n":"Sachets Infusion bio Clipper Mes belles gambettes - 40g","p":2.86,"u":"71,50 €/KG","img":"https://fd5-photos.leclercdrive.fr/image.ashx?id=2908300&use=l&cat=p&typeid=i","cat":293234},{"id":75357,"n":"Jus multifruits Jafaden Matin Fruité - 1L","p":2.09,"u":"2,09 €/L","img":"https://fd5-photos.leclercdrive.fr/image.ashx?id=2916713&use=l&cat=p&typeid=i","cat":285435},{"id":75359,"n":"Soupe mouliné bio Knorr Tomates oignons et herbes - 1L","p":3.15,"u":"3,15 €/L","img":"https://fd5-photos.leclercdrive.fr/image.ashx?id=2312949&use=l&cat=p&typeid=i","cat":284462},{"id":75361,"n":"Soupe Liquide Bio  Knorr Tomates oignons herbes - 30cl","p":1.84,"u":"6,13 €/L","img":"https://fd5-photos.leclercdrive.fr/image.ashx?id=2740901&use=l&cat=p&typeid=i","cat":284462},{"id":75368,"n":"Soupe Liquide bio mouliné Knorr Légumes variés - 30cl","p":1.98,"u":"6,60 €/L","img":"https://fd5-photos.leclercdrive.fr/image.ashx?id=2738290&use=l&cat=p&typeid=i","cat":284462},{"id":75376,"n":"Tartine/cuisine bio Bjorg Trio de poivrons - 135g","p":2.33,"u":"17,26 €/KG","img":"https://fd5-photos.leclercdrive.fr/image.ashx?id=2756218&use=l&cat=p&typeid=i","cat":315999},{"id":75421,"n":"Avoine cuisiné bio Bjorg 200ml","p":1.42,"u":"7,10 €/L","img":"https://fd5-photos.leclercdrive.fr/image.ashx?id=2757292&use=l&cat=p&typeid=i","cat":288383},{"id":75426,"n":"Tofu fumé bio Bjorg - 2x100g","p":3.25,"u":"16,25 €/KG","img":"https://fd5-photos.leclercdrive.fr/image.ashx?id=2928531&use=l&cat=p&typeid=i","cat":284953},{"id":75450,"n":"Datte Ravier Holyfruits 250g","p":1.22,"u":"4,88 €/KG","img":"https://fd5-photos.leclercdrive.fr/image.ashx?id=2364171&use=l&cat=p&typeid=i","cat":284357},{"id":75491,"n":"Tablette chocolat au lait Lindt Praliné noisettes - 225g","p":3.85,"u":"17,11 €/KG","img":"https://fd5-photos.leclercdrive.fr/image.ashx?id=2423756&use=l&cat=p&typeid=i","cat":284497},{"id":75557,"n":"Tablette de chocolat noir Lindt Praliné Noisettes - 225g","p":4.48,"u":"19,91 €/KG","img":"https://fd5-photos.leclercdrive.fr/image.ashx?id=2606912&use=l&cat=p&typeid=i","cat":284956},{"id":75573,"n":"Mousse aux cèpes Madrange 180g","p":1.71,"u":"9,50 €/KG","img":"https://fd5-photos.leclercdrive.fr/image.ashx?id=3008209&use=l&cat=p&typeid=i","cat":316008},{"id":75575,"n":"Mousse canard Madrange Porto - 2x50g","p":1.21,"u":"12,10 €/KG","img":"https://fd5-photos.leclercdrive.fr/image.ashx?id=2885989&use=l&cat=p&typeid=i","cat":316008},{"id":75595,"n":"Courge butternut bio Bio Village - x1","p":2.59,"img":"https://fd5-photos.leclercdrive.fr/image.ashx?id=2645759&use=l&cat=p&typeid=i","cat":284352},{"id":75603,"n":"Effilés poissons Plénina Chat adulte - 4x85g","p":1.56,"u":"4,59 €/KG","img":"https://fd5-photos.leclercdrive.fr/image.ashx?id=2361119&use=l&cat=p&typeid=i","cat":285286},{"id":75604,"n":"Effilés viandes Plénima  Chat adulte - 4x85g","p":1.56,"u":"4,59 €/KG","img":"https://fd5-photos.leclercdrive.fr/image.ashx?id=2361122&use=l&cat=p&typeid=i","cat":285286},{"id":75605,"n":"Effilés chat adulte Plénima Viandes, Poissons - 12x85g","p":4.84,"u":"4,75 €/KG","img":"https://fd5-photos.leclercdrive.fr/image.ashx?id=2361125&use=l&cat=p&typeid=i","cat":285286},{"id":75611,"n":"Compact teinté SPF50+ Avène Sable Haute protection - 10g","p":14.99,"img":"https://fd5-photos.leclercdrive.fr/image.ashx?id=2857290&use=l&cat=p&typeid=i","cat":290396},{"id":75629,"n":"Liégeois chocolat Bio Bio village - 4x100g","p":1.89,"u":"4,73 €/KG","img":"https://fd5-photos.leclercdrive.fr/image.ashx?id=2992639&use=l&cat=p&typeid=i","cat":285042},{"id":75630,"n":"Liégéois Bio Bio Village Café - 4x100g","p":1.89,"u":"4,73 €/KG","img":"https://fd5-photos.leclercdrive.fr/image.ashx?id=2992642&use=l&cat=p&typeid=i","cat":285042},{"id":75671,"n":"Soin apaisant Avène Contour des Yeux - 10 ml","p":13.66,"img":"https://fd5-photos.leclercdrive.fr/image.ashx?id=2373549&use=l&cat=p&typeid=i","cat":291172},{"id":75703,"n":"Crème hydratante Avène Hydrance Riche - 40ml","p":14.48,"u":"362,00 €/L","img":"https://fd5-photos.leclercdrive.fr/image.ashx?id=2973688&use=l&cat=p&typeid=i","cat":291171},{"id":75889,"n":"Crème émolliente Ducray Ictyane HD - 50ml","p":15.47,"u":"309,40 €/L","img":"https://fd5-photos.leclercdrive.fr/image.ashx?id=2335385&use=l&cat=p&typeid=i","cat":291171},{"id":75916,"n":"Huile lavante apaisant Sensinol Ducray visage et corps - 400ml","p":15.79,"u":"39,48 €/L","img":"https://fd5-photos.leclercdrive.fr/image.ashx?id=2338934&use=l&cat=p&typeid=i","cat":301591},{"id":75976,"n":"Potimarron bio Bio Village 1p","p":2.69,"img":"https://fd5-photos.leclercdrive.fr/image.ashx?id=2645765&use=l&cat=p&typeid=i","cat":284352},{"id":75984,"n":"Crevettes Bio Bio Village 100g","p":3.28,"u":"32,80 €/KG","img":"https://fd5-photos.leclercdrive.fr/image.ashx?id=2121564&use=l&cat=p&typeid=i","cat":284343},{"id":75986,"n":"Pizza Feu de bois Bio Village Bio Margharita - 350g","p":3.29,"u":"9,40 €/KG","img":"https://fd5-photos.leclercdrive.fr/image.ashx?id=2943668&use=l&cat=p&typeid=i","cat":284256},{"id":75988,"n":"Fromage blanc lait Bio Village Bio Brebis - 400g","p":2.5,"u":"6,25 €/KG","img":"https://fd5-photos.leclercdrive.fr/image.ashx?id=2839953&use=l&cat=p&typeid=i","cat":314998},{"id":76008,"n":"Chocolat au lait Lindt Création La Crème brûlée - 150g","p":2.94,"u":"19,60 €/KG","img":"https://fd5-photos.leclercdrive.fr/image.ashx?id=2685802&use=l&cat=p&typeid=i","cat":284497},{"id":76011,"n":"Chocolat noir Lindt Création Le Rocher noir - 150g","p":2.94,"u":"19,60 €/KG","img":"https://fd5-photos.leclercdrive.fr/image.ashx?id=2685808&use=l&cat=p&typeid=i","cat":284956},{"id":76015,"n":"Biscuit Speculoos Lotus Biscoff Original - 250g (2x125g)","p":1.47,"u":"5,88 €/KG","img":"https://fd5-photos.leclercdrive.fr/image.ashx?id=2854735&use=l&cat=p&typeid=i","cat":284487},{"id":76018,"n":"Biscuit spéculoos Lotus  Biscoff Original 140g","p":1.15,"u":"8,21 €/KG","img":"https://fd5-photos.leclercdrive.fr/image.ashx?id=2696079&use=l&cat=p&typeid=i","cat":284487},{"id":76024,"n":"Pain de mie seigle Epi d'Or 800g","p":2.6,"u":"3,25 €/KG","img":"https://fd5-photos.leclercdrive.fr/image.ashx?id=2994818&use=l&cat=p&typeid=i","cat":284477},{"id":76025,"n":"Cookies chocolat Eco+ Pépites de chocolat - 200g","p":0.97,"u":"4,85 €/KG","img":"https://fd5-photos.leclercdrive.fr/image.ashx?id=2821872&use=l&cat=p&typeid=i","cat":325066},{"id":76026,"n":"Biscuit tablette Eco+ Chocolat noir - 150g","p":1.07,"u":"7,13 €/KG","img":"https://fd5-photos.leclercdrive.fr/image.ashx?id=2698135&use=l&cat=p&typeid=i","cat":284488},{"id":76029,"n":"Gateaux fourrage Eco+ Fraise - x14 - 420g","p":2.57,"u":"6,12 €/KG","img":"https://fd5-photos.leclercdrive.fr/image.ashx?id=2347501&use=l&cat=p&typeid=i","cat":284495},{"id":76113,"n":"Fromage de Chèvre rapé  Les Croisés -  150g","p":2.69,"u":"17,93 €/KG","img":"https://fd5-photos.leclercdrive.fr/image.ashx?id=2897799&use=l&cat=p&typeid=i","cat":314035},{"id":76119,"n":"Secret de mousse La Laitière Chocolat au lait - 4x59g","p":1.74,"u":"7,37 €/KG","img":"https://fd5-photos.leclercdrive.fr/image.ashx?id=2729740&use=l&cat=p&typeid=i","cat":284417},{"id":76120,"n":"Secret de mousse la Laitière Chocolat noir - 4x59g","p":1.37,"u":"5,81 €/KG","img":"https://fd5-photos.leclercdrive.fr/image.ashx?id=2616835&use=l&cat=p&typeid=i","cat":284417},{"id":76132,"n":"Lasagnes à la bolognaise Marie 600g","p":4.13,"u":"6,88 €/KG","img":"https://fd5-photos.leclercdrive.fr/image.ashx?id=2993391&use=l&cat=p&typeid=i","cat":284254},{"id":76147,"n":"Yaourt Nature Panier de Yoplait Lit de Fruits Rouges - 6x140g","p":3.31,"u":"3,94 €/KG","img":"https://fd5-photos.leclercdrive.fr/image.ashx?id=2884423&use=l&cat=p&typeid=i","cat":284410},{"id":76181,"n":"Compact teinté Avène SPF50+ Doré - 10g","p":14.99,"img":"https://fd5-photos.leclercdrive.fr/image.ashx?id=2374156&use=l&cat=p&typeid=i","cat":290396},{"id":76194,"n":"Brosse à dent Elgydium Inter active médium","p":2.99,"img":"https://fd5-photos.leclercdrive.fr/image.ashx?id=2449046&use=l&cat=p&typeid=i","cat":290417},{"id":76211,"n":"L'ours d'or Haribo Sachet bonbons - 300g","p":1.59,"u":"5,30 €/KG","img":"https://fd5-photos.leclercdrive.fr/image.ashx?id=2805201&use=l&cat=p&typeid=i","cat":304250},{"id":76212,"n":"Tutti Candi Haribo Sachet bonbons - 250g","p":1.72,"u":"6,88 €/KG","img":"https://fd5-photos.leclercdrive.fr/image.ashx?id=2984910&use=l&cat=p&typeid=i","cat":304250},{"id":76214,"n":"Chamallows Choco Haribo Sachet bonbons guimauve - 160g","p":2.22,"u":"13,88 €/KG","img":"https://fd5-photos.leclercdrive.fr/image.ashx?id=2984919&use=l&cat=p&typeid=i","cat":304250},{"id":76219,"n":"Cannelloni Côté Table 800g","p":2.99,"u":"3,74 €/KG","img":"https://fd5-photos.leclercdrive.fr/image.ashx?id=2977897&use=l&cat=p&typeid=i","cat":284442},{"id":76220,"n":"Raviolis Côté Table Aux 6 légumes - 800g","p":2.29,"u":"2,86 €/KG","img":"https://fd5-photos.leclercdrive.fr/image.ashx?id=2977903&use=l&cat=p&typeid=i","cat":284442},{"id":76221,"n":"Pur jus Bio Village Bio Citron Sicile - 25cl","p":1.29,"u":"5,16 €/L","img":"https://fd5-photos.leclercdrive.fr/image.ashx?id=3010446&use=l&cat=p&typeid=i","cat":288383},{"id":76224,"n":"Maoam Stripes Haribo Sachet bonbons - 250g","p":1.9,"u":"7,60 €/KG","img":"https://fd5-photos.leclercdrive.fr/image.ashx?id=2953561&use=l&cat=p&typeid=i","cat":304250},{"id":76226,"n":"Tartiflette Côté Table 800g","p":2.83,"u":"3,54 €/KG","img":"https://fd5-photos.leclercdrive.fr/image.ashx?id=2977879&use=l&cat=p&typeid=i","cat":284441},{"id":76313,"n":"Hygiène parfaite Dr Beckmann Lave-linge - 250g","p":2.82,"u":"11,28 €/KG","img":"https://fd5-photos.leclercdrive.fr/image.ashx?id=2569821&use=l&cat=p&typeid=i","cat":284653},{"id":76322,"n":"Mini crackers Tokapi Salés - 4x75g","p":3.12,"u":"10,40 €/KG","img":"https://fd5-photos.leclercdrive.fr/image.ashx?id=1648078&use=l&cat=p&typeid=i","cat":297000},{"id":76358,"n":"Prosecco zonin brut blanc  75cl","p":6.5,"pp":4.29,"u":"5,72 €/L","img":"https://fd5-photos.leclercdrive.fr/image.ashx?id=2507131&use=l&cat=p&typeid=i","cat":289461},{"id":76360,"n":"Soda Schweppes Indian Tonic - 1L","p":1.42,"u":"1,42 €/L","img":"https://fd5-photos.leclercdrive.fr/image.ashx?id=2852399&use=l&cat=p&typeid=i","cat":284531},{"id":76397,"n":"Tablette chocolat au lait Lindt Noisettes 34% - 150g","p":4.25,"u":"28,33 €/KG","img":"https://fd5-photos.leclercdrive.fr/image.ashx?id=1877960&use=l&cat=p&typeid=i","cat":284497},{"id":76398,"n":"Tablette de chocolat noir Lindt Amandes / Fleur de sel - 150g","p":4.25,"u":"28,33 €/KG","img":"https://fd5-photos.leclercdrive.fr/image.ashx?id=2382992&use=l&cat=p&typeid=i","cat":284956},{"id":76399,"n":"Tablette de chocolat noir Lindt Poire intense - 100g","p":2.8,"u":"28,00 €/KG","img":"https://fd5-photos.leclercdrive.fr/image.ashx?id=2209209&use=l&cat=p&typeid=i","cat":284956},{"id":76403,"n":"Tablette Chocolat Blanc Crunch 2x100g","p":3.1,"u":"15,50 €/KG","img":"https://fd5-photos.leclercdrive.fr/image.ashx?id=2899734&use=l&cat=p&typeid=i","cat":284957},{"id":76454,"n":"Dos de Colin d'Alaska Findus MSC - x6 - 660g","p":8.4,"u":"12,73 €/KG","img":"https://fd5-photos.leclercdrive.fr/image.ashx?id=2735341&use=l&cat=p&typeid=i","cat":319786},{"id":76484,"n":"Tournedos de boeuf *** x2 - 350g","p":19.57,"u":"55,91 €/KG","img":"https://fd5-photos.leclercdrive.fr/image.ashx?id=2117924&use=l&cat=p&typeid=i","cat":284328},{"id":76487,"n":"Plaisir aux Noix  Lenôtre - 410g","p":7.51,"u":"18,32 €/KG","img":"https://fd5-photos.leclercdrive.fr/image.ashx?id=2807750&use=l&cat=p&typeid=i","cat":284267},{"id":76497,"n":"Saumon fumé bio Labeyrie 2 tranches - 65g","p":5.25,"u":"80,77 €/KG","img":"https://fd5-photos.leclercdrive.fr/image.ashx?id=2313705&use=l&cat=p&typeid=i","cat":285188},{"id":76501,"n":"Chips Tortilla Old El Paso Nachips - 185g","p":2.07,"u":"11,19 €/KG","img":"https://fd5-photos.leclercdrive.fr/image.ashx?id=2444519&use=l&cat=p&typeid=i","cat":288993},{"id":76515,"n":"AOP Petit-Chablis blanc Union Vignerons - 75 cl","p":11.19,"u":"14,92 €/L","img":"https://fd5-photos.leclercdrive.fr/image.ashx?id=2417884&use=l&cat=p&typeid=i","cat":289557},{"id":76530,"n":"AOP Cahors rouge Malbec Matayac - 75 cl","p":4.19,"pp":2.93,"u":"3,91 €/L","img":"https://fd5-photos.leclercdrive.fr/image.ashx?id=2608764&use=l&cat=p&typeid=i","cat":289556},{"id":76604,"n":"Nem au Poulet 4x65g","p":3.8,"u":"14,62 €/KG","img":"https://fd5-photos.leclercdrive.fr/image.ashx?id=2870548&use=l&cat=p&typeid=i","cat":333673},{"id":76719,"n":"Serviette papier Aqua Homeside Triple épaisseur 40x40cm - x20","p":1.39,"u":"0,07 €/P","img":"https://fd5-photos.leclercdrive.fr/image.ashx?id=2711710&use=l&cat=p&typeid=i","cat":334134},{"id":76721,"n":"Serviette papier Olive Homeside Triple épaisseur 40x40cm - x20","p":1.39,"u":"0,07 €/P","img":"https://fd5-photos.leclercdrive.fr/image.ashx?id=2712337&use=l&cat=p&typeid=i","cat":334134},{"id":76725,"n":"Serviette papier Rouge Homeside Triple épaisseur 40x40cm - x20","p":1.39,"u":"0,07 €/P","img":"https://fd5-photos.leclercdrive.fr/image.ashx?id=1659735&use=l&cat=p&typeid=i","cat":334134},{"id":76728,"n":"Serviette papier Homeside Bleu ciel 40x40cm - x20","p":1.39,"u":"0,07 €/P","img":"https://fd5-photos.leclercdrive.fr/image.ashx?id=2738985&use=l&cat=p&typeid=i","cat":334134},{"id":76732,"n":"Yaourt allégé Sveltesse  Chocolat - 4x125g","p":1.56,"u":"3,12 €/KG","img":"https://fd5-photos.leclercdrive.fr/image.ashx?id=2571020&use=l&cat=p&typeid=i","cat":315000},{"id":76776,"n":"Eau de toilette Daniel Hechter  Homme Caractère - 50ml","p":14.29,"pp":10.0,"u":"200,00 €/L","img":"https://fd5-photos.leclercdrive.fr/image.ashx?id=2526953&use=l&cat=p&typeid=i","cat":287740},{"id":76783,"n":"Eau de Toilette Femme Eau Jeune Echappée Belle - 75ml","p":6.87,"pp":4.81,"u":"64,13 €/L","img":"https://fd5-photos.leclercdrive.fr/image.ashx?id=2458745&use=l&cat=p&typeid=i","cat":291525},{"id":76795,"n":"Poire Louise Bonne 1kg","p":3.22,"u":"3,22 €/KG","img":"https://fd5-photos.leclercdrive.fr/image.ashx?id=1628226&use=l&cat=p&typeid=i","cat":284356},{"id":76802,"n":"Biscuits cacao Kinder Cards Au lait et au cacao x5 - 128g","p":1.8,"u":"14,06 €/KG","img":"https://fd5-photos.leclercdrive.fr/image.ashx?id=2673328&use=l&cat=p&typeid=i","cat":284488},{"id":76859,"n":"Pâté de boeuf pour chat Eco+ Barquette - 100g","p":0.24,"u":"2,40 €/KG","img":"https://fd5-photos.leclercdrive.fr/image.ashx?id=2968613&use=l&cat=p&typeid=i","cat":285286},{"id":76861,"n":"Pâté au poisson pour chat Eco+ Barquette - 100g","p":0.24,"u":"2,40 €/KG","img":"https://fd5-photos.leclercdrive.fr/image.ashx?id=2982794&use=l&cat=p&typeid=i","cat":285286},{"id":76864,"n":"Gelée Bonne Maman Mûres - 370g","p":2.57,"u":"6,95 €/KG","img":"https://fd5-photos.leclercdrive.fr/image.ashx?id=2476305&use=l&cat=p&typeid=i","cat":284480},{"id":76870,"n":"Sachet fraîcheur chien Pedigree  Mixte en gelée - 12x100g","p":5.02,"u":"4,18 €/KG","img":"https://fd5-photos.leclercdrive.fr/image.ashx?id=2870239&use=l&cat=p&typeid=i","cat":284673},{"id":76875,"n":"Confiture Bonne Maman Fraise intense - 335g","p":1.78,"u":"5,31 €/KG","img":"https://fd5-photos.leclercdrive.fr/image.ashx?id=2341008&use=l&cat=p&typeid=i","cat":284480},{"id":76876,"n":"Confiture Bonne Maman Abricot intense - 335g","p":1.86,"u":"5,55 €/KG","img":"https://fd5-photos.leclercdrive.fr/image.ashx?id=2341011&use=l&cat=p&typeid=i","cat":284480},{"id":76877,"n":"Confiture Bonne Maman Framboise intense - 335g","p":2.42,"u":"7,22 €/KG","img":"https://fd5-photos.leclercdrive.fr/image.ashx?id=2341017&use=l&cat=p&typeid=i","cat":284480},{"id":76878,"n":"Confiture Bonne Maman Fruits rouges intense - 335g","p":1.97,"u":"5,88 €/KG","img":"https://fd5-photos.leclercdrive.fr/image.ashx?id=2900977&use=l&cat=p&typeid=i","cat":284480},{"id":76880,"n":"Confiture Bonne Maman Myrtille intense - 335g","p":2.38,"u":"7,10 €/KG","img":"https://fd5-photos.leclercdrive.fr/image.ashx?id=2341020&use=l&cat=p&typeid=i","cat":284480},{"id":76883,"n":"Sachet chat stérilisé Perfect Fit poissons sauce - 4x85g","p":2.52,"u":"7,41 €/KG","img":"https://fd5-photos.leclercdrive.fr/image.ashx?id=2759724&use=l&cat=p&typeid=i","cat":285286},{"id":76886,"n":"Sachet chat stérilisé Perfect  Fit poulet saumon sauce - 4x85g","p":2.99,"u":"8,79 €/KG","img":"https://fd5-photos.leclercdrive.fr/image.ashx?id=2759727&use=l&cat=p&typeid=i","cat":285286},{"id":76887,"n":"Friandises chien Pedigree  Récompense poulet canard - 130g","p":1.65,"u":"12,69 €/KG","img":"https://fd5-photos.leclercdrive.fr/image.ashx?id=2985555&use=l&cat=p&typeid=i","cat":294527},{"id":76888,"n":"Compotes Pom'Potes Gourdes  Multivariétés - 12x90g","p":4.38,"u":"4,06 €/KG","img":"https://fd5-photos.leclercdrive.fr/image.ashx?id=2986143&use=l&cat=p&typeid=i","cat":284508},{"id":76889,"n":"Compotes Pom'Potes Gourdes  Pomme Nature - 20x90g","p":8.11,"u":"4,51 €/KG","img":"https://fd5-photos.leclercdrive.fr/image.ashx?id=2889220&use=l&cat=p&typeid=i","cat":284508},{"id":76893,"n":"Gousse vanille bourbon Vahiné De Madagascar Bio - x1","p":5.62,"img":"https://fd5-photos.leclercdrive.fr/image.ashx?id=2559847&use=l&cat=p&typeid=i","cat":284504},{"id":76895,"n":"Lait croissance Bio Guigoz En poudre - dès 12 mois - 800g","p":14.64,"u":"18,30 €/KG","img":"https://fd5-photos.leclercdrive.fr/image.ashx?id=2740289&use=l&cat=p&typeid=i","cat":290219},{"id":76919,"n":"Gambas royales 8/12p Rouges 300g","p":6.09,"u":"20,30 €/KG","img":"https://fd5-photos.leclercdrive.fr/image.ashx?id=2875441&use=l&cat=p&typeid=i","cat":319787},{"id":76921,"n":"Moules Décoquillées Cuites 400g","p":4.33,"u":"10,83 €/KG","img":"https://fd5-photos.leclercdrive.fr/image.ashx?id=2882857&use=l&cat=p&typeid=i","cat":319787},{"id":76923,"n":"Crème légère Ictyane Ducray Visage peau normale/sèche -40ml","p":13.0,"u":"325,00 €/L","img":"https://fd5-photos.leclercdrive.fr/image.ashx?id=2335322&use=l&cat=p&typeid=i","cat":291171},{"id":76975,"n":"Huile de massage Weleda Au calendula - 100ml","p":11.89,"u":"118,90 €/L","img":"https://fd5-photos.leclercdrive.fr/image.ashx?id=1955786&use=l&cat=p&typeid=i","cat":290422},{"id":76999,"n":"Vinaigre de vin rouge Maille 50cl","p":2.41,"u":"4,82 €/L","img":"https://fd5-photos.leclercdrive.fr/image.ashx?id=2812747&use=l&cat=p&typeid=i","cat":298543},{"id":77008,"n":"Petits pains grillés Epi d'Or Briochés - 225g","p":1.45,"u":"6,44 €/KG","img":"https://fd5-photos.leclercdrive.fr/image.ashx?id=2496416&use=l&cat=p&typeid=i","cat":284479},{"id":77010,"n":"Lait concentré sucré Nestlé 8% MG - 397g","p":1.73,"u":"4,36 €/KG","img":"https://fd5-photos.leclercdrive.fr/image.ashx?id=2906832&use=l&cat=p&typeid=i","cat":299162},{"id":77017,"n":"Vinaigrette Maille Huile sésame/soja - 36cl","p":2.82,"u":"7,83 €/L","img":"https://fd5-photos.leclercdrive.fr/image.ashx?id=2985657&use=l&cat=p&typeid=i","cat":284456},{"id":77071,"n":"Compote bio Hipp Bio - 8mois Pomme/pêche/Mangue - 4x100g","p":1.88,"u":"3,76 €/KG","img":"https://fd5-photos.leclercdrive.fr/image.ashx?id=2940297&use=l&cat=p&typeid=i","cat":312388},{"id":77082,"n":"Compote bio Hipp Bio - 4/6 mois Pommes Abricots - 4x100g","p":1.94,"u":"4,85 €/KG","img":"https://fd5-photos.leclercdrive.fr/image.ashx?id=2940300&use=l&cat=p&typeid=i","cat":312387},{"id":77083,"n":"Compote bio Hipp Bio 4/6mois  Pommes 100% fruits - 4x100g","p":1.72,"u":"3,44 €/KG","img":"https://fd5-photos.leclercdrive.fr/image.ashx?id=2924668&use=l&cat=p&typeid=i","cat":312387},{"id":77084,"n":"Dessert bébé Hipp Bio - 6 mois Banane Fruits rouges - 4x100g","p":1.75,"u":"4,38 €/KG","img":"https://fd5-photos.leclercdrive.fr/image.ashx?id=2924671&use=l&cat=p&typeid=i","cat":312388},{"id":77085,"n":"Spaghetti bio Hipp Bio A la bolognaise 12 mois - 230g","p":1.95,"u":"8,48 €/KG","img":"https://fd5-photos.leclercdrive.fr/image.ashx?id=2917043&use=l&cat=p&typeid=i","cat":312237},{"id":77289,"n":"Friandises chats  Félix Poulet, foie, dinde  - 200g","p":2.48,"u":"12,40 €/KG","img":"https://fd5-photos.leclercdrive.fr/image.ashx?id=2740859&use=l&cat=p&typeid=i","cat":285285},{"id":77290,"n":"Friandises chats Félix Saveur ocean Saumon,truite 200g","p":2.47,"u":"12,35 €/KG","img":"https://fd5-photos.leclercdrive.fr/image.ashx?id=2940465&use=l&cat=p&typeid=i","cat":285285},{"id":77335,"n":"Lait frais demi-écrémé bio Bio Village Bouteille - 1L","p":1.95,"u":"1,95 €/L","img":"https://fd5-photos.leclercdrive.fr/image.ashx?id=2969872&use=l&cat=p&typeid=i","cat":284377},{"id":77336,"n":"St nectaire laitier NRT AOP  300g","p":4.28,"u":"14,27 €/KG","img":"https://fd5-photos.leclercdrive.fr/image.ashx?id=2143359&use=l&cat=p&typeid=i","cat":329184},{"id":77359,"n":"Ravioli pur boeuf Côté Table Sauce italienne - 800g","p":2.19,"u":"2,74 €/KG","img":"https://fd5-photos.leclercdrive.fr/image.ashx?id=2977891&use=l&cat=p&typeid=i","cat":284442},{"id":77360,"n":"Ravioli bolognaise Côté Table 800g","p":2.89,"u":"3,61 €/KG","img":"https://fd5-photos.leclercdrive.fr/image.ashx?id=3013693&use=l&cat=p&typeid=i","cat":284442},{"id":77382,"n":"Filets maqueraux Pêche Océan Vin blanc citron romarin - 176g","p":1.85,"u":"10,51 €/KG","img":"https://fd5-photos.leclercdrive.fr/image.ashx?id=2436681&use=l&cat=p&typeid=i","cat":303868},{"id":77465,"n":"Fromages râpé spécial Pizza Les Croisés familial - 350g","p":3.94,"u":"11,26 €/KG","img":"https://fd5-photos.leclercdrive.fr/image.ashx?id=2942795&use=l&cat=p&typeid=i","cat":314035},{"id":77503,"n":"Kit pour Burritos Old El Paso Original - 510g","p":4.03,"u":"7,90 €/KG","img":"https://fd5-photos.leclercdrive.fr/image.ashx?id=2759511&use=l&cat=p&typeid=i","cat":288993},{"id":77506,"n":"Kit pour Fajitas Old El Paso Sans piment - 478g","p":4.07,"u":"8,51 €/KG","img":"https://fd5-photos.leclercdrive.fr/image.ashx?id=2759712&use=l&cat=p&typeid=i","cat":288993},{"id":77507,"n":"Chips Tortilla Old El Paso Fajita maxi format - 300g","p":4.02,"u":"13,40 €/KG","img":"https://fd5-photos.leclercdrive.fr/image.ashx?id=2737699&use=l&cat=p&typeid=i","cat":288993},{"id":77532,"n":"Salade de chou Sushishop Corner - 80g","p":2.9,"u":"36,25 €/KG","img":"https://fd5-photos.leclercdrive.fr/image.ashx?id=2118899&use=l&cat=p&typeid=i","cat":286791},{"id":77562,"n":"AOC Champagne de Cazanove Réserve brut - 75cl","p":18.9,"u":"25,20 €/L","img":"https://fd5-photos.leclercdrive.fr/image.ashx?id=2106814&use=l&cat=p&typeid=i","cat":284542},{"id":77563,"n":"Blanc de poulet Fleury Michon fumé x6 - 180g","p":3.5,"u":"19,44 €/KG","img":"https://fd5-photos.leclercdrive.fr/image.ashx?id=2984886&use=l&cat=p&typeid=i","cat":316010},{"id":77593,"n":"Gyoza poulet Sushishop Corner - 6p","p":6.3,"u":"57,27 €/KG","img":"https://fd5-photos.leclercdrive.fr/image.ashx?id=2264210&use=l&cat=p&typeid=i","cat":286791},{"id":77597,"n":"Sushi saumon Sushishop Corner - 6p","p":8.1,"u":"62,31 €/KG","img":"https://fd5-photos.leclercdrive.fr/image.ashx?id=2126499&use=l&cat=p&typeid=i","cat":286791},{"id":77632,"n":"Petits fours aux fruits x16 - 225g","p":7.7,"u":"34,22 €/KG","img":"https://fd5-photos.leclercdrive.fr/image.ashx?id=2941565&use=l&cat=p&typeid=i","cat":284360},{"id":77636,"n":"Purée de fruits Charles & Alice Pomme - 4x100g + 2 offerts","p":2.0,"u":"3,33 €/KG","img":"https://fd5-photos.leclercdrive.fr/image.ashx?id=2187502&use=l&cat=p&typeid=i","cat":284416},{"id":77640,"n":"Purée de fruits Charles & Alice Pomme Abricot  4x100g 2 offerts","p":2.16,"u":"3,60 €/KG","img":"https://fd5-photos.leclercdrive.fr/image.ashx?id=2187505&use=l&cat=p&typeid=i","cat":284416},{"id":77646,"n":"Purée de fruits Charles & Alice Pomme Mirabelle - 4x97g+2offert","p":2.16,"u":"3,71 €/KG","img":"https://fd5-photos.leclercdrive.fr/image.ashx?id=2628887&use=l&cat=p&typeid=i","cat":284416},{"id":77681,"n":"Amandes décortiquées Vahiné 125g","p":3.68,"u":"29,44 €/KG","img":"https://fd5-photos.leclercdrive.fr/image.ashx?id=2559805&use=l&cat=p&typeid=i","cat":284504},{"id":77683,"n":"Gousses vanille Vahiné x2","p":6.35,"u":"3,18 €/P","img":"https://fd5-photos.leclercdrive.fr/image.ashx?id=2524317&use=l&cat=p&typeid=i","cat":284504},{"id":77694,"n":"Yaourt 0% nature Soignon Au lait de chèvre - 4x125g","p":2.33,"u":"4,66 €/KG","img":"https://fd5-photos.leclercdrive.fr/image.ashx?id=2547203&use=l&cat=p&typeid=i","cat":314998},{"id":77696,"n":"Yaourt brassé myrtille Soignon Au lait de chèvre - 4x125g","p":2.75,"u":"5,50 €/KG","img":"https://fd5-photos.leclercdrive.fr/image.ashx?id=2518259&use=l&cat=p&typeid=i","cat":314998},{"id":77698,"n":"Crème dessert chocolat Soignon Au lait de chèvre - 4x100g","p":2.55,"u":"6,38 €/KG","img":"https://fd5-photos.leclercdrive.fr/image.ashx?id=2518262&use=l&cat=p&typeid=i","cat":314998},{"id":77702,"n":"LE VANILLE AU LAIT DE BREBIS 4x110g SOIGNON","p":2.96,"u":"6,73 €/KG","img":"https://fd5-photos.leclercdrive.fr/image.ashx?id=2948114&use=l&cat=p&typeid=i","cat":314998},{"id":77706,"n":"Yaourt nature Soignon Au lait de chèvre - 8x125g","p":4.1,"u":"4,10 €/KG","img":"https://fd5-photos.leclercdrive.fr/image.ashx?id=2518289&use=l&cat=p&typeid=i","cat":314998},{"id":77734,"n":"Pains au chocolat Fournée Dorée Beurre frais x8 - 360g","p":2.82,"u":"7,83 €/KG","img":"https://fd5-photos.leclercdrive.fr/image.ashx?id=2950354&use=l&cat=p&typeid=i","cat":296366},{"id":77735,"n":"IGP Vinaigrette à l'orange Maille 36cl","p":2.51,"u":"6,97 €/L","img":"https://fd5-photos.leclercdrive.fr/image.ashx?id=2082855&use=l&cat=p&typeid=i","cat":284456},{"id":77739,"n":"Crème sans rinçage Elsève Cheveu Abimé, Cassant - 200ml","p":5.44,"u":"27,20 €/L","img":"https://fd5-photos.leclercdrive.fr/image.ashx?id=2948980&use=l&cat=p&typeid=i","cat":284608},{"id":77745,"n":"Sauce Gourmet Amora Béarnaise - 184g","p":1.94,"u":"10,54 €/KG","img":"https://fd5-photos.leclercdrive.fr/image.ashx?id=2387876&use=l&cat=p&typeid=i","cat":318430},{"id":77746,"n":"Sauce Gourmet Amora Burger - 188g","p":1.82,"u":"9,68 €/KG","img":"https://fd5-photos.leclercdrive.fr/image.ashx?id=2387879&use=l&cat=p&typeid=i","cat":318430},{"id":77754,"n":"Pain grillé Pelletier Goût brioche - 500g","p":2.88,"u":"5,76 €/KG","img":"https://fd5-photos.leclercdrive.fr/image.ashx?id=3002246&use=l&cat=p&typeid=i","cat":284479},{"id":77755,"n":"Vinaigrette Légère MAILLE Vin Rouge & Echalotes - 36cl","p":2.38,"u":"6,61 €/L","img":"https://fd5-photos.leclercdrive.fr/image.ashx?id=2788154&use=l&cat=p&typeid=i","cat":284456},{"id":77811,"n":"Roll-On EasyWax Expert Veet Appareil + Recharge Cire 50ml","p":11.16,"img":"https://fd5-photos.leclercdrive.fr/image.ashx?id=2854345&use=l&cat=p&typeid=i","cat":325351},{"id":77855,"n":"Huile à barbe L'Oréal Paris Men Expert bois de cèdre - 30ml","p":8.31,"u":"277,00 €/L","img":"https://fd5-photos.leclercdrive.fr/image.ashx?id=3008770&use=l&cat=p&typeid=i","cat":284622},{"id":77877,"n":"Fromage Holland Master  Gouda Vieux AOP - 200g","p":3.36,"u":"16,80 €/KG","img":"https://fd5-photos.leclercdrive.fr/image.ashx?id=1975748&use=l&cat=p&typeid=i","cat":314034},{"id":77882,"n":"Houmous L'Atelier Blini Extra au citron - 175g","p":2.93,"u":"16,74 €/KG","img":"https://fd5-photos.leclercdrive.fr/image.ashx?id=2868984&use=l&cat=p&typeid=i","cat":315999},{"id":77885,"n":"Eau de bleuets Christian Lenart 200ml","p":3.21,"u":"16,05 €/L","img":"https://fd5-photos.leclercdrive.fr/image.ashx?id=2324807&use=l&cat=p&typeid=i","cat":325345},{"id":77890,"n":"Cake fourré fraise  Sans Gluten - x6 - 210g","p":3.01,"u":"14,33 €/KG","img":"https://fd5-photos.leclercdrive.fr/image.ashx?id=2568828&use=l&cat=p&typeid=i","cat":318654},{"id":77916,"n":"Eau micellaire Garnier Ultra clean - 2x400ml","p":7.78,"u":"9,73 €/L","img":"https://fd5-photos.leclercdrive.fr/image.ashx?id=2422911&use=l&cat=p&typeid=i","cat":284603},{"id":77918,"n":"Soin amincissant Linéance Caféi Sculpt tube - 180ml","p":12.93,"u":"71,83 €/L","img":"https://fd5-photos.leclercdrive.fr/image.ashx?id=1852119&use=l&cat=p&typeid=i","cat":325350},{"id":77919,"n":"Dentifrice Email Diamant Blancheur absolue tube - 75ml","p":4.66,"u":"62,13 €/L","img":"https://fd5-photos.leclercdrive.fr/image.ashx?id=1781300&use=l&cat=p&typeid=i","cat":284612},{"id":77926,"n":"AOP Champagne Deutz Brut 75cl","p":45.0,"u":"60,00 €/L","img":"https://fd5-photos.leclercdrive.fr/image.ashx?id=1941431&use=l&cat=p&typeid=i","cat":284542},{"id":77946,"n":"Soin visage L'Oréal Paris Revitalift anti-âge - 50ml","p":13.89,"u":"277,80 €/L","img":"https://fd5-photos.leclercdrive.fr/image.ashx?id=2867527&use=l&cat=p&typeid=i","cat":325345},{"id":77976,"n":"Beurre Grand Fermage Doux - 82% MG - 250g","p":2.36,"u":"9,44 €/KG","img":"https://fd5-photos.leclercdrive.fr/image.ashx?id=2985207&use=l&cat=p&typeid=i","cat":284379},{"id":77980,"n":"Parmigiano Reg AOP Casa Azzurra Copeaux - 80g","p":2.94,"u":"36,75 €/KG","img":"https://fd5-photos.leclercdrive.fr/image.ashx?id=2261954&use=l&cat=p&typeid=i","cat":314035},{"id":77986,"n":"Houmous Blini 200g","p":2.02,"u":"10,10 €/KG","img":"https://fd5-photos.leclercdrive.fr/image.ashx?id=2487716&use=l&cat=p&typeid=i","cat":315999},{"id":78002,"n":"Steak Haché Charal Grand cru 12% - 260g","p":6.2,"u":"23,85 €/KG","img":"https://fd5-photos.leclercdrive.fr/image.ashx?id=2014406&use=l&cat=p&typeid=i","cat":284332},{"id":78005,"n":"Feta AOP Casa Azzurra Portion - 150g","p":3.13,"u":"20,87 €/KG","img":"https://fd5-photos.leclercdrive.fr/image.ashx?id=1620610&use=l&cat=p&typeid=i","cat":314026},{"id":78010,"n":"Feta AOP Casa Azzurra Dés - 150g","p":3.42,"u":"22,80 €/KG","img":"https://fd5-photos.leclercdrive.fr/image.ashx?id=2639696&use=l&cat=p&typeid=i","cat":314026},{"id":78023,"n":"Mini Cocktail Blini 125g","p":2.15,"u":"17,20 €/KG","img":"https://fd5-photos.leclercdrive.fr/image.ashx?id=2975275&use=l&cat=p&typeid=i","cat":285191},{"id":78045,"n":"Darne de Saumon Farcie - 160g","p":6.29,"u":"39,31 €/KG","img":"https://fd5-photos.leclercdrive.fr/image.ashx?id=2021340&use=l&cat=p&typeid=i","cat":285094},{"id":78057,"n":"Pain de mie nature Sans gluten - 300g","p":2.72,"u":"9,07 €/KG","img":"https://fd5-photos.leclercdrive.fr/image.ashx?id=2710828&use=l&cat=p&typeid=i","cat":284477},{"id":78060,"n":"Spaghetti Chaque Jour  Sans gluten - 400g","p":1.6,"u":"4,00 €/KG","img":"https://fd5-photos.leclercdrive.fr/image.ashx?id=2872712&use=l&cat=p&typeid=i","cat":284427},{"id":78071,"n":"Café moulu L'Or Doux 100% Arabica - 2x250g","p":8.69,"u":"17,38 €/KG","img":"https://fd5-photos.leclercdrive.fr/image.ashx?id=1876661&use=l&cat=p&typeid=i","cat":284750},{"id":78078,"n":"Café moulu San Marco n°7 - 250g","p":5.05,"u":"20,20 €/KG","img":"https://fd5-photos.leclercdrive.fr/image.ashx?id=2322169&use=l&cat=p&typeid=i","cat":284750},{"id":78083,"n":"Capsules café L'Or Espresso Lungo Profondo N°8 x10","p":3.25,"u":"62,50 €/KG","img":"https://fd5-photos.leclercdrive.fr/image.ashx?id=2100281&use=l&cat=p&typeid=i","cat":284749},{"id":78087,"n":"Café solubleMaxwell House Qualité Filtre Jarre - 100g","p":4.29,"u":"42,90 €/KG","img":"https://fd5-photos.leclercdrive.fr/image.ashx?id=1793910&use=l&cat=p&typeid=i","cat":284843},{"id":78090,"n":"Café solubleMaxwell House Qualité Filtre Recharge - 235g","p":6.59,"u":"36,61 €/KG","img":"https://fd5-photos.leclercdrive.fr/image.ashx?id=1793916&use=l&cat=p&typeid=i","cat":284843},{"id":78092,"n":"Purée de brocolis Florette 2x200g","p":3.05,"u":"7,63 €/KG","img":"https://fd5-photos.leclercdrive.fr/image.ashx?id=2790009&use=l&cat=p&typeid=i","cat":333665},{"id":78097,"n":"Ail Ducros Flacon moulin - 40g","p":3.15,"u":"78,75 €/KG","img":"https://fd5-photos.leclercdrive.fr/image.ashx?id=2486569&use=l&cat=p&typeid=i","cat":298297},{"id":78098,"n":"Sauce Épicée TABASCO Piment Rouge - 60ml","p":2.27,"u":"37,83 €/L","img":"https://fd5-photos.leclercdrive.fr/image.ashx?id=2961317&use=l&cat=p&typeid=i","cat":298298},{"id":78105,"n":"Capsules café L'Or Espresso Splendente N°7 x10","p":2.94,"u":"56,54 €/KG","img":"https://fd5-photos.leclercdrive.fr/image.ashx?id=3000465&use=l&cat=p&typeid=i","cat":284749},{"id":78107,"n":"Capsules café L'Or Espresso Decaffeinato N°6 x10","p":3.04,"u":"58,46 €/KG","img":"https://fd5-photos.leclercdrive.fr/image.ashx?id=2100275&use=l&cat=p&typeid=i","cat":284749},{"id":78108,"n":"Capsules café L'Or Espresso Or Absolu N°9 x10","p":3.55,"u":"68,27 €/KG","img":"https://fd5-photos.leclercdrive.fr/image.ashx?id=2100287&use=l&cat=p&typeid=i","cat":284749},{"id":78131,"n":"Penne Chaque Jour  Sans gluten - 400g","p":1.62,"u":"4,05 €/KG","img":"https://fd5-photos.leclercdrive.fr/image.ashx?id=2866247&use=l&cat=p&typeid=i","cat":284427},{"id":78133,"n":"Sablés framboise Bonne Maman 150g","p":1.81,"u":"12,07 €/KG","img":"https://fd5-photos.leclercdrive.fr/image.ashx?id=2936215&use=l&cat=p&typeid=i","cat":284487},{"id":78135,"n":"Safran filament Ducros 0.35g","p":5.11,"img":"https://fd5-photos.leclercdrive.fr/image.ashx?id=2474296&use=l&cat=p&typeid=i","cat":298297},{"id":78137,"n":"Coquillettes Chaque Jour  Sans gluten - 400g","p":1.57,"u":"3,93 €/KG","img":"https://fd5-photos.leclercdrive.fr/image.ashx?id=2872715&use=l&cat=p&typeid=i","cat":284427},{"id":78138,"n":"Sablé de Retz Saint Michel Oter Bahlsen - 2x120g","p":1.61,"u":"6,71 €/KG","img":"https://fd5-photos.leclercdrive.fr/image.ashx?id=2935684&use=l&cat=p&typeid=i","cat":284487},{"id":78140,"n":"Tagliatelles Chaque Jour  Sans gluten - 250g","p":1.69,"u":"6,76 €/KG","img":"https://fd5-photos.leclercdrive.fr/image.ashx?id=2885771&use=l&cat=p&typeid=i","cat":284427},{"id":78145,"n":"Purée de pois cassés Florette 2 x 200g","p":2.83,"u":"7,08 €/KG","img":"https://fd5-photos.leclercdrive.fr/image.ashx?id=2767687&use=l&cat=p&typeid=i","cat":333665},{"id":78146,"n":"Minestrone 15 légumes 1 kg","p":4.43,"u":"4,43 €/KG","img":"https://fd5-photos.leclercdrive.fr/image.ashx?id=2964009&use=l&cat=p&typeid=i","cat":319805},{"id":78154,"n":"Fusilli Chaque Jour  Sans gluten - 400g","p":1.75,"u":"4,38 €/KG","img":"https://fd5-photos.leclercdrive.fr/image.ashx?id=2885774&use=l&cat=p&typeid=i","cat":284427},{"id":78158,"n":"Biscuits Palmier Saint Michel 100g","p":1.49,"u":"14,90 €/KG","img":"https://fd5-photos.leclercdrive.fr/image.ashx?id=2936185&use=l&cat=p&typeid=i","cat":284487},{"id":78159,"n":"Barres céréales chocolat Chaque jour sans gluten - 132g","p":3.56,"u":"26,97 €/KG","img":"https://fd5-photos.leclercdrive.fr/image.ashx?id=2764395&use=l&cat=p&typeid=i","cat":318654},{"id":78160,"n":"Petits cookies Bonne Maman Pépites de chocolat - 250g","p":2.27,"u":"9,08 €/KG","img":"https://fd5-photos.leclercdrive.fr/image.ashx?id=2936170&use=l&cat=p&typeid=i","cat":325066},{"id":78176,"n":"Mini cônes Extrême Vanille Chocolat x8 - 312g","p":3.64,"u":"11,67 €/KG","img":"https://fd5-photos.leclercdrive.fr/image.ashx?id=2737030&use=l&cat=p&typeid=i","cat":284264},{"id":78192,"n":"Pizza extrème Marie L'américaine - 530g","p":3.54,"u":"6,68 €/KG","img":"https://fd5-photos.leclercdrive.fr/image.ashx?id=2996767&use=l&cat=p&typeid=i","cat":284256},{"id":78204,"n":"Biscuits Palmito LU 100g","p":0.76,"u":"7,60 €/KG","img":"https://fd5-photos.leclercdrive.fr/image.ashx?id=3001949&use=l&cat=p&typeid=i","cat":284487},{"id":78210,"n":"Biscuits Nutella B-ready 6x22g","p":1.78,"u":"13,48 €/KG","img":"https://fd5-photos.leclercdrive.fr/image.ashx?id=2770602&use=l&cat=p&typeid=i","cat":284488},{"id":78214,"n":"Cookies mini Granola Pépites de chocolat - 160g","p":1.85,"u":"11,56 €/KG","img":"https://fd5-photos.leclercdrive.fr/image.ashx?id=3002252&use=l&cat=p&typeid=i","cat":325066},{"id":78223,"n":"Crevettes Nordiques Balthor Décortiquées - 90g","p":4.66,"u":"51,78 €/KG","img":"https://fd5-photos.leclercdrive.fr/image.ashx?id=2105143&use=l&cat=p&typeid=i","cat":305147},{"id":78258,"n":"Repas bébé 6 mois Good Goût Bio Carottes poulet - 190g","p":3.07,"u":"16,16 €/KG","img":"https://fd5-photos.leclercdrive.fr/image.ashx?id=2968430&use=l&cat=p&typeid=i","cat":312236},{"id":78259,"n":"Repas bébé Good Goût Bio 6 mois Patate douces / Porc - 190g","p":2.47,"u":"13,00 €/KG","img":"https://fd5-photos.leclercdrive.fr/image.ashx?id=2633130&use=l&cat=p&typeid=i","cat":312236},{"id":78267,"n":"Gourdes bébé Good Goût - 6 mois bio Petit déj - Poire - 70g","p":1.38,"u":"19,71 €/KG","img":"https://fd5-photos.leclercdrive.fr/image.ashx?id=2736085&use=l&cat=p&typeid=i","cat":312393},{"id":78269,"n":"Gourde bébé Good Goût Bio 6Mois Petit déj - Fraise - 70g","p":1.31,"u":"18,71 €/KG","img":"https://fd5-photos.leclercdrive.fr/image.ashx?id=2736088&use=l&cat=p&typeid=i","cat":312393},{"id":78270,"n":"Gourde bébé Good Goût Bio 6Mois Petit déj : Myrtille - 70g","p":1.4,"u":"20,00 €/KG","img":"https://fd5-photos.leclercdrive.fr/image.ashx?id=2736091&use=l&cat=p&typeid=i","cat":312393},{"id":78271,"n":"Gourde bébé Good Goût Bio 6mois Petit déj - Pomme - 70g","p":1.34,"u":"19,14 €/KG","img":"https://fd5-photos.leclercdrive.fr/image.ashx?id=2736094&use=l&cat=p&typeid=i","cat":312393},{"id":78274,"n":"Mini galette de riz Good Goût Bio - pomme - 40g","p":1.96,"u":"49,00 €/KG","img":"https://fd5-photos.leclercdrive.fr/image.ashx?id=2633133&use=l&cat=p&typeid=i","cat":312227},{"id":78275,"n":"Mini galette de riz Good Goût Myrtille bio - 40g","p":1.93,"u":"48,25 €/KG","img":"https://fd5-photos.leclercdrive.fr/image.ashx?id=2532135&use=l&cat=p&typeid=i","cat":312227},{"id":78278,"n":"Muesli BIO Good Goût  - 8 mois Fraise - 200g","p":3.24,"u":"16,20 €/KG","img":"https://fd5-photos.leclercdrive.fr/image.ashx?id=2586980&use=l&cat=p&typeid=i","cat":312225},{"id":78282,"n":"12 minis Feuilletés Vegétal 360g","p":5.3,"u":"14,72 €/KG","img":"https://fd5-photos.leclercdrive.fr/image.ashx?id=2766310&use=l&cat=p&typeid=i","cat":319774},{"id":78327,"n":"Lot 4 cuillères Mots d'Enfants Assortis","p":1.95,"img":"https://fd5-photos.leclercdrive.fr/image.ashx?id=1292699&use=l&cat=p&typeid=i","cat":289435},{"id":78405,"n":"Pain Camusettes Biofournil Campagne Bio - 2x200g","p":3.0,"u":"7,50 €/KG","img":"https://fd5-photos.leclercdrive.fr/image.ashx?id=2882812&use=l&cat=p&typeid=i","cat":325069},{"id":78413,"n":"Betterave entière Allaire Epluchée - Label rouge - 500g","p":1.02,"u":"2,04 €/KG","img":"https://fd5-photos.leclercdrive.fr/image.ashx?id=1613838&use=l&cat=p&typeid=i","cat":284352},{"id":78422,"n":"Houmous intense Sud & Sol 175g","p":2.73,"u":"15,60 €/KG","img":"https://fd5-photos.leclercdrive.fr/image.ashx?id=2937319&use=l&cat=p&typeid=i","cat":315999},{"id":78430,"n":"Coquilles St Jacques  à la bretonne - 2x110g","p":5.81,"u":"26,41 €/KG","img":"https://fd5-photos.leclercdrive.fr/image.ashx?id=2604620&use=l&cat=p&typeid=i","cat":319775},{"id":78446,"n":"Olives farcies citron La Ciota  Boîte - 120g","p":1.97,"u":"16,42 €/KG","img":"https://fd5-photos.leclercdrive.fr/image.ashx?id=2296578&use=l&cat=p&typeid=i","cat":284458},{"id":78448,"n":"Dosettes Café Carte Noire  Arabica Classique n5 x48 - 336g","p":8.24,"u":"24,52 €/KG","img":"https://fd5-photos.leclercdrive.fr/image.ashx?id=2919919&use=l&cat=p&typeid=i","cat":293238},{"id":78454,"n":"Biscuits petit déjeuner Belvita Chocolat - 600g","p":3.91,"u":"6,52 €/KG","img":"https://fd5-photos.leclercdrive.fr/image.ashx?id=2345484&use=l&cat=p&typeid=i","cat":284491},{"id":78496,"n":"Boudoirs Brossard x30 - 175g","p":1.85,"u":"10,57 €/KG","img":"https://fd5-photos.leclercdrive.fr/image.ashx?id=2964995&use=l&cat=p&typeid=i","cat":284487},{"id":78544,"n":"Ravioli pur boeuf Côté Table  400g","p":1.35,"u":"3,38 €/KG","img":"https://fd5-photos.leclercdrive.fr/image.ashx?id=2977894&use=l&cat=p&typeid=i","cat":284442},{"id":78546,"n":"Ravioli bolognaise Côté Table 400g","p":1.99,"u":"4,98 €/KG","img":"https://fd5-photos.leclercdrive.fr/image.ashx?id=2977888&use=l&cat=p&typeid=i","cat":284442},{"id":78574,"n":"Biscuits Choc'land Magie BN Chocolat au lait - 150g","p":2.11,"u":"14,07 €/KG","img":"https://fd5-photos.leclercdrive.fr/image.ashx?id=1739699&use=l&cat=p&typeid=i","cat":284488},{"id":78577,"n":"Gaufrettes Brun  Chocolat - 146g","p":0.86,"u":"5,89 €/KG","img":"https://fd5-photos.leclercdrive.fr/image.ashx?id=2842543&use=l&cat=p&typeid=i","cat":284487},{"id":78580,"n":"Gaufrettes Brun  Vanille - 146g","p":0.84,"u":"5,75 €/KG","img":"https://fd5-photos.leclercdrive.fr/image.ashx?id=2354320&use=l&cat=p&typeid=i","cat":284487},{"id":78586,"n":"Biscuits cuillers Brossard Pâtissier -300g","p":4.33,"u":"14,43 €/KG","img":"https://fd5-photos.leclercdrive.fr/image.ashx?id=2983384&use=l&cat=p&typeid=i","cat":284487},{"id":78594,"n":"Biscuits croquants Délichoc Chocolat noir - 150g","p":2.0,"u":"13,33 €/KG","img":"https://fd5-photos.leclercdrive.fr/image.ashx?id=2956307&use=l&cat=p&typeid=i","cat":284488},{"id":78614,"n":"Acetone Mieuxa 1L","p":5.52,"u":"5,52 €/L","img":"https://fd5-photos.leclercdrive.fr/image.ashx?id=2276996&use=l&cat=p&typeid=i","cat":300576},{"id":78618,"n":"Assiettes en carton Eco+ x100","p":3.11,"img":"https://fd5-photos.leclercdrive.fr/image.ashx?id=1307672&use=l&cat=p&typeid=i","cat":334134},{"id":78625,"n":"4 attaches adéhsives Eco+ Pour rideaux","p":1.29,"u":"0,32 €/P","img":"https://fd5-photos.leclercdrive.fr/image.ashx?id=1308197&use=l&cat=p&typeid=i","cat":335909},{"id":78628,"n":"Serviettes blanches Homeside x30 - 38cmx38cm - 2 plis","p":1.31,"u":"0,04 €/P","img":"https://fd5-photos.leclercdrive.fr/image.ashx?id=1659693&use=l&cat=p&typeid=i","cat":334134},{"id":78634,"n":"Pétrole désaromatisé Mieuxa 1L","p":4.48,"u":"4,48 €/L","img":"https://fd5-photos.leclercdrive.fr/image.ashx?id=2277035&use=l&cat=p&typeid=i","cat":300576},{"id":78643,"n":"Serviettes 2 plis Ardence Aqua - 38x38cm - x30","p":1.7,"u":"0,06 €/P","img":"https://fd5-photos.leclercdrive.fr/image.ashx?id=2744125&use=l&cat=p&typeid=i","cat":334134},{"id":78645,"n":"Nappe damassée Homeside Bleu ciel - 7m","p":2.96,"u":"0,42 €/MT","img":"https://fd5-photos.leclercdrive.fr/image.ashx?id=2693144&use=l&cat=p&typeid=i","cat":334134},{"id":78646,"n":"Ensemble de douche Eco+ 1 jet + flex + B","p":8.8,"img":"https://fd5-photos.leclercdrive.fr/image.ashx?id=2162135&use=l&cat=p&typeid=i","cat":300576},{"id":78676,"n":"Champagne Rosé Tsarine 75cl","p":28.52,"u":"38,03 €/L","img":"https://fd5-photos.leclercdrive.fr/image.ashx?id=2748479&use=l&cat=p&typeid=i","cat":284542},{"id":78680,"n":"Champagne brut demie Rothschild 37.5cl","p":13.6,"u":"36,27 €/L","img":"https://fd5-photos.leclercdrive.fr/image.ashx?id=2686603&use=l&cat=p&typeid=i","cat":284542},{"id":78714,"n":"Mayonnaise Eco+ Flacon souple - 450g","p":1.27,"u":"2,82 €/KG","img":"https://fd5-photos.leclercdrive.fr/image.ashx?id=1293846&use=l&cat=p&typeid=i","cat":298295},{"id":78715,"n":"Gaufrettes vanille Eco+ 190g","p":0.69,"u":"3,63 €/KG","img":"https://fd5-photos.leclercdrive.fr/image.ashx?id=2760786&use=l&cat=p&typeid=i","cat":284487},{"id":78716,"n":"Gaufrettes chocolat Eco+ 190g","p":0.69,"u":"3,63 €/KG","img":"https://fd5-photos.leclercdrive.fr/image.ashx?id=2843036&use=l&cat=p&typeid=i","cat":284487},{"id":78717,"n":"Brioche tranchée Eco+ Nature - 500g","p":1.19,"u":"2,38 €/KG","img":"https://fd5-photos.leclercdrive.fr/image.ashx?id=2605086&use=l&cat=p&typeid=i","cat":284478},{"id":78719,"n":"Goûter fourré rond Eco+ Vanille - 500g","p":1.43,"u":"2,86 €/KG","img":"https://fd5-photos.leclercdrive.fr/image.ashx?id=2223611&use=l&cat=p&typeid=i","cat":284489},{"id":78722,"n":"Tartelettes à l'abricot Eco+ x12 - 200g","p":0.8,"u":"4,00 €/KG","img":"https://fd5-photos.leclercdrive.fr/image.ashx?id=2869754&use=l&cat=p&typeid=i","cat":284489},{"id":78723,"n":"Petits beurre Eco+ x24 - 175g","p":0.58,"u":"3,31 €/KG","img":"https://fd5-photos.leclercdrive.fr/image.ashx?id=2758782&use=l&cat=p&typeid=i","cat":284487},{"id":78726,"n":"Biscuits petit déjeuner Eco+ x25 - 350g","p":0.73,"u":"2,09 €/KG","img":"https://fd5-photos.leclercdrive.fr/image.ashx?id=2550821&use=l&cat=p&typeid=i","cat":284491},{"id":78727,"n":"Champignons de Paris 240g","p":2.74,"u":"11,42 €/KG","img":"https://fd5-photos.leclercdrive.fr/image.ashx?id=1570120&use=l&cat=p&typeid=i","cat":284352},{"id":78728,"n":"Goûter fourré Eco+ Chocolat - 300g","p":1.07,"u":"3,57 €/KG","img":"https://fd5-photos.leclercdrive.fr/image.ashx?id=2775884&use=l&cat=p&typeid=i","cat":284488},{"id":78729,"n":"Biscuits sablés Sprits Eco+ 400g","p":1.14,"u":"2,85 €/KG","img":"https://fd5-photos.leclercdrive.fr/image.ashx?id=2047823&use=l&cat=p&typeid=i","cat":284487},{"id":78732,"n":"Guacamole Old El Paso Doux - 320g","p":2.09,"u":"6,53 €/KG","img":"https://fd5-photos.leclercdrive.fr/image.ashx?id=2737612&use=l&cat=p&typeid=i","cat":288993},{"id":78734,"n":"Boisson gourmande PAGO Red ACE Orange sang carotte ctrn - 75cl","p":2.09,"u":"2,79 €/L","img":"https://fd5-photos.leclercdrive.fr/image.ashx?id=2861234&use=l&cat=p&typeid=i","cat":284915},{"id":78742,"n":"Pain campagnard Schar Aux graines sans gluten - 250g","p":3.92,"u":"15,68 €/KG","img":"https://fd5-photos.leclercdrive.fr/image.ashx?id=2139874&use=l&cat=p&typeid=i","cat":325069},{"id":78744,"n":"Pain de mie Schär - Classic Sans gluten - 300g","p":3.88,"u":"12,93 €/KG","img":"https://fd5-photos.leclercdrive.fr/image.ashx?id=2659418&use=l&cat=p&typeid=i","cat":318654},{"id":78766,"n":"Coeur de palmier Rochefontaine Bio - 425ml","p":3.6,"u":"16,36 €/KG","img":"https://fd5-photos.leclercdrive.fr/image.ashx?id=2101465&use=l&cat=p&typeid=i","cat":312611},{"id":78767,"n":"Chocolat noir Bio Ethiquable Côte d'Ivoire/Bolivie - 100g","p":2.94,"u":"29,40 €/KG","img":"https://fd5-photos.leclercdrive.fr/image.ashx?id=3003378&use=l&cat=p&typeid=i","cat":284956},{"id":78773,"n":"Tablette de chocolat noir Lindt Noir 78% cacao - 100g","p":2.34,"u":"23,40 €/KG","img":"https://fd5-photos.leclercdrive.fr/image.ashx?id=2689481&use=l&cat=p&typeid=i","cat":284956},{"id":78837,"n":"Fromage blanc Danone Nature 3%MG - 825g","p":2.75,"u":"3,33 €/KG","img":"https://fd5-photos.leclercdrive.fr/image.ashx?id=2813878&use=l&cat=p&typeid=i","cat":284409},{"id":78842,"n":"Viande haché 15% MG Bio Village  Bio 350g","p":7.15,"u":"20,43 €/KG","img":"https://fd5-photos.leclercdrive.fr/image.ashx?id=2930796&use=l&cat=p&typeid=i","cat":284332},{"id":78909,"n":"Boîte rectangulaire Pyrex Cook&Go avec couvercle 20x15cm","p":10.64,"img":"https://fd5-photos.leclercdrive.fr/image.ashx?id=2556605&use=l&cat=p&typeid=i","cat":284710},{"id":78911,"n":"Boîte carrée Pyrex Cook&Go avec couvercle 16cm","p":11.34,"img":"https://fd5-photos.leclercdrive.fr/image.ashx?id=1893610&use=l&cat=p&typeid=i","cat":284710},{"id":78932,"n":"Crème entière Fairefrance UHT Liquide 30%mg - 3x20cl","p":2.75,"u":"4,58 €/L","img":"https://fd5-photos.leclercdrive.fr/image.ashx?id=2506011&use=l&cat=p&typeid=i","cat":284381},{"id":78937,"n":"Knacki végétal Herta x6 - 210g","p":1.97,"u":"9,38 €/KG","img":"https://fd5-photos.leclercdrive.fr/image.ashx?id=2992323&use=l&cat=p&typeid=i","cat":316036},{"id":78948,"n":"Mouchoirs Ultra Lotus Blanc boîte - x72","p":1.79,"u":"0,02 €/P","img":"https://fd5-photos.leclercdrive.fr/image.ashx?id=2609300&use=l&cat=p&typeid=i","cat":284638},{"id":78953,"n":"Savon solide Bionaïa Abricot bio - 100g","p":1.39,"u":"13,90 €/KG","img":"https://fd5-photos.leclercdrive.fr/image.ashx?id=2331324&use=l&cat=p&typeid=i","cat":284597},{"id":78965,"n":"Xtrem Box Sodebo Radiatori à la Bolognaise -400g","p":2.97,"u":"7,43 €/KG","img":"https://fd5-photos.leclercdrive.fr/image.ashx?id=2638760&use=l&cat=p&typeid=i","cat":334983},{"id":78969,"n":"Trio de lentilles à la moutarde Pierre Martinet - 250g","p":2.55,"u":"10,20 €/KG","img":"https://fd5-photos.leclercdrive.fr/image.ashx?id=2939610&use=l&cat=p&typeid=i","cat":316036},{"id":78970,"n":"Ravioli emmental Bio Village Bio Basilic - 250g","p":2.99,"u":"11,96 €/KG","img":"https://fd5-photos.leclercdrive.fr/image.ashx?id=2843611&use=l&cat=p&typeid=i","cat":333682},{"id":79016,"n":"Galette boulgour Céréal Bio  Bio tomate parmesan x2 200G","p":2.29,"u":"11,45 €/KG","img":"https://fd5-photos.leclercdrive.fr/image.ashx?id=2573519&use=l&cat=p&typeid=i","cat":284953},{"id":79019,"n":"Galettes bio Céréal Bio  Rroquefort, figues - 2x200g","p":2.35,"u":"11,75 €/KG","img":"https://fd5-photos.leclercdrive.fr/image.ashx?id=2573522&use=l&cat=p&typeid=i","cat":284953},{"id":79021,"n":"Galette Blé bio Céréal Bio  Pommes Terres Emmental xé 200g","p":2.69,"u":"13,45 €/KG","img":"https://fd5-photos.leclercdrive.fr/image.ashx?id=2575102&use=l&cat=p&typeid=i","cat":284953},{"id":79092,"n":"Adoucissant peaux sensibles 40 lavages - 750 ml - UNI VERT","p":1.78,"u":"2,37 €/L","img":"https://fd5-photos.leclercdrive.fr/image.ashx?id=2893334&use=l&cat=p&typeid=i","cat":284650},{"id":79094,"n":"Purée de pommes C'est Qui Le Patron - 4x95g","p":1.27,"u":"3,34 €/KG","img":"https://fd5-photos.leclercdrive.fr/image.ashx?id=2097659&use=l&cat=p&typeid=i","cat":284508},{"id":79095,"n":"Purée de pommes C'est Qui Le Patron - 840g","p":2.07,"u":"2,46 €/KG","img":"https://fd5-photos.leclercdrive.fr/image.ashx?id=2097662&use=l&cat=p&typeid=i","cat":284508},{"id":79181,"n":"Huile lavante Mots d'Enfants Bébé - 250ml","p":1.24,"u":"4,96 €/L","img":"https://fd5-photos.leclercdrive.fr/image.ashx?id=2485092&use=l&cat=p&typeid=i","cat":284741},{"id":79220,"n":"Petit pot bébé bio Blédina 6m  Légumes veau - 2x200g","p":2.51,"u":"6,28 €/KG","img":"https://fd5-photos.leclercdrive.fr/image.ashx?id=2974291&use=l&cat=p&typeid=i","cat":312236},{"id":79233,"n":"Petit pot bébé bio Blédina 4-6m Haricots pomme de terre -2x130g","p":1.62,"u":"6,23 €/KG","img":"https://fd5-photos.leclercdrive.fr/image.ashx?id=2831699&use=l&cat=p&typeid=i","cat":312234},{"id":79243,"n":"Petit pot bébé bio Blédina 4-6m Patate douce - 2x130g","p":1.97,"u":"7,58 €/KG","img":"https://fd5-photos.leclercdrive.fr/image.ashx?id=2848581&use=l&cat=p&typeid=i","cat":312234},{"id":79252,"n":"Compote bébé bio Blédina 6 mois Pomme banane kiwi - 2x130g","p":2.07,"u":"7,96 €/KG","img":"https://fd5-photos.leclercdrive.fr/image.ashx?id=2848560&use=l&cat=p&typeid=i","cat":312388},{"id":79260,"n":"Compote bébé bio Blédina 6 mois Pomme banane nectarine - 2x130g","p":2.07,"u":"7,96 €/KG","img":"https://fd5-photos.leclercdrive.fr/image.ashx?id=2848572&use=l&cat=p&typeid=i","cat":312388},{"id":79311,"n":"Après-Shampooing Sobio Etic Lait d'amande Bio - 200ml","p":5.02,"u":"25,10 €/L","img":"https://fd5-photos.leclercdrive.fr/image.ashx?id=2787065&use=l&cat=p&typeid=i","cat":284607},{"id":79319,"n":"Shampooing Bio Sobio Etic Cheveux Doux - 250ml","p":4.4,"u":"17,60 €/L","img":"https://fd5-photos.leclercdrive.fr/image.ashx?id=2787068&use=l&cat=p&typeid=i","cat":284606},{"id":79323,"n":"Shampooing Bio Sobio Etic Cheveux nourris - 250ml","p":4.8,"u":"19,20 €/L","img":"https://fd5-photos.leclercdrive.fr/image.ashx?id=2792681&use=l&cat=p&typeid=i","cat":284606},{"id":79360,"n":"Noisettes Bio Les Fada 150g","p":3.51,"u":"23,40 €/KG","img":"https://fd5-photos.leclercdrive.fr/image.ashx?id=2864360&use=l&cat=p&typeid=i","cat":284357},{"id":79391,"n":"Salade de lentilles BIO Pierre Martinet - 200g","p":2.63,"u":"13,15 €/KG","img":"https://fd5-photos.leclercdrive.fr/image.ashx?id=2432232&use=l&cat=p&typeid=i","cat":333657},{"id":79392,"n":"Salade de quinoa Bio Pierre Martinet - 200g","p":2.77,"u":"13,85 €/KG","img":"https://fd5-photos.leclercdrive.fr/image.ashx?id=2434780&use=l&cat=p&typeid=i","cat":333657},{"id":79402,"n":"Chorizo espagnol fort x30 - 150g","p":2.19,"u":"14,60 €/KG","img":"https://fd5-photos.leclercdrive.fr/image.ashx?id=1873728&use=l&cat=p&typeid=i","cat":316007},{"id":79404,"n":"P'tit max Délisse Vanille - 6x180g","p":2.03,"u":"1,88 €/KG","img":"https://fd5-photos.leclercdrive.fr/image.ashx?id=2757933&use=l&cat=p&typeid=i","cat":284415},{"id":79406,"n":"P'tit max Délisse Framboise - 6x180g","p":2.03,"u":"1,88 €/KG","img":"https://fd5-photos.leclercdrive.fr/image.ashx?id=2757936&use=l&cat=p&typeid=i","cat":284415},{"id":79517,"n":"Soupe velouté Knorr 9 légumes - 1L","p":1.77,"u":"1,77 €/L","img":"https://fd5-photos.leclercdrive.fr/image.ashx?id=2408273&use=l&cat=p&typeid=i","cat":284462},{"id":79519,"n":"Soupe mouliné Knorr Légumes variés - 1L","p":1.81,"u":"1,81 €/L","img":"https://fd5-photos.leclercdrive.fr/image.ashx?id=2408276&use=l&cat=p&typeid=i","cat":284462},{"id":79528,"n":"Nouilles Tables du Monde Asiatiques Boeuf cup - 61.5g","p":0.74,"u":"11,94 €/KG","img":"https://fd5-photos.leclercdrive.fr/image.ashx?id=1297258&use=l&cat=p&typeid=i","cat":288992},{"id":79529,"n":"Nouille Tables du Monde Asiatique Poulet cup - 61.5g","p":0.74,"u":"11,94 €/KG","img":"https://fd5-photos.leclercdrive.fr/image.ashx?id=2920202&use=l&cat=p&typeid=i","cat":288992},{"id":79532,"n":"Nouilles Table du Monde Asiatiques Curry cup - 61.5g","p":0.79,"u":"12,74 €/KG","img":"https://fd5-photos.leclercdrive.fr/image.ashx?id=1297264&use=l&cat=p&typeid=i","cat":288992},{"id":79534,"n":"Nouilles Tables du Monde Asiatiques crevette cup - 61.5g","p":0.74,"u":"11,94 €/KG","img":"https://fd5-photos.leclercdrive.fr/image.ashx?id=2920208&use=l&cat=p&typeid=i","cat":288992},{"id":79543,"n":"Pâtes De Cecco Linguine n°7 - 500g","p":1.74,"u":"3,48 €/KG","img":"https://fd5-photos.leclercdrive.fr/image.ashx?id=2997280&use=l&cat=p&typeid=i","cat":284427},{"id":79545,"n":"Pâtes Collezione Barilla Tortellini jambon fromage -250g","p":2.47,"u":"9,88 €/KG","img":"https://fd5-photos.leclercdrive.fr/image.ashx?id=2588624&use=l&cat=p&typeid=i","cat":284427},{"id":79551,"n":"Pâtes Collezione Barilla Trofie - 500g","p":1.61,"u":"3,22 €/KG","img":"https://fd5-photos.leclercdrive.fr/image.ashx?id=2651714&use=l&cat=p&typeid=i","cat":284427},{"id":79552,"n":"Pâtes Barilla Spaghettoni n°7 - 1kg","p":1.75,"u":"1,75 €/KG","img":"https://fd5-photos.leclercdrive.fr/image.ashx?id=2392233&use=l&cat=p&typeid=i","cat":284427},{"id":79556,"n":"Couscous parfumé Tipiak Epice - 510g","p":1.76,"u":"3,45 €/KG","img":"https://fd5-photos.leclercdrive.fr/image.ashx?id=2882866&use=l&cat=p&typeid=i","cat":284429},{"id":79623,"n":"Barre de céréales Nature Valley  Crunchy avoine miel X5-210g","p":2.3,"u":"10,95 €/KG","img":"https://fd5-photos.leclercdrive.fr/image.ashx?id=2844472&use=l&cat=p&typeid=i","cat":285869},{"id":79624,"n":"Barre de céréales Nature Valley Crunchy avoine chocolat x5-210g","p":2.28,"u":"10,86 €/KG","img":"https://fd5-photos.leclercdrive.fr/image.ashx?id=2844475&use=l&cat=p&typeid=i","cat":285869},{"id":79625,"n":"Barre de céréales Nature Valley  Sweet & Salty chocolat x5-150g","p":2.48,"u":"16,53 €/KG","img":"https://fd5-photos.leclercdrive.fr/image.ashx?id=2737714&use=l&cat=p&typeid=i","cat":285869},{"id":79668,"n":"Bouillon cubes Knorr Légumes réduit en sel x12- 109g","p":1.48,"u":"13,58 €/KG","img":"https://fd5-photos.leclercdrive.fr/image.ashx?id=2793068&use=l&cat=p&typeid=i","cat":288379},{"id":79670,"n":"Eau de toilette Vanderbilt  Gloria - 30ml","p":14.29,"pp":10.0,"u":"333,33 €/L","img":"https://fd5-photos.leclercdrive.fr/image.ashx?id=2848908&use=l&cat=p&typeid=i","cat":291525},{"id":79674,"n":"Mascara Maybelline  Colossal Big Shot volume Noir","p":7.22,"img":"https://fd5-photos.leclercdrive.fr/image.ashx?id=2422734&use=l&cat=p&typeid=i","cat":287029},{"id":79682,"n":"Poudre fondante L'Oréal Paris Accord Parfait 3D Beige doré","p":10.45,"img":"https://fd5-photos.leclercdrive.fr/image.ashx?id=2395544&use=l&cat=p&typeid=i","cat":287029},{"id":79692,"n":"Mascara L'Oréal Paris Millions de Cils Noir","p":10.79,"pp":7.12,"img":"https://fd5-photos.leclercdrive.fr/image.ashx?id=2419167&use=l&cat=p&typeid=i","cat":287029},{"id":79694,"n":"Fond de Teint L'Oréal Paris Accord Parfait 2.R Vanille Rosé","p":13.62,"img":"https://fd5-photos.leclercdrive.fr/image.ashx?id=2937355&use=l&cat=p&typeid=i","cat":287029},{"id":79797,"n":"Fond de Teint L'Oréal Paris Accord Parfait 3.R Beige Rosé","p":13.62,"img":"https://fd5-photos.leclercdrive.fr/image.ashx?id=2900971&use=l&cat=p&typeid=i","cat":287029},{"id":79798,"n":"Fond de Teint L'Oréal Paris Accord Parfait 3.D Beige Doré","p":13.62,"img":"https://fd5-photos.leclercdrive.fr/image.ashx?id=2900974&use=l&cat=p&typeid=i","cat":287029},{"id":79832,"n":"Gourde bébé Good Goût Bio 4mois Prune - 120g","p":1.7,"u":"14,17 €/KG","img":"https://fd5-photos.leclercdrive.fr/image.ashx?id=2381270&use=l&cat=p&typeid=i","cat":312393},{"id":79833,"n":"Gourde bébé Good Goût Bio 6mois Purée de Pomme/Coing - 120g","p":1.68,"u":"14,00 €/KG","img":"https://fd5-photos.leclercdrive.fr/image.ashx?id=2736181&use=l&cat=p&typeid=i","cat":312393},{"id":79858,"n":"Cahier Oxford - 96pages Bleu marine - 24x32 cm","p":3.26,"img":"https://fd5-photos.leclercdrive.fr/image.ashx?id=2726911&use=l&cat=p&typeid=i","cat":284697},{"id":79864,"n":"Cahier Oxford - 96pages  Orange - 24x32 cm","p":3.26,"img":"https://fd5-photos.leclercdrive.fr/image.ashx?id=1689423&use=l&cat=p&typeid=i","cat":284697},{"id":79873,"n":"Fond de teint Maybelline Dream Radiant 21 Beige Doré","p":10.11,"img":"https://fd5-photos.leclercdrive.fr/image.ashx?id=2434455&use=l&cat=p&typeid=i","cat":287029},{"id":79875,"n":"Fond de teint Maybelline  Dream Radiant Eclat 30 Sable","p":8.65,"img":"https://fd5-photos.leclercdrive.fr/image.ashx?id=2248561&use=l&cat=p&typeid=i","cat":287029},{"id":79877,"n":"Correcteur anticerne Maybelline Instant Anti-Age 01 Beige Rose","p":10.58,"img":"https://fd5-photos.leclercdrive.fr/image.ashx?id=2770542&use=l&cat=p&typeid=i","cat":287029},{"id":79903,"n":"Rouge à lèvres Maybelline Superstay - Matte ink 15 lover","p":10.62,"img":"https://fd5-photos.leclercdrive.fr/image.ashx?id=2925451&use=l&cat=p&typeid=i","cat":287029},{"id":79904,"n":"Mascara waterproof Maybelline  Volum'Express noir","p":6.59,"img":"https://fd5-photos.leclercdrive.fr/image.ashx?id=2470285&use=l&cat=p&typeid=i","cat":287029},{"id":79908,"n":"Eyeliner express Maybelline Liner liquide Noir","p":7.91,"img":"https://fd5-photos.leclercdrive.fr/image.ashx?id=2670854&use=l&cat=p&typeid=i","cat":287029},{"id":79909,"n":"Mascara Maybelline  Cils Sensational Intense Noir","p":9.67,"img":"https://fd5-photos.leclercdrive.fr/image.ashx?id=2278154&use=l&cat=p&typeid=i","cat":287029},{"id":79936,"n":"Jambon Tranché Fin Fleury Michon -25% de sel x4 - 120g","p":2.41,"u":"20,08 €/KG","img":"https://fd5-photos.leclercdrive.fr/image.ashx?id=2889295&use=l&cat=p&typeid=i","cat":316009},{"id":79937,"n":"Dés de jambon Fleury Michon -25% de sel - 2x75g","p":1.88,"u":"12,53 €/KG","img":"https://fd5-photos.leclercdrive.fr/image.ashx?id=2645492&use=l&cat=p&typeid=i","cat":316011},{"id":79938,"n":"Desperados Red Boite 50cl","p":2.18,"u":"4,36 €/L","img":"https://fd5-photos.leclercdrive.fr/image.ashx?id=2983111&use=l&cat=p&typeid=i","cat":334853},{"id":79940,"n":"Bière blonde Grimbergen 6,7° - 50cl canette","p":1.81,"u":"3,62 €/L","img":"https://fd5-photos.leclercdrive.fr/image.ashx?id=2605458&use=l&cat=p&typeid=i","cat":334853},{"id":79942,"n":"Bière Amsterdam Black Rum 50cl","p":1.45,"u":"2,90 €/L","img":"https://fd5-photos.leclercdrive.fr/image.ashx?id=2191107&use=l&cat=p&typeid=i","cat":334853},{"id":79955,"n":"Eau minérale Thonon 6x50cl","p":2.05,"u":"0,68 €/L","img":"https://fd5-photos.leclercdrive.fr/image.ashx?id=2870605&use=l&cat=p&typeid=i","cat":284535},{"id":79960,"n":"Joker Le Fruit Jus de pomme - 1L","p":2.08,"u":"2,08 €/L","img":"https://fd5-photos.leclercdrive.fr/image.ashx?id=2846601&use=l&cat=p&typeid=i","cat":284522},{"id":79965,"n":"Mini ruban correcteur Esquisse Bleu, vert et gris - x3","p":1.99,"img":"https://fd5-photos.leclercdrive.fr/image.ashx?id=2943268&use=l&cat=p&typeid=i","cat":334133},{"id":79966,"n":"Joker Pur Jus Engagé Orange sans pulpe - 1,5L","p":3.84,"u":"2,56 €/L","img":"https://fd5-photos.leclercdrive.fr/image.ashx?id=3001290&use=l&cat=p&typeid=i","cat":284521},{"id":79971,"n":"Boisson Citronnade Pulco Citron - 1L","p":1.79,"u":"1,79 €/L","img":"https://fd5-photos.leclercdrive.fr/image.ashx?id=2942263&use=l&cat=p&typeid=i","cat":295018},{"id":79972,"n":"Soda rouge Orangina Orange Sanguine - 1,5L","p":1.94,"u":"1,29 €/L","img":"https://fd5-photos.leclercdrive.fr/image.ashx?id=2539833&use=l&cat=p&typeid=i","cat":284532},{"id":80008,"n":"Chocolat noir Bio Ethiquable  Gingembre confit - 100g","p":2.63,"u":"26,30 €/KG","img":"https://fd5-photos.leclercdrive.fr/image.ashx?id=2870911&use=l&cat=p&typeid=i","cat":284956},{"id":80009,"n":"Chocolat noir bio Ethiquable Equateur/Nicaragua 98% - 100g","p":3.04,"u":"30,40 €/KG","img":"https://fd5-photos.leclercdrive.fr/image.ashx?id=2870899&use=l&cat=p&typeid=i","cat":284956},{"id":80100,"n":"Graine de courge bio Happy Bio 250g","p":6.17,"u":"24,68 €/KG","img":"https://fd5-photos.leclercdrive.fr/image.ashx?id=2970993&use=l&cat=p&typeid=i","cat":323809},{"id":80102,"n":"Lentille corail bio Happy Bio 500g","p":2.94,"u":"5,88 €/KG","img":"https://fd5-photos.leclercdrive.fr/image.ashx?id=2685012&use=l&cat=p&typeid=i","cat":284430},{"id":80116,"n":"10 crayons à papier Bic Graphite évolution","p":1.28,"img":"https://fd5-photos.leclercdrive.fr/image.ashx?id=2732782&use=l&cat=p&typeid=i","cat":284696},{"id":80128,"n":"Rosette de Lyon Saint-Azay 12 tranches - 100g","p":1.44,"u":"14,40 €/KG","img":"https://fd5-photos.leclercdrive.fr/image.ashx?id=2728264&use=l&cat=p&typeid=i","cat":316007},{"id":80130,"n":"Alèses absorbantes DryNites 78x88cm - x12","p":13.57,"u":"1,13 €/P","img":"https://fd5-photos.leclercdrive.fr/image.ashx?id=2883717&use=l&cat=p&typeid=i","cat":290633},{"id":80154,"n":"Crayons de couleur Bic Kids Evolution - x18","p":2.8,"img":"https://fd5-photos.leclercdrive.fr/image.ashx?id=2576447&use=l&cat=p&typeid=i","cat":284696},{"id":80170,"n":"Pochettes A4 perforées Oxford  Lisse en polypropylène x50","p":4.11,"img":"https://fd5-photos.leclercdrive.fr/image.ashx?id=2896144&use=l&cat=p&typeid=i","cat":284745},{"id":80186,"n":"Rhum tradition Rivière du Mat Blanc - 40%vol - 70cl","p":10.15,"u":"14,50 €/L","img":"https://fd5-photos.leclercdrive.fr/image.ashx?id=2616117&use=l&cat=p&typeid=i","cat":284550},{"id":80229,"n":"Graines de lin brun Bio Village Bio - 200g","p":1.99,"u":"9,95 €/KG","img":"https://fd5-photos.leclercdrive.fr/image.ashx?id=2699577&use=l&cat=p&typeid=i","cat":284357},{"id":80230,"n":"Graines de sésame Bio Village Bio - 200g","p":1.99,"u":"9,95 €/KG","img":"https://fd5-photos.leclercdrive.fr/image.ashx?id=2699586&use=l&cat=p&typeid=i","cat":284357},{"id":80231,"n":"Graines de courge bio Bio Village - 200g","p":3.09,"u":"15,45 €/KG","img":"https://fd5-photos.leclercdrive.fr/image.ashx?id=2699583&use=l&cat=p&typeid=i","cat":323809},{"id":80232,"n":"Graines Bio Village Bio - tournesol - 200g","p":1.59,"u":"7,95 €/KG","img":"https://fd5-photos.leclercdrive.fr/image.ashx?id=2699580&use=l&cat=p&typeid=i","cat":284357},{"id":80264,"n":"Joker Pur Jus Engagé  Multifruits - 2L","p":3.44,"u":"1,72 €/L","img":"https://fd5-photos.leclercdrive.fr/image.ashx?id=2846358&use=l&cat=p&typeid=i","cat":284917},{"id":80266,"n":"Joker Pur Jus Engagé Orange  sans Pulpe - 2L","p":4.69,"u":"2,35 €/L","img":"https://fd5-photos.leclercdrive.fr/image.ashx?id=2731186&use=l&cat=p&typeid=i","cat":284521},{"id":80272,"n":"Joker Le Fruit Jus d'orange Sans pulpe - 1L","p":2.64,"u":"2,64 €/L","img":"https://fd5-photos.leclercdrive.fr/image.ashx?id=2846355&use=l&cat=p&typeid=i","cat":284521},{"id":80302,"n":"Eau minérale naturelle Volvic 6x1,5L","p":3.04,"u":"0,34 €/L","img":"https://fd5-photos.leclercdrive.fr/image.ashx?id=2730244&use=l&cat=p&typeid=i","cat":284535},{"id":80305,"n":"Boisson aux fruits Oasis Tropical - 12x33cl","p":7.86,"u":"1,98 €/L","img":"https://fd5-photos.leclercdrive.fr/image.ashx?id=2880706&use=l&cat=p&typeid=i","cat":295018},{"id":80306,"n":"Soda Schweppes Saveur Agrumes -12x33cl","p":6.62,"u":"1,67 €/L","img":"https://fd5-photos.leclercdrive.fr/image.ashx?id=2852426&use=l&cat=p&typeid=i","cat":284532},{"id":80346,"n":"yaourt aux fruits bifidus activia cerise - 4x125g","p":1.71,"u":"3,42 €/KG","img":"https://fd5-photos.leclercdrive.fr/image.ashx?id=2885327&use=l&cat=p&typeid=i","cat":315000},{"id":80352,"n":"Cannelloni Côté Table  - 400g","p":2.07,"u":"5,18 €/KG","img":"https://fd5-photos.leclercdrive.fr/image.ashx?id=2977900&use=l&cat=p&typeid=i","cat":284442},{"id":80380,"n":"Tablette De Chocolat Poulain Noir Extra - 200g","p":2.04,"u":"10,20 €/KG","img":"https://fd5-photos.leclercdrive.fr/image.ashx?id=2890262&use=l&cat=p&typeid=i","cat":284956},{"id":80382,"n":"Tablette De Chocolat Poulain Noir Extra - 2x100g","p":2.72,"u":"13,60 €/KG","img":"https://fd5-photos.leclercdrive.fr/image.ashx?id=2867566&use=l&cat=p&typeid=i","cat":284956},{"id":80383,"n":"Tablette KINDER Chocolat Chocolat au Lait x12 - 150g","p":2.67,"u":"17,80 €/KG","img":"https://fd5-photos.leclercdrive.fr/image.ashx?id=1904474&use=l&cat=p&typeid=i","cat":284498},{"id":80385,"n":"Barres Chocolatées KINDER BUENO  Chocolat au Lait x5 - 215g","p":3.66,"u":"17,02 €/KG","img":"https://fd5-photos.leclercdrive.fr/image.ashx?id=2679621&use=l&cat=p&typeid=i","cat":284498},{"id":80386,"n":"Barres KINDER BUENO White  Chocolat Blanc x6 - 234g","p":3.98,"u":"17,01 €/KG","img":"https://fd5-photos.leclercdrive.fr/image.ashx?id=2679639&use=l&cat=p&typeid=i","cat":284498},{"id":80391,"n":"Mascara L'Oréal Paris  Lash Paradise Noir","p":10.63,"img":"https://fd5-photos.leclercdrive.fr/image.ashx?id=2580158&use=l&cat=p&typeid=i","cat":287029},{"id":80396,"n":"Eau Micellaire visage Nivea Peaux sèches - 400ml","p":4.52,"u":"11,30 €/L","img":"https://fd5-photos.leclercdrive.fr/image.ashx?id=3014599&use=l&cat=p&typeid=i","cat":284603},{"id":80398,"n":"Eau Micellaire visage Nivea Peaux sensibles - 400ml","p":4.45,"u":"11,13 €/L","img":"https://fd5-photos.leclercdrive.fr/image.ashx?id=2800965&use=l&cat=p&typeid=i","cat":284603},{"id":80479,"n":"Bières Blondes Chouffe 6x33cl","p":11.09,"u":"5,60 €/L","img":"https://fd5-photos.leclercdrive.fr/image.ashx?id=2877079&use=l&cat=p&typeid=i","cat":334872},{"id":80506,"n":"Bière bio Bio Village Blonde - 6x25cl","p":4.99,"u":"3,33 €/L","img":"https://fd5-photos.leclercdrive.fr/image.ashx?id=2517718&use=l&cat=p&typeid=i","cat":334873},{"id":80553,"n":"Pack de 3 cartouches Brita Filtrantes classic","p":20.31,"u":"6,77 €/P","img":"https://fd5-photos.leclercdrive.fr/image.ashx?id=2433259&use=l&cat=p&typeid=i","cat":334135},{"id":80617,"n":"Tétine en latex Mots d'enfants Bout rond - 2ème âge - x2","p":1.5,"img":"https://fd5-photos.leclercdrive.fr/image.ashx?id=1871134&use=l&cat=p&typeid=i","cat":284743},{"id":80630,"n":"Purée de tomates Bio Village Bio  - 72cl","p":1.54,"u":"2,14 €/L","img":"https://fd5-photos.leclercdrive.fr/image.ashx?id=2077475&use=l&cat=p&typeid=i","cat":288384},{"id":80663,"n":"Soda Pepsi Cola - 5x1.5L + 1 offerte","p":6.1,"u":"0,68 €/L","img":"https://fd5-photos.leclercdrive.fr/image.ashx?id=2983324&use=l&cat=p&typeid=i","cat":284530},{"id":80685,"n":"Gorgonzola AOP Eccellenza Galbani 28%MG - 150g","p":3.19,"u":"21,27 €/KG","img":"https://fd5-photos.leclercdrive.fr/image.ashx?id=2215854&use=l&cat=p&typeid=i","cat":314032},{"id":80705,"n":"Filets de Morue Pescanova 400g","p":8.44,"u":"21,10 €/KG","img":"https://fd5-photos.leclercdrive.fr/image.ashx?id=2139436&use=l&cat=p&typeid=i","cat":319786},{"id":80786,"n":"Compote Cool Fruits bio Vitabio Mangue Ananas - 390g","p":3.16,"u":"8,10 €/KG","img":"https://fd5-photos.leclercdrive.fr/image.ashx?id=2470360&use=l&cat=p&typeid=i","cat":284508},{"id":80838,"n":"Compote Cool Fruits bio Vitabio Pomme Fraise Myrtille - 12x90g","p":8.94,"u":"8,28 €/KG","img":"https://fd5-photos.leclercdrive.fr/image.ashx?id=2682267&use=l&cat=p&typeid=i","cat":284508},{"id":80840,"n":"Bouillon Cube Maggi Pot au feu - Dégraissé - 120g","p":1.67,"u":"13,92 €/KG","img":"https://fd5-photos.leclercdrive.fr/image.ashx?id=2212327&use=l&cat=p&typeid=i","cat":288379},{"id":80841,"n":"Bouillon Cube Maggi Volaille - Degraissé - 120g","p":1.42,"u":"11,83 €/KG","img":"https://fd5-photos.leclercdrive.fr/image.ashx?id=2737087&use=l&cat=p&typeid=i","cat":288379},{"id":80842,"n":"Bouillon Cube Maggi Dégraissé - 120g","p":1.67,"u":"13,92 €/KG","img":"https://fd5-photos.leclercdrive.fr/image.ashx?id=2737090&use=l&cat=p&typeid=i","cat":288379},{"id":80853,"n":"Fonds d'artichauts Géant Vert - 210g","p":3.06,"u":"14,57 €/KG","img":"https://fd5-photos.leclercdrive.fr/image.ashx?id=2840563&use=l&cat=p&typeid=i","cat":312611},{"id":80927,"n":"Fromage chèvre chaud Soignon Nature - 21% MG - 4x25g","p":1.94,"u":"19,40 €/KG","img":"https://fd5-photos.leclercdrive.fr/image.ashx?id=2844951&use=l&cat=p&typeid=i","cat":314027},{"id":81188,"n":"Flan aromatisé vanille Flanby nappé de caramel - 12x100g","p":2.4,"u":"2,00 €/KG","img":"https://fd5-photos.leclercdrive.fr/image.ashx?id=2744584&use=l&cat=p&typeid=i","cat":284420},{"id":81193,"n":"Compotes Douceur du Verger Pomme Châtaigne - 4x100g","p":1.46,"u":"3,65 €/KG","img":"https://fd5-photos.leclercdrive.fr/image.ashx?id=2993304&use=l&cat=p&typeid=i","cat":284416},{"id":81196,"n":"Flan aromatisé vanille Flanby nappé de caramel - 6x100g","p":1.39,"u":"2,32 €/KG","img":"https://fd5-photos.leclercdrive.fr/image.ashx?id=2483786&use=l&cat=p&typeid=i","cat":284420},{"id":81199,"n":"Yaourt La Laitière  Vanille - 8x125g","p":2.93,"u":"2,93 €/KG","img":"https://fd5-photos.leclercdrive.fr/image.ashx?id=2613981&use=l&cat=p&typeid=i","cat":286006},{"id":81215,"n":"Compote Cool Fruits bio Vitabio Pomme Mangue Ananas -12x90g","p":6.99,"u":"6,47 €/KG","img":"https://fd5-photos.leclercdrive.fr/image.ashx?id=2621399&use=l&cat=p&typeid=i","cat":284508},{"id":81217,"n":"Compote Cool Fruits bio Vitabio Pomme Pêche Abricot -12x90g","p":6.85,"u":"6,34 €/KG","img":"https://fd5-photos.leclercdrive.fr/image.ashx?id=2621423&use=l&cat=p&typeid=i","cat":284508},{"id":81222,"n":"Pizza La pizz Sodebo Chorizo - 470g","p":3.59,"u":"7,64 €/KG","img":"https://fd5-photos.leclercdrive.fr/image.ashx?id=2868389&use=l&cat=p&typeid=i","cat":333679},{"id":81234,"n":"Les carrés Good Goût Dès 8 mois - banane bio - 50g","p":2.57,"u":"51,40 €/KG","img":"https://fd5-photos.leclercdrive.fr/image.ashx?id=2640052&use=l&cat=p&typeid=i","cat":312227},{"id":81236,"n":"Fromage à tartiner Boursin Ail et fines herbes 10 portions","p":2.3,"u":"14,38 €/KG","img":"https://fd5-photos.leclercdrive.fr/image.ashx?id=2964682&use=l&cat=p&typeid=i","cat":314029},{"id":81243,"n":"Bière blonde Heineken Sans alcool - 12x25cl","p":8.17,"u":"2,72 €/L","img":"https://fd5-photos.leclercdrive.fr/image.ashx?id=2795944&use=l&cat=p&typeid=i","cat":334877},{"id":81250,"n":"Bière blonde Grimbergen 6,7° - 20x25cl","p":13.53,"u":"2,71 €/L","img":"https://fd5-photos.leclercdrive.fr/image.ashx?id=2294791&use=l&cat=p&typeid=i","cat":334852},{"id":81254,"n":"Bière blonde Grimbergen 6,7° - 12x25cl","p":8.73,"u":"2,91 €/L","img":"https://fd5-photos.leclercdrive.fr/image.ashx?id=2872865&use=l&cat=p&typeid=i","cat":334852},{"id":81255,"n":"Blère blonde Pelforth 6x25cl","p":3.92,"u":"2,61 €/L","img":"https://fd5-photos.leclercdrive.fr/image.ashx?id=2959025&use=l&cat=p&typeid=i","cat":334873},{"id":81268,"n":"Bière blonde Grimbergen 6,7° - 6x25cl","p":5.46,"u":"3,64 €/L","img":"https://fd5-photos.leclercdrive.fr/image.ashx?id=2294381&use=l&cat=p&typeid=i","cat":334852},{"id":81272,"n":"Vin mousseux brut blanc  Produit en Allemagne - 75cl","p":1.57,"u":"2,09 €/L","img":"https://fd5-photos.leclercdrive.fr/image.ashx?id=2720133&use=l&cat=p&typeid=i","cat":284544},{"id":81277,"n":"Vin mousseux demi-sec blanc  Produit en Allemagne - 75cl","p":1.59,"u":"2,12 €/L","img":"https://fd5-photos.leclercdrive.fr/image.ashx?id=2720130&use=l&cat=p&typeid=i","cat":284544},{"id":81278,"n":"Vinaigre IGP Toscoro Balsamique de Modène - 50cl","p":2.61,"u":"5,22 €/L","img":"https://fd5-photos.leclercdrive.fr/image.ashx?id=2758150&use=l&cat=p&typeid=i","cat":289010},{"id":81280,"n":"Fromage La Vache qui rit Toastinette nature 10 tranches","p":1.54,"u":"7,70 €/KG","img":"https://fd5-photos.leclercdrive.fr/image.ashx?id=2342776&use=l&cat=p&typeid=i","cat":314028},{"id":81281,"n":"Fromage La Vache qui rit Toastinette cheddar 10 tranches","p":1.54,"u":"7,70 €/KG","img":"https://fd5-photos.leclercdrive.fr/image.ashx?id=2342773&use=l&cat=p&typeid=i","cat":314028},{"id":81291,"n":"Bière sans alcool Tourtel Twist Citron Vert Menthe 0,0° -6x27cl","p":3.94,"u":"2,39 €/L","img":"https://fd5-photos.leclercdrive.fr/image.ashx?id=2896567&use=l&cat=p&typeid=i","cat":334877},{"id":81316,"n":"Tablette KINDER Chocolat Chocolat au Lait x24 - 300g","p":4.14,"u":"13,80 €/KG","img":"https://fd5-photos.leclercdrive.fr/image.ashx?id=2868167&use=l&cat=p&typeid=i","cat":284498},{"id":81318,"n":"Bonbons KINDER Schoko-Bons Chocolat au lait - 500G","p":7.52,"u":"15,04 €/KG","img":"https://fd5-photos.leclercdrive.fr/image.ashx?id=2402925&use=l&cat=p&typeid=i","cat":304238},{"id":81322,"n":"Huile de Tournesol Eco+ 3L","p":4.89,"u":"1,63 €/L","img":"https://fd5-photos.leclercdrive.fr/image.ashx?id=3002506&use=l&cat=p&typeid=i","cat":284453},{"id":81323,"n":"Huile d'olive Bio Carapelli Extra-vierge - 75cl","p":10.49,"u":"13,99 €/L","img":"https://fd5-photos.leclercdrive.fr/image.ashx?id=2737447&use=l&cat=p&typeid=i","cat":284453},{"id":81330,"n":"Huile d'arachide Eco+ 1L","p":3.17,"u":"3,17 €/L","img":"https://fd5-photos.leclercdrive.fr/image.ashx?id=3002497&use=l&cat=p&typeid=i","cat":284453},{"id":81352,"n":"Dosettes Bio Village Bio Amérique latine  x36 - 252g","p":4.49,"u":"17,82 €/KG","img":"https://fd5-photos.leclercdrive.fr/image.ashx?id=3003070&use=l&cat=p&typeid=i","cat":293238},{"id":81354,"n":"Confiture Eco+ Abricot - 1kg","p":2.17,"u":"2,17 €/KG","img":"https://fd5-photos.leclercdrive.fr/image.ashx?id=2953194&use=l&cat=p&typeid=i","cat":284480},{"id":81371,"n":"Tartine de pain Pasquier Au blé complet - 240g","p":1.38,"u":"5,75 €/KG","img":"https://fd5-photos.leclercdrive.fr/image.ashx?id=2927339&use=l&cat=p&typeid=i","cat":284479},{"id":81378,"n":"Bière Arômatisée Desquiles Rhum - 5.9%vol - 50cl","p":1.7,"u":"3,40 €/L","img":"https://fd5-photos.leclercdrive.fr/image.ashx?id=2637928&use=l&cat=p&typeid=i","cat":334853},{"id":81379,"n":"Jambon cru -25%  de Sel Aoste 6 tranches - 100g","p":3.77,"u":"37,70 €/KG","img":"https://fd5-photos.leclercdrive.fr/image.ashx?id=2359507&use=l&cat=p&typeid=i","cat":316007},{"id":81380,"n":"Chorizo tranché César Moroni Doux 20 tranches - 100g","p":1.79,"u":"17,90 €/KG","img":"https://fd5-photos.leclercdrive.fr/image.ashx?id=2948836&use=l&cat=p&typeid=i","cat":316007},{"id":81382,"n":"Pastis Ricard Plantes Fraiches Anisé 45% vol - 70cl","p":18.37,"u":"26,24 €/L","img":"https://fd5-photos.leclercdrive.fr/image.ashx?id=2870302&use=l&cat=p&typeid=i","cat":284548},{"id":81383,"n":"Rillettes du Mans La Véritable Bordeau Chesnel - 220g","p":1.95,"u":"8,86 €/KG","img":"https://fd5-photos.leclercdrive.fr/image.ashx?id=2763100&use=l&cat=p&typeid=i","cat":316008},{"id":81384,"n":"Vodka Zubrowska Biala 37.5%vol - 70cl","p":10.57,"u":"15,10 €/L","img":"https://fd5-photos.leclercdrive.fr/image.ashx?id=2961227&use=l&cat=p&typeid=i","cat":284550},{"id":81450,"n":"Bière Blonde Duvel 6x33cl","p":9.42,"u":"4,76 €/L","img":"https://fd5-photos.leclercdrive.fr/image.ashx?id=2314587&use=l&cat=p&typeid=i","cat":334872},{"id":81518,"n":"Miel de Châtaigneraie AOP Corse - 500g","p":14.42,"u":"28,84 €/KG","img":"https://fd5-photos.leclercdrive.fr/image.ashx?id=1877375&use=l&cat=p&typeid=i","cat":287643},{"id":81519,"n":"Miel de châtaignerais AOP Corse Miel du Campulori - 250g","p":8.85,"u":"35,40 €/KG","img":"https://fd5-photos.leclercdrive.fr/image.ashx?id=1877363&use=l&cat=p&typeid=i","cat":287643},{"id":81520,"n":"Miel maquis printemps AOP Corse Miel du Campulori","p":14.31,"u":"28,62 €/KG","img":"https://fd5-photos.leclercdrive.fr/image.ashx?id=1877369&use=l&cat=p&typeid=i","cat":287643},{"id":81521,"n":"Miel maquis printemps AOP Corse Miel du Campulori","p":8.51,"u":"34,04 €/KG","img":"https://fd5-photos.leclercdrive.fr/image.ashx?id=1877360&use=l&cat=p&typeid=i","cat":287643},{"id":81547,"n":"Capsules Nescafé Dolce Gusto  Cappuccino - x8 - 186g","p":4.37,"u":"23,49 €/KG","img":"https://fd5-photos.leclercdrive.fr/image.ashx?id=2838809&use=l&cat=p&typeid=i","cat":293239},{"id":81548,"n":"Pain de mie Harrys 100% mie Nature Sans croûte Maxi - 650g","p":2.03,"u":"3,12 €/KG","img":"https://fd5-photos.leclercdrive.fr/image.ashx?id=2517468&use=l&cat=p&typeid=i","cat":284477},{"id":81549,"n":"Semoule au lait Bonne Maman Vanille Naturelle - 4x100g","p":2.0,"u":"20,00 €/KG","img":"https://fd5-photos.leclercdrive.fr/image.ashx?id=2924281&use=l&cat=p&typeid=i","cat":284418},{"id":81554,"n":"Riz au lait Bonne Maman Vanille Naturelle - 4x100g","p":2.49,"u":"6,23 €/KG","img":"https://fd5-photos.leclercdrive.fr/image.ashx?id=2619130&use=l&cat=p&typeid=i","cat":284418},{"id":81558,"n":"Pain de mie 100% Mie Harrys Nature petites tranches - 500g","p":1.65,"u":"3,30 €/KG","img":"https://fd5-photos.leclercdrive.fr/image.ashx?id=2517453&use=l&cat=p&typeid=i","cat":284477},{"id":81559,"n":"Yaourt Enfant Petits Filous Fruits Mixés Panaché - 12x50g","p":2.07,"u":"3,45 €/KG","img":"https://fd5-photos.leclercdrive.fr/image.ashx?id=2767359&use=l&cat=p&typeid=i","cat":284414},{"id":81562,"n":"AOP Champagne Canard-Duchêne Rosé - 12%vol - 75cl","p":32.24,"u":"42,99 €/L","img":"https://fd5-photos.leclercdrive.fr/image.ashx?id=2757262&use=l&cat=p&typeid=i","cat":284542},{"id":81563,"n":"AOP Champagne Canard Duchêne Demi Sec - 75cl","p":25.99,"u":"34,65 €/L","img":"https://fd5-photos.leclercdrive.fr/image.ashx?id=2757259&use=l&cat=p&typeid=i","cat":284542},{"id":81564,"n":"AOP Champagne Canard-Duchêne Brut - 75cl","p":24.18,"u":"32,24 €/L","img":"https://fd5-photos.leclercdrive.fr/image.ashx?id=2756909&use=l&cat=p&typeid=i","cat":284542},{"id":81565,"n":"AOP Champagne Canard Duchêne Brut - 37.5cl","p":12.66,"u":"33,76 €/L","img":"https://fd5-photos.leclercdrive.fr/image.ashx?id=2104372&use=l&cat=p&typeid=i","cat":284542},{"id":81566,"n":"Fromage Raclette Burger Les Croisés 8 Tranches - 150g","p":1.23,"u":"8,20 €/KG","img":"https://fd5-photos.leclercdrive.fr/image.ashx?id=2396607&use=l&cat=p&typeid=i","cat":314028},{"id":81567,"n":"Biscuits Good Goût - 8 mois Bio - Mangue - 50g","p":2.96,"u":"59,20 €/KG","img":"https://fd5-photos.leclercdrive.fr/image.ashx?id=2762256&use=l&cat=p&typeid=i","cat":312227},{"id":81611,"n":"AOP Coteaux Varois Provence  Château de l'Escarelle - 75cl","p":7.57,"u":"10,09 €/L","img":"https://fd5-photos.leclercdrive.fr/image.ashx?id=2437665&use=l&cat=p&typeid=i","cat":289558},{"id":81639,"n":"Filet de Poulet x1 La Nouvelle Agriculture- 150g","p":3.25,"u":"21,67 €/KG","img":"https://fd5-photos.leclercdrive.fr/image.ashx?id=2364273&use=l&cat=p&typeid=i","cat":284336},{"id":81700,"n":"Compote bébé bio BabyBio Pomme châtaigne - 6 mois - 260g","p":1.87,"u":"7,19 €/KG","img":"https://fd5-photos.leclercdrive.fr/image.ashx?id=2838338&use=l&cat=p&typeid=i","cat":312388},{"id":81701,"n":"Repas bébé bio BabyBio 12 mois Patate douce Pintade - 230g","p":2.17,"u":"9,43 €/KG","img":"https://fd5-photos.leclercdrive.fr/image.ashx?id=2827410&use=l&cat=p&typeid=i","cat":312237},{"id":81702,"n":"Gourde bébé Babybio - 6 mois Bio Pomme / Framboise - 360g","p":3.42,"u":"9,50 €/KG","img":"https://fd5-photos.leclercdrive.fr/image.ashx?id=2827542&use=l&cat=p&typeid=i","cat":312393},{"id":81703,"n":"Gourde bébé Babybio - 6 mois Bio Orange / Banane - 360g","p":3.78,"u":"10,50 €/KG","img":"https://fd5-photos.leclercdrive.fr/image.ashx?id=2832017&use=l&cat=p&typeid=i","cat":312393},{"id":81735,"n":"Bière Blonde Delirium Tremens 33cl","p":2.69,"u":"8,15 €/L","img":"https://fd5-photos.leclercdrive.fr/image.ashx?id=2363111&use=l&cat=p&typeid=i","cat":334872},{"id":81768,"n":"Brioche tranchée La Boulangère Bio - 400g","p":2.13,"u":"5,33 €/KG","img":"https://fd5-photos.leclercdrive.fr/image.ashx?id=2912194&use=l&cat=p&typeid=i","cat":284478},{"id":81781,"n":"Thé noir Bio Ethiquable  Earl grey Darjeeling x20 - 36g","p":1.96,"u":"54,44 €/KG","img":"https://fd5-photos.leclercdrive.fr/image.ashx?id=2870836&use=l&cat=p&typeid=i","cat":293233},{"id":81816,"n":"Rillettes du Mans  Bordeau Chesnel - 220g","p":2.71,"img":"https://fd5-photos.leclercdrive.fr/image.ashx?id=2746812&use=l&cat=p&typeid=i","cat":316008},{"id":81861,"n":"Pain de mie 100% Mie Harrys Nature grandes tranches - 500g","p":1.72,"u":"3,44 €/KG","img":"https://fd5-photos.leclercdrive.fr/image.ashx?id=2517456&use=l&cat=p&typeid=i","cat":284477},{"id":81876,"n":"Galettes fines Céréal Bio Epinards et pignons Bio - 180g","p":3.13,"u":"17,39 €/KG","img":"https://fd5-photos.leclercdrive.fr/image.ashx?id=2421751&use=l&cat=p&typeid=i","cat":316036},{"id":81909,"n":"Café moulu Grand Mère Familial - 250g","p":3.26,"u":"13,04 €/KG","img":"https://fd5-photos.leclercdrive.fr/image.ashx?id=1755046&use=l&cat=p&typeid=i","cat":284750},{"id":81966,"n":"Sauce Algérienne Halal 350ml","p":2.13,"u":"6,09 €/L","img":"https://fd5-photos.leclercdrive.fr/image.ashx?id=2610924&use=l&cat=p&typeid=i","cat":289013},{"id":81991,"n":"Courgettes rondelle Bio Village Bio - 600g","p":1.99,"u":"3,32 €/KG","img":"https://fd5-photos.leclercdrive.fr/image.ashx?id=2898089&use=l&cat=p&typeid=i","cat":319805},{"id":82004,"n":"Mozzarella mini Galbani 150g","p":2.18,"u":"14,53 €/KG","img":"https://fd5-photos.leclercdrive.fr/image.ashx?id=2766586&use=l&cat=p&typeid=i","cat":314026},{"id":82006,"n":"Mozzarella di bufala Galbani 125g","p":2.59,"u":"20,72 €/KG","img":"https://fd5-photos.leclercdrive.fr/image.ashx?id=2976860&use=l&cat=p&typeid=i","cat":314026},{"id":82008,"n":"Emmental râpé fondant Président 3x70g","p":2.41,"u":"11,48 €/KG","img":"https://fd5-photos.leclercdrive.fr/image.ashx?id=2462741&use=l&cat=p&typeid=i","cat":314035},{"id":82009,"n":"Mozzarella râpée cucina Galbani 150g","p":2.53,"u":"16,87 €/KG","img":"https://fd5-photos.leclercdrive.fr/image.ashx?id=2787887&use=l&cat=p&typeid=i","cat":314035},{"id":82078,"n":"AOP Lussac Saint-Emilion rouge Esprit de Lussac - 75cl","p":8.15,"u":"10,87 €/L","img":"https://fd5-photos.leclercdrive.fr/image.ashx?id=3014509&use=l&cat=p&typeid=i","cat":289556},{"id":82099,"n":"Steak haché Eco+ x10 - 1kg","p":8.74,"u":"8,74 €/KG","img":"https://fd5-photos.leclercdrive.fr/image.ashx?id=2966532&use=l&cat=p&typeid=i","cat":319778},{"id":82102,"n":"Lanières Trio de poivrons Bio Bio village - 600g","p":2.99,"u":"4,98 €/KG","img":"https://fd5-photos.leclercdrive.fr/image.ashx?id=2898092&use=l&cat=p&typeid=i","cat":319805},{"id":82127,"n":"Vin Italie rouge Chianti DOCG Piccini - 75cl","p":4.55,"u":"6,07 €/L","img":"https://fd5-photos.leclercdrive.fr/image.ashx?id=2794637&use=l&cat=p&typeid=i","cat":289556},{"id":82145,"n":"Bière blonde La G de Goudale 7.9%vol - 75cl","p":3.98,"u":"5,31 €/L","img":"https://fd5-photos.leclercdrive.fr/image.ashx?id=2861566&use=l&cat=p&typeid=i","cat":334872},{"id":82147,"n":"Bière blonde IPA La Goudale 7.2%vol - 33cl","p":1.64,"u":"4,97 €/L","img":"https://fd5-photos.leclercdrive.fr/image.ashx?id=2020422&use=l&cat=p&typeid=i","cat":334872},{"id":82148,"n":"Lardons fumés Supérieur Eco+ 2x100g","p":1.28,"u":"6,40 €/KG","img":"https://fd5-photos.leclercdrive.fr/image.ashx?id=2998895&use=l&cat=p&typeid=i","cat":316011},{"id":82149,"n":"lardons supérieurs ECO+ Nature - 2x100g","p":1.28,"u":"6,40 €/KG","img":"https://fd5-photos.leclercdrive.fr/image.ashx?id=2968655&use=l&cat=p&typeid=i","cat":316011},{"id":82152,"n":"Compote Andros Abricot Morceaux - 4x100g","p":2.0,"u":"5,00 €/KG","img":"https://fd5-photos.leclercdrive.fr/image.ashx?id=2853566&use=l&cat=p&typeid=i","cat":284416},{"id":82157,"n":"Dessert fruitier pêche Andros En morceaux - 4x100g","p":1.77,"u":"4,43 €/KG","img":"https://fd5-photos.leclercdrive.fr/image.ashx?id=2845470&use=l&cat=p&typeid=i","cat":284416},{"id":82159,"n":"Compotes Andros Pomme/chataigne - 4x100g","p":1.52,"u":"3,80 €/KG","img":"https://fd5-photos.leclercdrive.fr/image.ashx?id=2937361&use=l&cat=p&typeid=i","cat":284416},{"id":82167,"n":"Compotes Andros Pomme Banane - 4x100g","p":1.35,"u":"3,38 €/KG","img":"https://fd5-photos.leclercdrive.fr/image.ashx?id=2883997&use=l&cat=p&typeid=i","cat":284416},{"id":82172,"n":"Mini cônes Extrême  Vanille Caramel x8 - 312g","p":3.87,"u":"12,40 €/KG","img":"https://fd5-photos.leclercdrive.fr/image.ashx?id=2737033&use=l&cat=p&typeid=i","cat":284264},{"id":82174,"n":"Extrême  Citron Framboise - 6x71g","p":3.24,"u":"7,61 €/KG","img":"https://fd5-photos.leclercdrive.fr/image.ashx?id=2866076&use=l&cat=p&typeid=i","cat":284264},{"id":82177,"n":"Bière blonde Duvel 8.5%vol - 75cl","p":3.85,"u":"5,13 €/L","img":"https://fd5-photos.leclercdrive.fr/image.ashx?id=2111139&use=l&cat=p&typeid=i","cat":334872},{"id":82179,"n":"Bière blonde 3 Monts 75cl","p":2.28,"u":"3,04 €/L","img":"https://fd5-photos.leclercdrive.fr/image.ashx?id=2550553&use=l&cat=p&typeid=i","cat":334852},{"id":82181,"n":"Bière Mort Subite Kriek A la cerise - 33cl","p":1.44,"u":"4,36 €/L","img":"https://fd5-photos.leclercdrive.fr/image.ashx?id=2796414&use=l&cat=p&typeid=i","cat":334872},{"id":82182,"n":"Miel de fleurs lune de miel Crémeux - 1kg","p":8.8,"u":"8,80 €/KG","img":"https://fd5-photos.leclercdrive.fr/image.ashx?id=2303831&use=l&cat=p&typeid=i","cat":287643},{"id":82184,"n":"Barres KINDER BUENO White  Chocolat Blanc x12 - 468g","p":9.35,"u":"19,98 €/KG","img":"https://fd5-photos.leclercdrive.fr/image.ashx?id=2679642&use=l&cat=p&typeid=i","cat":284498},{"id":82217,"n":"Gin Hendrick's 41.1%vol - 70cl","p":34.5,"u":"49,29 €/L","img":"https://fd5-photos.leclercdrive.fr/image.ashx?id=2225594&use=l&cat=p&typeid=i","cat":284550},{"id":82218,"n":"Emmental fromage rapé Les Croisés - 750g","p":5.98,"u":"7,97 €/KG","img":"https://fd5-photos.leclercdrive.fr/image.ashx?id=2900665&use=l&cat=p&typeid=i","cat":314035},{"id":82234,"n":"Liniment Corine de Farme Bio - 500ml","p":4.27,"u":"8,54 €/L","img":"https://fd5-photos.leclercdrive.fr/image.ashx?id=2424449&use=l&cat=p&typeid=i","cat":284741},{"id":82250,"n":"Thon au Naturel Petit Navire Démarche Responsable 140g","p":2.11,"u":"15,07 €/KG","img":"https://fd5-photos.leclercdrive.fr/image.ashx?id=2928360&use=l&cat=p&typeid=i","cat":303867},{"id":82251,"n":"Thon MSC Naturel Petit Navire Entier -  112g","p":3.36,"u":"30,00 €/KG","img":"https://fd5-photos.leclercdrive.fr/image.ashx?id=2928357&use=l&cat=p&typeid=i","cat":303867},{"id":82253,"n":"Biscuits Thé LU 350g","p":1.42,"u":"4,06 €/KG","img":"https://fd5-photos.leclercdrive.fr/image.ashx?id=2977738&use=l&cat=p&typeid=i","cat":284487},{"id":82257,"n":"Thon Albacore Connetable 100% filets - De bretagne -112g","p":2.56,"u":"22,86 €/KG","img":"https://fd5-photos.leclercdrive.fr/image.ashx?id=2654806&use=l&cat=p&typeid=i","cat":303867},{"id":82262,"n":"Sardine sans arêtes Connetable A l'huile d'olive - 140g","p":2.7,"u":"19,29 €/KG","img":"https://fd5-photos.leclercdrive.fr/image.ashx?id=2677336&use=l&cat=p&typeid=i","cat":305146},{"id":82264,"n":"Doonuts St Michel Pépites de chocolat - 180g","p":1.99,"u":"11,06 €/KG","img":"https://fd5-photos.leclercdrive.fr/image.ashx?id=1917782&use=l&cat=p&typeid=i","cat":284495},{"id":82265,"n":"Céréales Quaker Cruesli Chocolat - 450g","p":2.5,"u":"5,56 €/KG","img":"https://fd5-photos.leclercdrive.fr/image.ashx?id=2382791&use=l&cat=p&typeid=i","cat":309512},{"id":82266,"n":"Filet de sardines Saupiquet A l'huile d'olive - 100g","p":1.61,"u":"16,10 €/KG","img":"https://fd5-photos.leclercdrive.fr/image.ashx?id=2845347&use=l&cat=p&typeid=i","cat":305146},{"id":82268,"n":"Filet de Sardines Saupiquet Marinade Citron Basilic - 100g","p":1.61,"u":"16,10 €/KG","img":"https://fd5-photos.leclercdrive.fr/image.ashx?id=2845326&use=l&cat=p&typeid=i","cat":305146},{"id":82272,"n":"Sardine Parmentier Tomates - 135g","p":1.71,"u":"12,67 €/KG","img":"https://fd5-photos.leclercdrive.fr/image.ashx?id=3014416&use=l&cat=p&typeid=i","cat":305146},{"id":82276,"n":"Sardines Huile PARMENTIER Tournesol 135g","p":1.36,"u":"10,07 €/KG","img":"https://fd5-photos.leclercdrive.fr/image.ashx?id=2989057&use=l&cat=p&typeid=i","cat":305146},{"id":82277,"n":"Sardines Parmentier Citron - 135g","p":1.76,"u":"13,04 €/KG","img":"https://fd5-photos.leclercdrive.fr/image.ashx?id=2522575&use=l&cat=p&typeid=i","cat":305146},{"id":82280,"n":"Sardines Parmentier Piment - 135g","p":1.85,"u":"13,70 €/KG","img":"https://fd5-photos.leclercdrive.fr/image.ashx?id=2988312&use=l&cat=p&typeid=i","cat":305146},{"id":82281,"n":"Boulettes de boeuf Eco+ x30 - 900g","p":6.85,"u":"7,61 €/KG","img":"https://fd5-photos.leclercdrive.fr/image.ashx?id=2966529&use=l&cat=p&typeid=i","cat":319779},{"id":82307,"n":"Emmental d'Entremont En tranches - 150g","p":2.36,"u":"15,73 €/KG","img":"https://fd5-photos.leclercdrive.fr/image.ashx?id=2877742&use=l&cat=p&typeid=i","cat":314028},{"id":82309,"n":"yaourt fruits bio les 2 vaches brassé poire - 4x115g","p":2.07,"u":"4,50 €/KG","img":"https://fd5-photos.leclercdrive.fr/image.ashx?id=2571527&use=l&cat=p&typeid=i","cat":284410},{"id":82350,"n":"Frites fines McCain Côté Comptoir - 650g","p":2.27,"u":"3,49 €/KG","img":"https://fd5-photos.leclercdrive.fr/image.ashx?id=2693887&use=l&cat=p&typeid=i","cat":319791},{"id":82351,"n":"Frites incurvées McCain Côté Brasserie - 650g","p":2.27,"u":"3,49 €/KG","img":"https://fd5-photos.leclercdrive.fr/image.ashx?id=2927044&use=l&cat=p&typeid=i","cat":319791},{"id":82353,"n":"Biscuits Oréo enrobé chocolat Au lait - 246g","p":2.62,"u":"10,65 €/KG","img":"https://fd5-photos.leclercdrive.fr/image.ashx?id=2908333&use=l&cat=p&typeid=i","cat":284488},{"id":82433,"n":"Cordons Bleus Côté Croc Poulet x4 - 400g","p":3.14,"u":"7,85 €/KG","img":"https://fd5-photos.leclercdrive.fr/image.ashx?id=2801052&use=l&cat=p&typeid=i","cat":333683},{"id":82440,"n":"Boisson lactée Candy'UP Vanille - 6x20cl","p":3.07,"u":"2,56 €/L","img":"https://fd5-photos.leclercdrive.fr/image.ashx?id=2485632&use=l&cat=p&typeid=i","cat":295246},{"id":82451,"n":"Pâte d'amande rose 33% Maitre Prunille - 250g","p":1.94,"u":"7,76 €/KG","img":"https://fd5-photos.leclercdrive.fr/image.ashx?id=2248324&use=l&cat=p&typeid=i","cat":284504},{"id":82452,"n":"Pruneaux d'Agen Maître Prunille IGP Dénoyautés - 500g","p":5.49,"u":"10,98 €/KG","img":"https://fd5-photos.leclercdrive.fr/image.ashx?id=2016023&use=l&cat=p&typeid=i","cat":284357},{"id":82520,"n":"Fromage Croque emmental Président - 12 tranches - 200g","p":1.59,"u":"7,95 €/KG","img":"https://fd5-photos.leclercdrive.fr/image.ashx?id=2446356&use=l&cat=p&typeid=i","cat":314028},{"id":82523,"n":"Mozzarella mini di bufala Galbani - 150g","p":2.54,"u":"16,93 €/KG","img":"https://fd5-photos.leclercdrive.fr/image.ashx?id=2446158&use=l&cat=p&typeid=i","cat":314026},{"id":82575,"n":"Bière ambrée La Goudale 7.2%vol - 6x25cl","p":4.59,"u":"3,06 €/L","img":"https://fd5-photos.leclercdrive.fr/image.ashx?id=2915521&use=l&cat=p&typeid=i","cat":334852},{"id":82611,"n":"L'Ortolan portions Fromagerie Milleret - 8 x 30 g","p":3.61,"u":"15,04 €/KG","img":"https://fd5-photos.leclercdrive.fr/image.ashx?id=1857850&use=l&cat=p&typeid=i","cat":314030},{"id":82625,"n":"Mascarpone au Gorgonzola Portion - 240g","p":4.7,"u":"19,58 €/KG","img":"https://fd5-photos.leclercdrive.fr/image.ashx?id=1409279&use=l&cat=p&typeid=i","cat":314036},{"id":82631,"n":"Gorgonzola AOP Portion - 250g","p":3.4,"u":"13,60 €/KG","img":"https://fd5-photos.leclercdrive.fr/image.ashx?id=1409282&use=l&cat=p&typeid=i","cat":314036},{"id":82663,"n":"Arrangé Rivière du Mât Banane Vanillé - 70cl - 35%vol","p":16.85,"u":"24,07 €/L","img":"https://fd5-photos.leclercdrive.fr/image.ashx?id=2731300&use=l&cat=p&typeid=i","cat":284551},{"id":82664,"n":"Arrangé Rivière du Mât Coco Torréfiée - 35%vol - 70cl","p":15.39,"u":"21,99 €/L","img":"https://fd5-photos.leclercdrive.fr/image.ashx?id=3002045&use=l&cat=p&typeid=i","cat":284551},{"id":82665,"n":"Arrangé Rivière du Mât Vanille des Tropiques - 70cl","p":17.15,"u":"24,50 €/L","img":"https://fd5-photos.leclercdrive.fr/image.ashx?id=2731291&use=l&cat=p&typeid=i","cat":284551},{"id":82667,"n":"Yaourt aux fruits bifidus Activia poire - 4x125g","p":1.71,"u":"3,42 €/KG","img":"https://fd5-photos.leclercdrive.fr/image.ashx?id=2885330&use=l&cat=p&typeid=i","cat":315000},{"id":82668,"n":"Yaourt aux fruits Activia bifidus - 8x125g","p":3.11,"u":"3,11 €/KG","img":"https://fd5-photos.leclercdrive.fr/image.ashx?id=3003146&use=l&cat=p&typeid=i","cat":315000},{"id":82669,"n":"Yaourt aux fruits bifidus Activia mangue - 4x125g","p":1.82,"u":"3,64 €/KG","img":"https://fd5-photos.leclercdrive.fr/image.ashx?id=2886642&use=l&cat=p&typeid=i","cat":315000},{"id":82670,"n":"Yaourt aux fruits bifidus Activia ananas - 4x125g","p":1.75,"u":"3,50 €/KG","img":"https://fd5-photos.leclercdrive.fr/image.ashx?id=2886639&use=l&cat=p&typeid=i","cat":315000},{"id":82672,"n":"Yaourt aux fruits bifidus Activia pruneau - 4x125g","p":1.74,"u":"3,48 €/KG","img":"https://fd5-photos.leclercdrive.fr/image.ashx?id=2886636&use=l&cat=p&typeid=i","cat":315000},{"id":82675,"n":"Yaourt aux fruits bifidus Activia mûre framboise - 4x125g","p":2.02,"u":"4,04 €/KG","img":"https://fd5-photos.leclercdrive.fr/image.ashx?id=2960651&use=l&cat=p&typeid=i","cat":315000},{"id":82676,"n":"Yaourt aux fruits bifidus Activia figue - 4x125g","p":1.75,"u":"3,50 €/KG","img":"https://fd5-photos.leclercdrive.fr/image.ashx?id=2886630&use=l&cat=p&typeid=i","cat":315000},{"id":82677,"n":"yaourt aux fruits bifidus activia fraise - 4x125g","p":1.71,"u":"3,42 €/KG","img":"https://fd5-photos.leclercdrive.fr/image.ashx?id=2886627&use=l&cat=p&typeid=i","cat":315000},{"id":82678,"n":"yaourt aux fruits bifidus activia - 16x125g","p":5.57,"u":"2,79 €/KG","img":"https://fd5-photos.leclercdrive.fr/image.ashx?id=2810609&use=l&cat=p&typeid=i","cat":315000},{"id":82679,"n":"yaourt aux fruits bifidus activia - 12x125g","p":4.93,"img":"https://fd5-photos.leclercdrive.fr/image.ashx?id=2741721&use=l&cat=p&typeid=i","cat":315000},{"id":82688,"n":"Brandade de Morue Tipiak 1.050kg","p":5.54,"u":"5,28 €/KG","img":"https://fd5-photos.leclercdrive.fr/image.ashx?id=2944023&use=l&cat=p&typeid=i","cat":284254},{"id":82717,"n":"Arrangé Rivière du Mât Ananas Caramélisé 35% vol 70cl","p":15.39,"u":"21,99 €/L","img":"https://fd5-photos.leclercdrive.fr/image.ashx?id=2731297&use=l&cat=p&typeid=i","cat":284551},{"id":82739,"n":"Poisson pané Croustibat Findus Petit trésor MSC - x15 - 450g","p":2.75,"u":"6,11 €/KG","img":"https://fd5-photos.leclercdrive.fr/image.ashx?id=3008758&use=l&cat=p&typeid=i","cat":319788},{"id":82741,"n":"Poisson pané Findus Colin  Alaska Fish and Chips x13- 364g","p":3.0,"u":"8,24 €/KG","img":"https://fd5-photos.leclercdrive.fr/image.ashx?id=3008761&use=l&cat=p&typeid=i","cat":319788},{"id":82745,"n":"Couches Activ+ Mots d'enfants  Taille 5 : 11/25kg - x35","p":12.99,"u":"0,37 €/P","img":"https://fd5-photos.leclercdrive.fr/image.ashx?id=2922424&use=l&cat=p&typeid=i","cat":284737},{"id":82748,"n":"Couches Activ+ Mots d'enfants  Taille 4+ 9/20kg - x37 changes","p":12.99,"u":"0,35 €/P","img":"https://fd5-photos.leclercdrive.fr/image.ashx?id=2934742&use=l&cat=p&typeid=i","cat":284737},{"id":82876,"n":"Compotes bio Hipp Bio Dès 4 mois pomme poire - 4x100g","p":1.88,"u":"3,76 €/KG","img":"https://fd5-photos.leclercdrive.fr/image.ashx?id=2924647&use=l&cat=p&typeid=i","cat":312387},{"id":82924,"n":"Bière Heineken 6x33cl","p":4.76,"u":"2,40 €/L","img":"https://fd5-photos.leclercdrive.fr/image.ashx?id=3008113&use=l&cat=p&typeid=i","cat":334853},{"id":83109,"n":"Bières Rince Cochon rouge 75cl","p":4.8,"u":"6,40 €/L","img":"https://fd5-photos.leclercdrive.fr/image.ashx?id=2021238&use=l&cat=p&typeid=i","cat":334872},{"id":83120,"n":"Bière brune Pelforth 12x25cl","p":9.01,"u":"3,00 €/L","img":"https://fd5-photos.leclercdrive.fr/image.ashx?id=2646182&use=l&cat=p&typeid=i","cat":334852},{"id":83132,"n":"Boisson lactée Tous mes amis pour chats - 3x200ml","p":2.13,"u":"3,55 €/L","img":"https://fd5-photos.leclercdrive.fr/image.ashx?id=2313482&use=l&cat=p&typeid=i","cat":285285},{"id":83240,"n":"Bière Brune Pelforth 6x25cl","p":5.39,"u":"3,59 €/L","img":"https://fd5-photos.leclercdrive.fr/image.ashx?id=2655880&use=l&cat=p&typeid=i","cat":334852},{"id":83246,"n":"Maïs doux Bio 400g","p":2.68,"u":"6,70 €/KG","img":"https://fd5-photos.leclercdrive.fr/image.ashx?id=1610621&use=l&cat=p&typeid=i","cat":333671},{"id":83303,"n":"Happy Cola Haribo Sachet bonbons - 300g","p":1.76,"u":"5,87 €/KG","img":"https://fd5-photos.leclercdrive.fr/image.ashx?id=2806087&use=l&cat=p&typeid=i","cat":304250},{"id":83348,"n":"Coloration permanente Vitanove Chatain cuivre","p":3.45,"img":"https://fd5-photos.leclercdrive.fr/image.ashx?id=2522521&use=l&cat=p&typeid=i","cat":288899},{"id":83350,"n":"Bonbons Haribo Moam Happy fruttis - 200g","p":1.71,"u":"8,55 €/KG","img":"https://fd5-photos.leclercdrive.fr/image.ashx?id=2984916&use=l&cat=p&typeid=i","cat":304250},{"id":83377,"n":"Pâte à tartiner Karéléa Noisette sans sucre ajouté-400g","p":4.48,"u":"11,20 €/KG","img":"https://fd5-photos.leclercdrive.fr/image.ashx?id=2888013&use=l&cat=p&typeid=i","cat":284481},{"id":83429,"n":"AOP Côtes de Provence rosé H Haussmann - 75cl","p":9.38,"u":"12,51 €/L","img":"https://fd5-photos.leclercdrive.fr/image.ashx?id=2093535&use=l&cat=p&typeid=i","cat":289558},{"id":83434,"n":"Olives Père Olive Ail et basilic - 150g","p":2.77,"u":"18,47 €/KG","img":"https://fd5-photos.leclercdrive.fr/image.ashx?id=2892730&use=l&cat=p&typeid=i","cat":316002},{"id":83441,"n":"Jambon Le Jambon Bien Elevé 4 tranches - 160g","p":2.81,"u":"17,56 €/KG","img":"https://fd5-photos.leclercdrive.fr/image.ashx?id=2474677&use=l&cat=p&typeid=i","cat":316009},{"id":83476,"n":"Tapenade d'Olives vertes Les Tartinables Florelli 190g","p":2.94,"u":"15,47 €/KG","img":"https://fd5-photos.leclercdrive.fr/image.ashx?id=2904347&use=l&cat=p&typeid=i","cat":289010},{"id":83523,"n":"Biscuits Amaretti aux amandes  250g","p":3.95,"u":"15,80 €/KG","img":"https://fd5-photos.leclercdrive.fr/image.ashx?id=2584211&use=l&cat=p&typeid=i","cat":284487},{"id":83695,"n":"Vin d'Espagne rosé François d'Aubigné - 75cl","p":1.39,"u":"1,85 €/L","img":"https://fd5-photos.leclercdrive.fr/image.ashx?id=2747746&use=l&cat=p&typeid=i","cat":289558},{"id":83696,"n":"Vin d'Espagne rosé François D'Aubigné - BIB 5L","p":6.19,"u":"1,24 €/L","img":"https://fd5-photos.leclercdrive.fr/image.ashx?id=2921402&use=l&cat=p&typeid=i","cat":289560},{"id":83697,"n":"Vin d'Espagne blanc Sauvignon Bernard Cordelier - 75 cl","p":1.75,"u":"2,33 €/L","img":"https://fd5-photos.leclercdrive.fr/image.ashx?id=2886528&use=l&cat=p&typeid=i","cat":289557},{"id":83698,"n":"IGP Pays d'Oc Grenache vin rosé Vieux Carion 12.5% vol - 75cl","p":2.25,"u":"3,00 €/L","img":"https://fd5-photos.leclercdrive.fr/image.ashx?id=2722823&use=l&cat=p&typeid=i","cat":289558},{"id":83764,"n":"Thon vapeur Petit Navire Filet d'huile d'olive - 130g","p":2.44,"u":"18,77 €/KG","img":"https://fd5-photos.leclercdrive.fr/image.ashx?id=2829658&use=l&cat=p&typeid=i","cat":303867},{"id":83787,"n":"Dessert Lacté P'TIT BRASSE BIO Poire Banane 6M+ - 4x90g","p":2.44,"u":"6,78 €/KG","img":"https://fd5-photos.leclercdrive.fr/image.ashx?id=2670866&use=l&cat=p&typeid=i","cat":312392},{"id":83790,"n":"Desserts Lactés P'TIT BRASSE BIO Pomme Pêche 6M+ - 4x90g","p":1.91,"u":"5,31 €/KG","img":"https://fd5-photos.leclercdrive.fr/image.ashx?id=2670863&use=l&cat=p&typeid=i","cat":312392},{"id":83820,"n":"Chips Pom'Lisse  Saveur Chèvre miel - 135g","p":1.35,"u":"10,00 €/KG","img":"https://fd5-photos.leclercdrive.fr/image.ashx?id=2654474&use=l&cat=p&typeid=i","cat":284447},{"id":83844,"n":"Petites seiches 800g","p":10.43,"u":"13,04 €/KG","img":"https://fd5-photos.leclercdrive.fr/image.ashx?id=2875108&use=l&cat=p&typeid=i","cat":319786},{"id":83846,"n":"Rillettes de poulet pimenté Bordeau Chesnel - 200g","p":3.16,"u":"15,80 €/KG","img":"https://fd5-photos.leclercdrive.fr/image.ashx?id=2904077&use=l&cat=p&typeid=i","cat":316008},{"id":83852,"n":"Petites tranches Saint-Agaûne Nature - 70g","p":3.4,"u":"48,57 €/KG","img":"https://fd5-photos.leclercdrive.fr/image.ashx?id=2852558&use=l&cat=p&typeid=i","cat":316006},{"id":83854,"n":"Vin d'Espagne blanc François D'Aubigné - 75 cl","p":1.39,"u":"1,85 €/L","img":"https://fd5-photos.leclercdrive.fr/image.ashx?id=2888610&use=l&cat=p&typeid=i","cat":289557},{"id":83935,"n":"Thon mariné au piment d\"espelette Petit Navire - 110g","p":2.2,"u":"20,00 €/KG","img":"https://fd5-photos.leclercdrive.fr/image.ashx?id=2682863&use=l&cat=p&typeid=i","cat":303867},{"id":83944,"n":"Vin d'Espagne rouge Merlot Bernard Cordelier - 75cl","p":1.75,"u":"2,33 €/L","img":"https://fd5-photos.leclercdrive.fr/image.ashx?id=2756855&use=l&cat=p&typeid=i","cat":289556},{"id":83947,"n":"Vin d'Espagne vin rouge Bernard Cordelier - 75cl","p":1.75,"u":"2,33 €/L","img":"https://fd5-photos.leclercdrive.fr/image.ashx?id=2760789&use=l&cat=p&typeid=i","cat":289556},{"id":83951,"n":"IGP Pays d'Oc rouge Merlot J-P Chenet 13% vol BIB 3L","p":11.11,"u":"3,70 €/L","img":"https://fd5-photos.leclercdrive.fr/image.ashx?id=2941709&use=l&cat=p&typeid=i","cat":289560},{"id":83953,"n":"Vin d'Union Européenne rosé François D'Aubigné - 75 cl","p":1.46,"u":"1,95 €/L","img":"https://fd5-photos.leclercdrive.fr/image.ashx?id=2895756&use=l&cat=p&typeid=i","cat":289558},{"id":83962,"n":"Vin Portugal Vinho Verde DOC blanc Gazela - 75cl","p":7.46,"u":"9,95 €/L","img":"https://fd5-photos.leclercdrive.fr/image.ashx?id=2629620&use=l&cat=p&typeid=i","cat":289009},{"id":83974,"n":"IGP  Pays d'Hérault vin rosé Bernard Cordelier - 75cl","p":1.99,"u":"2,65 €/L","img":"https://fd5-photos.leclercdrive.fr/image.ashx?id=2891908&use=l&cat=p&typeid=i","cat":289558},{"id":83985,"n":"IGP Pays d'Oc rouge Merlot Grand Sud 13% vol - 1L","p":3.42,"u":"3,42 €/L","img":"https://fd5-photos.leclercdrive.fr/image.ashx?id=2941583&use=l&cat=p&typeid=i","cat":289556},{"id":83986,"n":"IGP Pays d'Oc rosé Merlot Grand Sud 12.5% vol - 1L","p":3.42,"u":"3,42 €/L","img":"https://fd5-photos.leclercdrive.fr/image.ashx?id=2941580&use=l&cat=p&typeid=i","cat":289558},{"id":83988,"n":"IGP Pays d'Oc rosé Merlot Les Ormes de Cambras 12% BIB 5L","p":14.03,"u":"2,81 €/L","img":"https://fd5-photos.leclercdrive.fr/image.ashx?id=1587084&use=l&cat=p&typeid=i","cat":289560},{"id":84011,"n":"IGP  Pays d'Hérault vin rosé Bernard Cordelier - BIB 3L","p":5.99,"u":"2,00 €/L","img":"https://fd5-photos.leclercdrive.fr/image.ashx?id=2891911&use=l&cat=p&typeid=i","cat":289560},{"id":84014,"n":"AOP Bordeaux vin blanc Bernard Cordelier - 75 cl","p":2.99,"u":"3,99 €/L","img":"https://fd5-photos.leclercdrive.fr/image.ashx?id=2776561&use=l&cat=p&typeid=i","cat":289557},{"id":84017,"n":"AOC Corbères vin rouge Bernard Cordelier - 75 cl","p":1.99,"u":"2,65 €/L","img":"https://fd5-photos.leclercdrive.fr/image.ashx?id=2987467&use=l&cat=p&typeid=i","cat":289556},{"id":84019,"n":"IGP  Pays d'Hérault vin rouge Bernard Cordelier - BIB 3L","p":5.99,"u":"2,00 €/L","img":"https://fd5-photos.leclercdrive.fr/image.ashx?id=2758341&use=l&cat=p&typeid=i","cat":289560},{"id":84020,"n":"IGP  Pays d'Hérault vin rouge Bernard Cordelier - 75cl","p":1.85,"u":"2,47 €/L","img":"https://fd5-photos.leclercdrive.fr/image.ashx?id=2843863&use=l&cat=p&typeid=i","cat":289556},{"id":84021,"n":"AOP Bordeaux rouge Mission Saint Vincent - 75cl","p":5.18,"u":"6,91 €/L","img":"https://fd5-photos.leclercdrive.fr/image.ashx?id=2734459&use=l&cat=p&typeid=i","cat":289556},{"id":84028,"n":"IGP Méditerranée rosé Les Calandières 12% vol BIB 3L","p":15.7,"u":"5,23 €/L","img":"https://fd5-photos.leclercdrive.fr/image.ashx?id=2997766&use=l&cat=p&typeid=i","cat":289560},{"id":84088,"n":"Café moulu Ethiquable Bolivie Bio - 250g","p":4.81,"u":"19,24 €/KG","img":"https://fd5-photos.leclercdrive.fr/image.ashx?id=2876833&use=l&cat=p&typeid=i","cat":284750},{"id":84089,"n":"Café moulu Bio Ethiquable  arabica Moka Ethiopie - 250g","p":5.03,"u":"20,12 €/KG","img":"https://fd5-photos.leclercdrive.fr/image.ashx?id=2876836&use=l&cat=p&typeid=i","cat":284750},{"id":84152,"n":"Pain pour Panini La Boulangère x4 - 300g","p":1.9,"u":"6,33 €/KG","img":"https://fd5-photos.leclercdrive.fr/image.ashx?id=2937457&use=l&cat=p&typeid=i","cat":284985},{"id":84154,"n":"Bonbons VICHY Menthe 230g","p":1.05,"u":"4,57 €/KG","img":"https://fd5-photos.leclercdrive.fr/image.ashx?id=2806342&use=l&cat=p&typeid=i","cat":304252},{"id":84155,"n":"Michoko La pie qui chante 280g","p":3.15,"u":"11,25 €/KG","img":"https://fd5-photos.leclercdrive.fr/image.ashx?id=2862560&use=l&cat=p&typeid=i","cat":284499},{"id":84158,"n":"Bonbons CARAMBAR Fruits Assortiment - 320g","p":1.72,"u":"5,38 €/KG","img":"https://fd5-photos.leclercdrive.fr/image.ashx?id=2964499&use=l&cat=p&typeid=i","cat":304250},{"id":84159,"n":"Bonbons CARAMBAR Family Assortiment - 450g","p":2.66,"u":"5,91 €/KG","img":"https://fd5-photos.leclercdrive.fr/image.ashx?id=2903446&use=l&cat=p&typeid=i","cat":304250},{"id":84160,"n":"Bonbons CARAMBAR Caramel 320g","p":1.72,"u":"5,38 €/KG","img":"https://fd5-photos.leclercdrive.fr/image.ashx?id=2770124&use=l&cat=p&typeid=i","cat":304250},{"id":84161,"n":"Bonbons LA PIE QUI CHANTE Michoko Noir - 280g","p":2.32,"u":"8,29 €/KG","img":"https://fd5-photos.leclercdrive.fr/image.ashx?id=2817842&use=l&cat=p&typeid=i","cat":304250},{"id":84163,"n":"Break P'tit Déli 135g","p":1.33,"u":"9,85 €/KG","img":"https://fd5-photos.leclercdrive.fr/image.ashx?id=2566200&use=l&cat=p&typeid=i","cat":284488},{"id":84166,"n":"Crème Dessert Bio Village Bio - Brebis Chocolat - 2x100g","p":1.79,"u":"8,95 €/KG","img":"https://fd5-photos.leclercdrive.fr/image.ashx?id=2992651&use=l&cat=p&typeid=i","cat":314998},{"id":84186,"n":"Lait bébé en poudre Bio Guigoz 2ème âge - 6-12 mois - 800g","p":17.82,"u":"22,28 €/KG","img":"https://fd5-photos.leclercdrive.fr/image.ashx?id=2740286&use=l&cat=p&typeid=i","cat":284727},{"id":84188,"n":"Lait bébé en poudre Bio Guigoz 1er âge - 0-6 mois - 800g","p":19.4,"u":"24,25 €/KG","img":"https://fd5-photos.leclercdrive.fr/image.ashx?id=3000438&use=l&cat=p&typeid=i","cat":284726},{"id":84212,"n":"Compote Cool Fruits bio Vitabio Pomme Passion - 12x90g","p":6.69,"u":"6,19 €/KG","img":"https://fd5-photos.leclercdrive.fr/image.ashx?id=2621405&use=l&cat=p&typeid=i","cat":284508},{"id":84249,"n":"Crème Bio Hydratante Sobio Etic Aloe Vera - 100ml","p":9.5,"u":"95,00 €/L","img":"https://fd5-photos.leclercdrive.fr/image.ashx?id=2787074&use=l&cat=p&typeid=i","cat":325345},{"id":84253,"n":"Crème de Douche Bio Sobio Etic Peaux Sensibles Aloe Vera-650ml","p":6.91,"u":"10,63 €/L","img":"https://fd5-photos.leclercdrive.fr/image.ashx?id=2891577&use=l&cat=p&typeid=i","cat":284594},{"id":84266,"n":"Crème de jour bio Sobio Etic  Hydratante à l'aloé Vera - 50ml","p":8.76,"u":"175,20 €/L","img":"https://fd5-photos.leclercdrive.fr/image.ashx?id=2802485&use=l&cat=p&typeid=i","cat":325345},{"id":84385,"n":"Croc'Choc Lucien Georgelin Noisette - 375g","p":2.9,"u":"7,73 €/KG","img":"https://fd5-photos.leclercdrive.fr/image.ashx?id=2561811&use=l&cat=p&typeid=i","cat":309513},{"id":84386,"n":"Croc'Tou Choc Lucien Georgelin 375g - Lucien Georgelin","p":2.83,"u":"7,55 €/KG","img":"https://fd5-photos.leclercdrive.fr/image.ashx?id=2561808&use=l&cat=p&typeid=i","cat":309513},{"id":84410,"n":"Pop corn Movie goût sucré Le seau de 700g","p":5.42,"u":"7,74 €/KG","img":"https://fd5-photos.leclercdrive.fr/image.ashx?id=1793625&use=l&cat=p&typeid=i","cat":284357},{"id":84437,"n":"Yaourt à boire Mini Yop Aromatisé Framboise - 8x100g","p":2.32,"u":"2,90 €/KG","img":"https://fd5-photos.leclercdrive.fr/image.ashx?id=2320000&use=l&cat=p&typeid=i","cat":284415},{"id":84440,"n":"Saucisse perche d'Aveyron  NRT - 320g","p":6.96,"u":"21,75 €/KG","img":"https://fd5-photos.leclercdrive.fr/image.ashx?id=1910667&use=l&cat=p&typeid=i","cat":316006},{"id":84441,"n":"Trio saucissons Cévennes  Nos Régions ont du Talent 345g","p":6.84,"u":"19,83 €/KG","img":"https://fd5-photos.leclercdrive.fr/image.ashx?id=2776301&use=l&cat=p&typeid=i","cat":316006},{"id":84457,"n":"Sorbet plein fruit L'Angelys Abricot - 500g","p":4.35,"u":"8,70 €/KG","img":"https://fd5-photos.leclercdrive.fr/image.ashx?id=2963622&use=l&cat=p&typeid=i","cat":284263},{"id":84458,"n":"Crème glacée L'Angélys Artisanale Chocolat noir - 450g","p":4.32,"u":"9,60 €/KG","img":"https://fd5-photos.leclercdrive.fr/image.ashx?id=2963571&use=l&cat=p&typeid=i","cat":284263},{"id":84486,"n":"Mousse forestière Supérieure Médaille d'or CGA 2017 - 170g","p":2.73,"u":"16,06 €/KG","img":"https://fd5-photos.leclercdrive.fr/image.ashx?id=2989261&use=l&cat=p&typeid=i","cat":316008},{"id":84752,"n":"Miettes de surimi saveur crabe 200g","p":1.77,"u":"8,85 €/KG","img":"https://fd5-photos.leclercdrive.fr/image.ashx?id=2972029&use=l&cat=p&typeid=i","cat":285189},{"id":84763,"n":"Chipolatas supérieures La Nouvelle Agriculture x6-330g","p":3.98,"u":"12,06 €/KG","img":"https://fd5-photos.leclercdrive.fr/image.ashx?id=2831939&use=l&cat=p&typeid=i","cat":284334},{"id":84774,"n":"Préparation brownie Nestlé Au chocolat - 405g","p":3.6,"u":"8,89 €/KG","img":"https://fd5-photos.leclercdrive.fr/image.ashx?id=2849259&use=l&cat=p&typeid=i","cat":284505},{"id":84782,"n":"Cuisse de poulet Blanc Le Gaulois - 1kg","p":6.42,"u":"6,42 €/KG","img":"https://fd5-photos.leclercdrive.fr/image.ashx?id=2732764&use=l&cat=p&typeid=i","cat":284336},{"id":84784,"n":"Filet de poulet Le Gaulois x2 - 300g","p":5.3,"u":"17,67 €/KG","img":"https://fd5-photos.leclercdrive.fr/image.ashx?id=2732761&use=l&cat=p&typeid=i","cat":284336},{"id":84786,"n":"Pilons de poulet jaune Le Gaulois - 360g","p":3.14,"u":"8,72 €/KG","img":"https://fd5-photos.leclercdrive.fr/image.ashx?id=2732755&use=l&cat=p&typeid=i","cat":284336},{"id":84789,"n":"Filet de poulet blanc Le Gaulois x2 - 300g","p":3.92,"u":"13,07 €/KG","img":"https://fd5-photos.leclercdrive.fr/image.ashx?id=2633989&use=l&cat=p&typeid=i","cat":284336},{"id":84790,"n":"Cuisse de poulet blanc Le Gaulois - 500g","p":3.32,"u":"6,64 €/KG","img":"https://fd5-photos.leclercdrive.fr/image.ashx?id=2732752&use=l&cat=p&typeid=i","cat":284336},{"id":84791,"n":"Cuisse de poulet jaune Le Gaulois - x2 - 500g","p":3.57,"pp":2.86,"u":"5,72 €/KG","img":"https://fd5-photos.leclercdrive.fr/image.ashx?id=2732749&use=l&cat=p&typeid=i","cat":284336},{"id":84794,"n":"Coton Lotus Baby Peau nette - x85","p":2.73,"u":"0,03 €/P","img":"https://fd5-photos.leclercdrive.fr/image.ashx?id=2981355&use=l&cat=p&typeid=i","cat":284739},{"id":84818,"n":"Baby carottes La Ferme à Jules Les Crudettes - 400g","p":3.24,"u":"8,10 €/KG","img":"https://fd5-photos.leclercdrive.fr/image.ashx?id=2227570&use=l&cat=p&typeid=i","cat":284352},{"id":84819,"n":"Cerneaux de noix Seeberger 150g","p":5.44,"u":"36,27 €/KG","img":"https://fd5-photos.leclercdrive.fr/image.ashx?id=2950615&use=l&cat=p&typeid=i","cat":284357},{"id":84820,"n":"Minis sandwich Daunat jambon/emmental - 130g","p":1.59,"u":"12,23 €/KG","img":"https://fd5-photos.leclercdrive.fr/image.ashx?id=2951812&use=l&cat=p&typeid=i","cat":333658},{"id":84841,"n":"3 paires de chaussettes Dim Noir Taille 43/46","p":9.95,"u":"3,32 €/P","img":"https://fd5-photos.leclercdrive.fr/image.ashx?id=2180984&use=l&cat=p&typeid=i","cat":334130},{"id":85012,"n":"Compotes Bio Ethiquable Banane Mangue Passion - 4x100g","p":2.34,"u":"5,85 €/KG","img":"https://fd5-photos.leclercdrive.fr/image.ashx?id=2878165&use=l&cat=p&typeid=i","cat":284508},{"id":85020,"n":"Farine bio Ethiquable Blé de Touselle du Gers - 1kg","p":4.3,"u":"4,30 €/KG","img":"https://fd5-photos.leclercdrive.fr/image.ashx?id=2977549&use=l&cat=p&typeid=i","cat":284503},{"id":85022,"n":"Shampooing Naturé Moi Extra-doux - 250ml","p":2.5,"u":"10,00 €/L","img":"https://fd5-photos.leclercdrive.fr/image.ashx?id=2740673&use=l&cat=p&typeid=i","cat":284606},{"id":85028,"n":"Sésame grillé bio Happy Bio 250 G","p":3.64,"u":"14,56 €/KG","img":"https://fd5-photos.leclercdrive.fr/image.ashx?id=2970987&use=l&cat=p&typeid=i","cat":284430},{"id":85029,"n":"Flocon avoine Happy Bio gros bio  - 500g","p":2.26,"u":"4,52 €/KG","img":"https://fd5-photos.leclercdrive.fr/image.ashx?id=2684994&use=l&cat=p&typeid=i","cat":318651},{"id":85032,"n":"Après-shampooing Naturé Moi Nourrissant-cheveux secs- 200ml","p":2.45,"u":"12,25 €/L","img":"https://fd5-photos.leclercdrive.fr/image.ashx?id=2741475&use=l&cat=p&typeid=i","cat":284607},{"id":85040,"n":"Shampooing sec Batiste Cherry - 200ml","p":3.37,"u":"16,85 €/L","img":"https://fd5-photos.leclercdrive.fr/image.ashx?id=2983459&use=l&cat=p&typeid=i","cat":289143},{"id":85052,"n":"Croquettes petit chien Ultima  Nature Poulet - 1,25kg","p":6.07,"u":"4,86 €/KG","img":"https://fd5-photos.leclercdrive.fr/image.ashx?id=2593164&use=l&cat=p&typeid=i","cat":294526},{"id":85053,"n":"Papier Toilette Lotus Moltonel Sans tube - x4","p":4.27,"u":"1,07 €/P","img":"https://fd5-photos.leclercdrive.fr/image.ashx?id=2992317&use=l&cat=p&typeid=i","cat":284634},{"id":85055,"n":"Papier toilette Lotus Moltonel Sans tube - X6","p":6.91,"u":"1,15 €/P","img":"https://fd5-photos.leclercdrive.fr/image.ashx?id=2570580&use=l&cat=p&typeid=i","cat":284634},{"id":85059,"n":"Protection auditive Quies En mousse fluo - x16","p":5.81,"u":"0,36 €/P","img":"https://fd5-photos.leclercdrive.fr/image.ashx?id=2159511&use=l&cat=p&typeid=i","cat":284630},{"id":85060,"n":"Spray à l'arnica Mercurochrome 100ml","p":5.09,"u":"50,90 €/L","img":"https://fd5-photos.leclercdrive.fr/image.ashx?id=2692287&use=l&cat=p&typeid=i","cat":284630},{"id":85073,"n":"Croûtons pour salade Tipiak Ail&Fine Herbes - 100g","p":1.34,"u":"13,40 €/KG","img":"https://fd5-photos.leclercdrive.fr/image.ashx?id=2276723&use=l&cat=p&typeid=i","cat":284464},{"id":85084,"n":"Pâtes Capellini de Panzani Sous cellophane - 1kg","p":1.97,"u":"1,97 €/KG","img":"https://fd5-photos.leclercdrive.fr/image.ashx?id=2876035&use=l&cat=p&typeid=i","cat":284427},{"id":85106,"n":"Mayonnaise American Style Heinz  - 395g","p":2.28,"u":"5,77 €/KG","img":"https://fd5-photos.leclercdrive.fr/image.ashx?id=2927059&use=l&cat=p&typeid=i","cat":298295},{"id":85206,"n":"Génoises fourrées Pim's LU Fraise des bois - 150g","p":1.52,"u":"10,13 €/KG","img":"https://fd5-photos.leclercdrive.fr/image.ashx?id=3002204&use=l&cat=p&typeid=i","cat":284489},{"id":85207,"n":"Génoise fourrées Pim's LU Poire - 150g","p":1.6,"u":"10,67 €/KG","img":"https://fd5-photos.leclercdrive.fr/image.ashx?id=2145202&use=l&cat=p&typeid=i","cat":284489},{"id":85268,"n":"Infusion Bio Ethiquable Rooibos Afrique du Sud x20 - 40g","p":2.8,"u":"3,50 €/KG","img":"https://fd5-photos.leclercdrive.fr/image.ashx?id=2870878&use=l&cat=p&typeid=i","cat":293233},{"id":85269,"n":"Purée pruneaux Ethiquable Bio - 300g","p":3.66,"u":"12,20 €/KG","img":"https://fd5-photos.leclercdrive.fr/image.ashx?id=2916252&use=l&cat=p&typeid=i","cat":284480},{"id":85278,"n":"Barres Têtes Brûlées Fraise/pomme - 200g","p":1.89,"u":"9,45 €/KG","img":"https://fd5-photos.leclercdrive.fr/image.ashx?id=2917882&use=l&cat=p&typeid=i","cat":304250},{"id":85283,"n":"Confiture extra Ethiquable Groseille Bio - 320g","p":3.45,"u":"10,78 €/KG","img":"https://fd5-photos.leclercdrive.fr/image.ashx?id=2944224&use=l&cat=p&typeid=i","cat":284480},{"id":85284,"n":"Confiture Ethiquable Pêche de vigne bio - 320g","p":3.29,"u":"10,28 €/KG","img":"https://fd5-photos.leclercdrive.fr/image.ashx?id=2521542&use=l&cat=p&typeid=i","cat":284480},{"id":85286,"n":"Confiture Extra Ethiquable Bio Aux abricots - 375g","p":2.64,"u":"7,04 €/KG","img":"https://fd5-photos.leclercdrive.fr/image.ashx?id=2944221&use=l&cat=p&typeid=i","cat":284480},{"id":85287,"n":"Confiture Ethiquable Figue du Rousillon bio  - 375g","p":2.89,"u":"7,71 €/KG","img":"https://fd5-photos.leclercdrive.fr/image.ashx?id=2944230&use=l&cat=p&typeid=i","cat":284480},{"id":85288,"n":"Confiture Fraise Bio Ethiquable des monts du lyonnais - 320g","p":3.89,"u":"12,16 €/KG","img":"https://fd5-photos.leclercdrive.fr/image.ashx?id=2977555&use=l&cat=p&typeid=i","cat":284480},{"id":85290,"n":"Chocolat noir Bio Ethiquable  74% Côte d'Ivoire - 100g","p":2.66,"u":"26,60 €/KG","img":"https://fd5-photos.leclercdrive.fr/image.ashx?id=2870929&use=l&cat=p&typeid=i","cat":284956},{"id":85388,"n":"Serviette Men Active Fit Tena Pants plus L - x8","p":6.94,"u":"0,87 €/P","img":"https://fd5-photos.leclercdrive.fr/image.ashx?id=2399060&use=l&cat=p&typeid=i","cat":291514},{"id":85389,"n":"Chocolat noir Bio Alter Eco  fruits de la passion - 100g","p":2.71,"u":"27,10 €/KG","img":"https://fd5-photos.leclercdrive.fr/image.ashx?id=2921894&use=l&cat=p&typeid=i","cat":284956},{"id":85445,"n":"Serpillères jetables St Marc  Anti-Bactériennes - x20","p":2.43,"u":"0,12 €/P","img":"https://fd5-photos.leclercdrive.fr/image.ashx?id=2228552&use=l&cat=p&typeid=i","cat":325358},{"id":85532,"n":"Tenders de Poulet Père Dodu  Aiguillettes - 380g","p":5.38,"u":"14,16 €/KG","img":"https://fd5-photos.leclercdrive.fr/image.ashx?id=2957200&use=l&cat=p&typeid=i","cat":333684},{"id":85665,"n":"IGP île de de beauté vin rosé Président Nielluciu - 75cl","p":5.14,"u":"6,85 €/L","img":"https://fd5-photos.leclercdrive.fr/image.ashx?id=1882322&use=l&cat=p&typeid=i","cat":289558},{"id":85666,"n":"IGP Ardeche rosé Pont d'Arc 12.5% vol - BIB 5L","p":13.99,"u":"2,80 €/L","img":"https://fd5-photos.leclercdrive.fr/image.ashx?id=2527922&use=l&cat=p&typeid=i","cat":289560},{"id":85735,"n":"Soda au cola Pepsi Zéro sucres La bouteille de 2L","p":1.61,"u":"0,81 €/L","img":"https://fd5-photos.leclercdrive.fr/image.ashx?id=2682297&use=l&cat=p&typeid=i","cat":284530},{"id":85739,"n":"Soda Pepsi Saveur cola sans sucres - 1L","p":1.2,"u":"1,20 €/L","img":"https://fd5-photos.leclercdrive.fr/image.ashx?id=2682300&use=l&cat=p&typeid=i","cat":284530},{"id":85745,"n":"Batonnets Surimi Coraya x30 - 450g","p":4.65,"u":"10,33 €/KG","img":"https://fd5-photos.leclercdrive.fr/image.ashx?id=2962683&use=l&cat=p&typeid=i","cat":285189},{"id":85960,"n":"AOP Bordeaux rosé Mouton Cadet - 75cl","p":5.59,"u":"7,45 €/L","img":"https://fd5-photos.leclercdrive.fr/image.ashx?id=2943987&use=l&cat=p&typeid=i","cat":289558},{"id":85998,"n":"Sauce Curry Mango Heinz - 225g","p":1.92,"u":"8,53 €/KG","img":"https://fd5-photos.leclercdrive.fr/image.ashx?id=2927050&use=l&cat=p&typeid=i","cat":318431},{"id":86020,"n":"Champagne Alfred Rothschild Brut - 75cl","p":28.47,"u":"37,96 €/L","img":"https://fd5-photos.leclercdrive.fr/image.ashx?id=2628473&use=l&cat=p&typeid=i","cat":284542},{"id":86049,"n":"Éventail de Crevettes Pescanova ASC Sauce Cocktail - 130g","p":4.59,"u":"35,31 €/KG","img":"https://fd5-photos.leclercdrive.fr/image.ashx?id=2816871&use=l&cat=p&typeid=i","cat":284343},{"id":86051,"n":"Cordons Bio Maitre Coq x2 - 200g","p":4.7,"u":"23,50 €/KG","img":"https://fd5-photos.leclercdrive.fr/image.ashx?id=2311243&use=l&cat=p&typeid=i","cat":333683},{"id":86071,"n":"AOP Prosecco Perlino Extra Dry - 75cl","p":6.3,"u":"8,40 €/L","img":"https://fd5-photos.leclercdrive.fr/image.ashx?id=2612778&use=l&cat=p&typeid=i","cat":289461},{"id":86144,"n":"Fromage Mini Saint Albray Filet de 5 Portions - 150g","p":3.45,"u":"23,00 €/KG","img":"https://fd5-photos.leclercdrive.fr/image.ashx?id=2766298&use=l&cat=p&typeid=i","cat":329558},{"id":86208,"n":"Pâte à tartiner Nutella 1kg","p":6.62,"u":"6,62 €/KG","img":"https://fd5-photos.leclercdrive.fr/image.ashx?id=2935648&use=l&cat=p&typeid=i","cat":284481},{"id":86338,"n":"Essuie-tout Collector Okay 12+4 rouleaux offerts","p":12.27,"u":"0,77 €/P","img":"https://fd5-photos.leclercdrive.fr/image.ashx?id=2743613&use=l&cat=p&typeid=i","cat":284635},{"id":86375,"n":"Rochers Suchard  Lait - 7x35g","p":4.09,"u":"16,69 €/KG","img":"https://fd5-photos.leclercdrive.fr/image.ashx?id=2950372&use=l&cat=p&typeid=i","cat":284499},{"id":86376,"n":"Rochers Suchard Noir - 7x35g","p":4.19,"u":"17,10 €/KG","img":"https://fd5-photos.leclercdrive.fr/image.ashx?id=2950375&use=l&cat=p&typeid=i","cat":284499},{"id":86395,"n":"Brioche tranchée Pasquier Familiale - 650g","p":3.32,"u":"5,11 €/KG","img":"https://fd5-photos.leclercdrive.fr/image.ashx?id=2850949&use=l&cat=p&typeid=i","cat":284478},{"id":86403,"n":"Capsules café L'Or Espresso Delizioso N°5 x10","p":2.98,"u":"57,31 €/KG","img":"https://fd5-photos.leclercdrive.fr/image.ashx?id=3000462&use=l&cat=p&typeid=i","cat":284749},{"id":86409,"n":"Amande à tartiner Bjorg Bio - 185g","p":5.58,"u":"30,16 €/KG","img":"https://fd5-photos.leclercdrive.fr/image.ashx?id=2752969&use=l&cat=p&typeid=i","cat":284481},{"id":86411,"n":"Biscuit bio Bjorg Avoine pépites chocolat - 130g","p":2.37,"u":"18,23 €/KG","img":"https://fd5-photos.leclercdrive.fr/image.ashx?id=2999985&use=l&cat=p&typeid=i","cat":325066},{"id":86416,"n":"Confiture bio Bio Village Fruits rouges - 370g","p":2.79,"u":"7,54 €/KG","img":"https://fd5-photos.leclercdrive.fr/image.ashx?id=2965638&use=l&cat=p&typeid=i","cat":284480},{"id":86417,"n":"Barquettes Bio Village Fraise bio - 120g","p":1.99,"u":"16,58 €/KG","img":"https://fd5-photos.leclercdrive.fr/image.ashx?id=2907476&use=l&cat=p&typeid=i","cat":284489},{"id":86438,"n":"Dentifrice Integral 8 Signal Nature Elements Coco 75ml","p":1.81,"u":"24,13 €/L","img":"https://fd5-photos.leclercdrive.fr/image.ashx?id=2974659&use=l&cat=p&typeid=i","cat":284612},{"id":86448,"n":"Désinfectant protection Sanytol Salle de bain - 500ml","p":3.54,"u":"7,08 €/L","img":"https://fd5-photos.leclercdrive.fr/image.ashx?id=2848620&use=l&cat=p&typeid=i","cat":325357},{"id":86451,"n":"Lessive gel Génie Lavage main - 200ml","p":1.38,"u":"6,90 €/L","img":"https://fd5-photos.leclercdrive.fr/image.ashx?id=2664142&use=l&cat=p&typeid=i","cat":284643},{"id":86470,"n":"Bonbons KREMA Festival Assortiment - 360g","p":2.25,"u":"6,25 €/KG","img":"https://fd5-photos.leclercdrive.fr/image.ashx?id=2817875&use=l&cat=p&typeid=i","cat":304250},{"id":86474,"n":"Bonbons KREMA Batna Réglisse & Anis - 360g","p":2.29,"u":"6,36 €/KG","img":"https://fd5-photos.leclercdrive.fr/image.ashx?id=2817878&use=l&cat=p&typeid=i","cat":304250},{"id":86482,"n":"Bonbons KREMA Régal'ad Assortiment Fruits - 360g","p":2.73,"u":"7,58 €/KG","img":"https://fd5-photos.leclercdrive.fr/image.ashx?id=2855295&use=l&cat=p&typeid=i","cat":304250},{"id":86483,"n":"Bonbons La pie qui chante Menthe claire - 360g","p":1.98,"u":"5,50 €/KG","img":"https://fd5-photos.leclercdrive.fr/image.ashx?id=2817869&use=l&cat=p&typeid=i","cat":304252},{"id":86488,"n":"Bonbons La pie qui chante Stoptou à la réglisse - 450g","p":2.55,"u":"5,67 €/KG","img":"https://fd5-photos.leclercdrive.fr/image.ashx?id=2817872&use=l&cat=p&typeid=i","cat":304250},{"id":86489,"n":"Chocolat en poudre Poulain Grand arôme 32% cacao - 250g","p":2.2,"u":"8,80 €/KG","img":"https://fd5-photos.leclercdrive.fr/image.ashx?id=2859071&use=l&cat=p&typeid=i","cat":293235},{"id":86570,"n":"Chewing gum Malabar Tutti Frutti - 214g","p":2.2,"u":"10,28 €/KG","img":"https://fd5-photos.leclercdrive.fr/image.ashx?id=2817848&use=l&cat=p&typeid=i","cat":304251},{"id":86577,"n":"Pain panini Jacquet x4 - 240g","p":2.38,"u":"9,92 €/KG","img":"https://fd5-photos.leclercdrive.fr/image.ashx?id=2829685&use=l&cat=p&typeid=i","cat":284985},{"id":86580,"n":"Gousse de vanille Sainte Lucie Poudre pot - 3g","p":3.47,"img":"https://fd5-photos.leclercdrive.fr/image.ashx?id=2774960&use=l&cat=p&typeid=i","cat":284504},{"id":86584,"n":"Pain burger Harry's Maxi Nature - 510g","p":2.61,"u":"5,12 €/KG","img":"https://fd5-photos.leclercdrive.fr/image.ashx?id=2517444&use=l&cat=p&typeid=i","cat":325067},{"id":86586,"n":"Pain de mie Harrys Nature extra moelleux - 500g","p":1.36,"u":"2,72 €/KG","img":"https://fd5-photos.leclercdrive.fr/image.ashx?id=2660730&use=l&cat=p&typeid=i","cat":284477},{"id":86591,"n":"AOP Champagne Pommery Brut Royal étui- 75cl","p":33.32,"u":"44,43 €/L","img":"https://fd5-photos.leclercdrive.fr/image.ashx?id=2791500&use=l&cat=p&typeid=i","cat":284542},{"id":86656,"n":"Bouillon cubes légumes Knorr Méditerranéens x12- 132g","p":1.67,"u":"12,65 €/KG","img":"https://fd5-photos.leclercdrive.fr/image.ashx?id=2940636&use=l&cat=p&typeid=i","cat":288379},{"id":86658,"n":"Thé vert Twinings Simplement pur - x25 - 37g","p":2.34,"u":"63,24 €/KG","img":"https://fd5-photos.leclercdrive.fr/image.ashx?id=2893015&use=l&cat=p&typeid=i","cat":293233},{"id":86665,"n":"Dosettes café Senseo Grand Mère Classique x54","p":5.11,"u":"14,35 €/KG","img":"https://fd5-photos.leclercdrive.fr/image.ashx?id=2769837&use=l&cat=p&typeid=i","cat":293238},{"id":86669,"n":"Huile vierge Bio village  Sésame grillé bio - 25cl","p":2.67,"u":"10,68 €/L","img":"https://fd5-photos.leclercdrive.fr/image.ashx?id=3005715&use=l&cat=p&typeid=i","cat":284453},{"id":86672,"n":"Bouillon déshydraté Knorr Légumes bio - 3L","p":1.14,"u":"0,38 €/L","img":"https://fd5-photos.leclercdrive.fr/image.ashx?id=2738293&use=l&cat=p&typeid=i","cat":288379},{"id":86675,"n":"Sachet fraîcheur chien Pedigree  Mixte en sauce - 24x100g","p":9.79,"u":"4,08 €/KG","img":"https://fd5-photos.leclercdrive.fr/image.ashx?id=2870245&use=l&cat=p&typeid=i","cat":284673},{"id":86724,"n":"Huile d'olive Bio Village Bio Vierge extra fruité - 75 cl","p":7.99,"u":"10,65 €/L","img":"https://fd5-photos.leclercdrive.fr/image.ashx?id=3005712&use=l&cat=p&typeid=i","cat":284453},{"id":86725,"n":"Poudre de cacao bio Bio Village 500g - 32% de cacao","p":3.95,"u":"7,90 €/KG","img":"https://fd5-photos.leclercdrive.fr/image.ashx?id=2441516&use=l&cat=p&typeid=i","cat":293235},{"id":86732,"n":"Chips Barbecue Pom'lisse Maxi format - 270g","p":1.81,"u":"6,70 €/KG","img":"https://fd5-photos.leclercdrive.fr/image.ashx?id=2710837&use=l&cat=p&typeid=i","cat":284447},{"id":86734,"n":"Cookies P'tit Déli Triple chocolat - 200g","p":1.44,"u":"7,20 €/KG","img":"https://fd5-photos.leclercdrive.fr/image.ashx?id=2529608&use=l&cat=p&typeid=i","cat":325066},{"id":86738,"n":"Croquants des cordes NRT 90g","p":3.55,"u":"39,44 €/KG","img":"https://fd5-photos.leclercdrive.fr/image.ashx?id=2622341&use=l&cat=p&typeid=i","cat":284487},{"id":86741,"n":"AOC Costières de Nîmes vin rosé Rives & Terrasses - BIB 3L","p":9.99,"u":"3,33 €/L","img":"https://fd5-photos.leclercdrive.fr/image.ashx?id=2684832&use=l&cat=p&typeid=i","cat":289560},{"id":86743,"n":"IGP Côtes de Gascogne blanc  Vieux Carion - 12% vol 75 cl","p":2.79,"u":"3,72 €/L","img":"https://fd5-photos.leclercdrive.fr/image.ashx?id=2624007&use=l&cat=p&typeid=i","cat":289557},{"id":86744,"n":"Mouchoirs blancs 3 plis Caresse Boîte mouchoirs papier parf x80","p":1.65,"u":"0,02 €/P","img":"https://fd5-photos.leclercdrive.fr/image.ashx?id=2837247&use=l&cat=p&typeid=i","cat":284638},{"id":86747,"n":"Sacs de congélation Elembal Curseur moyen - x15","p":1.99,"u":"0,13 €/P","img":"https://fd5-photos.leclercdrive.fr/image.ashx?id=2511120&use=l&cat=p&typeid=i","cat":334134},{"id":86748,"n":"Adoucissant Hyperdou Lingettes Rêve de fraîcheur - x20","p":1.71,"u":"0,09 €/P","img":"https://fd5-photos.leclercdrive.fr/image.ashx?id=2489203&use=l&cat=p&typeid=i","cat":325302},{"id":86749,"n":"Rasoir Siliss 5 lames","p":5.99,"u":"3,00 €/P","img":"https://fd5-photos.leclercdrive.fr/image.ashx?id=2699732&use=l&cat=p&typeid=i","cat":325352},{"id":86757,"n":"Tranches d'emmental Bio Village Bio - 200g - 31% MG","p":3.19,"u":"15,95 €/KG","img":"https://fd5-photos.leclercdrive.fr/image.ashx?id=2641413&use=l&cat=p&typeid=i","cat":314028},{"id":86779,"n":"Colin d'Alaska Pêche Océan Beurre citron - MSC - 400g","p":3.39,"u":"8,48 €/KG","img":"https://fd5-photos.leclercdrive.fr/image.ashx?id=2930126&use=l&cat=p&typeid=i","cat":319786},{"id":86784,"n":"Frites au four Pom'Lisse Pom'Steak - 600g","p":1.46,"u":"2,43 €/KG","img":"https://fd5-photos.leclercdrive.fr/image.ashx?id=2770687&use=l&cat=p&typeid=i","cat":319791},{"id":86788,"n":"Tartinable thon Fromage frais MSC Ronde des mers - 140g","p":1.99,"u":"14,21 €/KG","img":"https://fd5-photos.leclercdrive.fr/image.ashx?id=2823084&use=l&cat=p&typeid=i","cat":285191},{"id":86834,"n":"Crème Solaire Spray Nivea Sun FPS 30 Protect&Bronze - 200ml","p":10.23,"u":"51,15 €/L","img":"https://fd5-photos.leclercdrive.fr/image.ashx?id=2986792&use=l&cat=p&typeid=i","cat":325355},{"id":86835,"n":"Crème Solaire Spray Nivea Sun FPS 50 Protect&Bronze - 200ml","p":11.45,"u":"57,25 €/L","img":"https://fd5-photos.leclercdrive.fr/image.ashx?id=2951986&use=l&cat=p&typeid=i","cat":325355},{"id":86884,"n":"Amande en poudre Vahiné 200g","p":3.87,"u":"19,35 €/KG","img":"https://fd5-photos.leclercdrive.fr/image.ashx?id=2559850&use=l&cat=p&typeid=i","cat":284504},{"id":86885,"n":"Pralin Vahiné 200g","p":3.63,"u":"18,15 €/KG","img":"https://fd5-photos.leclercdrive.fr/image.ashx?id=2524320&use=l&cat=p&typeid=i","cat":284504},{"id":86905,"n":"Bière blonde 1664 5,5° - 12x33cl canettes","p":10.32,"u":"2,61 €/L","img":"https://fd5-photos.leclercdrive.fr/image.ashx?id=2246617&use=l&cat=p&typeid=i","cat":334853},{"id":86909,"n":"Lait en poudre Modilac Doucéa Bébé 0-6mois - 820g","p":18.53,"u":"22,60 €/KG","img":"https://fd5-photos.leclercdrive.fr/image.ashx?id=2997031&use=l&cat=p&typeid=i","cat":284726},{"id":86911,"n":"Muesli bio Happy Bio  Fruits rouges et chia - 375g","p":3.45,"u":"9,20 €/KG","img":"https://fd5-photos.leclercdrive.fr/image.ashx?id=2970984&use=l&cat=p&typeid=i","cat":309512},{"id":86914,"n":"Fromage Camembert Isigny NRT 250g","p":2.81,"u":"11,24 €/KG","img":"https://fd5-photos.leclercdrive.fr/image.ashx?id=1961500&use=l&cat=p&typeid=i","cat":314033},{"id":86916,"n":"Lames de rasoir Carré Homme 2 lames - x10","p":1.29,"u":"0,13 €/P","img":"https://fd5-photos.leclercdrive.fr/image.ashx?id=2591721&use=l&cat=p&typeid=i","cat":284616},{"id":86917,"n":"Lames de rasoir Siliss 5 lames - x3","p":6.49,"u":"2,16 €/P","img":"https://fd5-photos.leclercdrive.fr/image.ashx?id=2699735&use=l&cat=p&typeid=i","cat":325352},{"id":86940,"n":"Emmental fromage râpé bio Bio village - 400g","p":4.45,"u":"11,13 €/KG","img":"https://fd5-photos.leclercdrive.fr/image.ashx?id=2501688&use=l&cat=p&typeid=i","cat":314035},{"id":86947,"n":"Parmesan rapé AOP 30% MG Bio Bio village - 50g","p":1.66,"u":"33,20 €/KG","img":"https://fd5-photos.leclercdrive.fr/image.ashx?id=2887422&use=l&cat=p&typeid=i","cat":314035},{"id":86957,"n":"Lentilles blondes Notre Jardin 500g","p":2.64,"u":"5,28 €/KG","img":"https://fd5-photos.leclercdrive.fr/image.ashx?id=2096455&use=l&cat=p&typeid=i","cat":284430},{"id":86967,"n":"Pois Cassés Notre Jardin 500g","p":2.15,"u":"4,30 €/KG","img":"https://fd5-photos.leclercdrive.fr/image.ashx?id=2096452&use=l&cat=p&typeid=i","cat":284430},{"id":86969,"n":"Haricots blancs Notre Jardin 500g","p":2.09,"u":"4,18 €/KG","img":"https://fd5-photos.leclercdrive.fr/image.ashx?id=2096449&use=l&cat=p&typeid=i","cat":284430},{"id":86971,"n":"Flageolets Notre Jardin 500g","p":2.69,"u":"5,38 €/KG","img":"https://fd5-photos.leclercdrive.fr/image.ashx?id=2096446&use=l&cat=p&typeid=i","cat":284430},{"id":86986,"n":"Sachet fraicheur chat Sheba Thon saumon en gelée - 6x50g","p":2.56,"u":"8,53 €/KG","img":"https://fd5-photos.leclercdrive.fr/image.ashx?id=2850162&use=l&cat=p&typeid=i","cat":285286},{"id":86996,"n":"Muesli Chaque jour sans Gluten  Croustillant fruit sec bio-375g","p":3.49,"u":"9,31 €/KG","img":"https://fd5-photos.leclercdrive.fr/image.ashx?id=2554520&use=l&cat=p&typeid=i","cat":318654},{"id":87001,"n":"Petits Pois Notre Jardin 600g","p":1.69,"u":"2,82 €/KG","img":"https://fd5-photos.leclercdrive.fr/image.ashx?id=2873159&use=l&cat=p&typeid=i","cat":319805},{"id":87007,"n":"Bâtonnets à mâcher Dentalife Extra mini x23 - 207g","p":4.02,"u":"19,42 €/KG","img":"https://fd5-photos.leclercdrive.fr/image.ashx?id=2963970&use=l&cat=p&typeid=i","cat":294527},{"id":87011,"n":"Sachet repas chat Gourmet Perle Régal de sauces - 12x85g","p":5.15,"u":"5,05 €/KG","img":"https://fd5-photos.leclercdrive.fr/image.ashx?id=2902361&use=l&cat=p&typeid=i","cat":285286},{"id":87024,"n":"Smoothie innocent énergie boogie ruby 750ml","p":3.54,"u":"4,72 €/L","img":"https://fd5-photos.leclercdrive.fr/image.ashx?id=2187631&use=l&cat=p&typeid=i","cat":285435},{"id":87025,"n":"yaourt aux fruits bifidus activia - 8x125g","p":3.8,"u":"3,80 €/KG","img":"https://fd5-photos.leclercdrive.fr/image.ashx?id=2741751&use=l&cat=p&typeid=i","cat":315000},{"id":87026,"n":"Smoothie innocent antioxydant green 750ml","p":3.54,"u":"4,72 €/L","img":"https://fd5-photos.leclercdrive.fr/image.ashx?id=2860049&use=l&cat=p&typeid=i","cat":285435},{"id":87028,"n":"Vin Rouge Coteaux Varois Château de l'Escarelle - 75cl","p":7.57,"u":"10,09 €/L","img":"https://fd5-photos.leclercdrive.fr/image.ashx?id=2439467&use=l&cat=p&typeid=i","cat":289556},{"id":87038,"n":"Yaourt nature Danone 8x125g","p":1.76,"u":"1,76 €/KG","img":"https://fd5-photos.leclercdrive.fr/image.ashx?id=3001985&use=l&cat=p&typeid=i","cat":284409},{"id":87061,"n":"Boisson gourmande PAGO ACE Orange carotte citron - 75cl","p":1.53,"u":"2,04 €/L","img":"https://fd5-photos.leclercdrive.fr/image.ashx?id=2861237&use=l&cat=p&typeid=i","cat":284916},{"id":87067,"n":"Yaourt à boire P'tit max  Délisse Fraise - 6x180g","p":2.03,"u":"1,88 €/KG","img":"https://fd5-photos.leclercdrive.fr/image.ashx?id=2762510&use=l&cat=p&typeid=i","cat":284415},{"id":87074,"n":"Nappe Damassée Homeside Grise - 7m","p":2.96,"img":"https://fd5-photos.leclercdrive.fr/image.ashx?id=1659750&use=l&cat=p&typeid=i","cat":334134},{"id":87078,"n":"Serviettes en papier Homeside Aqua - 33x33cm - 3 plis","p":1.99,"img":"https://fd5-photos.leclercdrive.fr/image.ashx?id=1659729&use=l&cat=p&typeid=i","cat":334134},{"id":87081,"n":"Serviettes en papier Homeside Rouge - 33x33cm - x50","p":1.99,"img":"https://fd5-photos.leclercdrive.fr/image.ashx?id=1659723&use=l&cat=p&typeid=i","cat":334134},{"id":87082,"n":"Serviettes en papier Homeside x30 - 38x38cm - point à point","p":1.7,"img":"https://fd5-photos.leclercdrive.fr/image.ashx?id=1659696&use=l&cat=p&typeid=i","cat":334134},{"id":87083,"n":"Rhum premium Bacardi Reserva  Ocho 8 ans d'âge 40° - 70cl","p":29.4,"u":"42,00 €/L","img":"https://fd5-photos.leclercdrive.fr/image.ashx?id=2848373&use=l&cat=p&typeid=i","cat":284550},{"id":87084,"n":"Rhum ambré Bacardi Carta Oro 37,5° - 70cl","p":15.29,"u":"21,84 €/L","img":"https://fd5-photos.leclercdrive.fr/image.ashx?id=2858171&use=l&cat=p&typeid=i","cat":284550},{"id":87089,"n":"Pavé Gourmand Garden Gourmet Epinards et Fromage 180g","p":2.1,"u":"11,67 €/KG","img":"https://fd5-photos.leclercdrive.fr/image.ashx?id=2971389&use=l&cat=p&typeid=i","cat":316036},{"id":87090,"n":"Burrata di Bufala Casa Azzurra 200g","p":5.17,"u":"25,85 €/KG","img":"https://fd5-photos.leclercdrive.fr/image.ashx?id=1950711&use=l&cat=p&typeid=i","cat":314026},{"id":87091,"n":"St Jacques Marie Fondue de poireaux riz - 280g","p":3.63,"u":"12,96 €/KG","img":"https://fd5-photos.leclercdrive.fr/image.ashx?id=2317531&use=l&cat=p&typeid=i","cat":333665},{"id":87093,"n":"Eau coiffante Vitanove 150ml","p":1.99,"u":"13,27 €/L","img":"https://fd5-photos.leclercdrive.fr/image.ashx?id=2496419&use=l&cat=p&typeid=i","cat":284609},{"id":87100,"n":"Gel lavant Manava Purifiant mandarine - 300ml","p":1.25,"u":"4,17 €/L","img":"https://fd5-photos.leclercdrive.fr/image.ashx?id=2935519&use=l&cat=p&typeid=i","cat":284597},{"id":87101,"n":"Spray nettoyant Vitroclen  Induction - 250ml","p":3.09,"u":"12,36 €/L","img":"https://fd5-photos.leclercdrive.fr/image.ashx?id=2294767&use=l&cat=p&typeid=i","cat":325363},{"id":87133,"n":"Thé vert Bio Ethiquable  Menthe x20 - 36g","p":1.96,"u":"54,44 €/KG","img":"https://fd5-photos.leclercdrive.fr/image.ashx?id=2870875&use=l&cat=p&typeid=i","cat":293233},{"id":87348,"n":"IGP Pays d'Oc rosé Merlot Grand Sud 12.5% vol - 5L","p":20.13,"u":"4,03 €/L","img":"https://fd5-photos.leclercdrive.fr/image.ashx?id=2837454&use=l&cat=p&typeid=i","cat":289558},{"id":87375,"n":"Serviettes Doulys Ultra mince Nuit + large - x9","p":2.2,"u":"0,24 €/P","img":"https://fd5-photos.leclercdrive.fr/image.ashx?id=2839927&use=l&cat=p&typeid=i","cat":284624},{"id":87377,"n":"Shampooing douceur L'Arbre Vert 250ml","p":2.02,"u":"8,08 €/L","img":"https://fd5-photos.leclercdrive.fr/image.ashx?id=2886118&use=l&cat=p&typeid=i","cat":284606},{"id":87378,"n":"Shampooing detox L'Arbre Vert Cheveux gras - 250ml","p":2.06,"u":"8,24 €/L","img":"https://fd5-photos.leclercdrive.fr/image.ashx?id=2175906&use=l&cat=p&typeid=i","cat":284606},{"id":87379,"n":"Shampooing L'Arbre Vert Nutrition cheveux secs - 250ml","p":2.01,"u":"8,04 €/L","img":"https://fd5-photos.leclercdrive.fr/image.ashx?id=2885390&use=l&cat=p&typeid=i","cat":284606},{"id":87701,"n":"Carrés feuilletés Croustipate x4 - 240g","p":1.43,"u":"5,96 €/KG","img":"https://fd5-photos.leclercdrive.fr/image.ashx?id=2875069&use=l&cat=p&typeid=i","cat":333681},{"id":87725,"n":"Filet de  truite 300g","p":5.45,"u":"18,17 €/KG","img":"https://fd5-photos.leclercdrive.fr/image.ashx?id=1444751&use=l&cat=p&typeid=i","cat":284342},{"id":87770,"n":"Bananes Frecinette Barquette - 250g","p":4.95,"u":"19,80 €/KG","img":"https://fd5-photos.leclercdrive.fr/image.ashx?id=1628518&use=l&cat=p&typeid=i","cat":284356},{"id":87849,"n":"Boisson végétale Alpro lait de coco riz - 1l","p":1.88,"u":"1,88 €/L","img":"https://fd5-photos.leclercdrive.fr/image.ashx?id=2790243&use=l&cat=p&typeid=i","cat":316067},{"id":87869,"n":"Moule à tarte Homeside 27cm","p":6.73,"img":"https://fd5-photos.leclercdrive.fr/image.ashx?id=2856639&use=l&cat=p&typeid=i","cat":298490},{"id":87891,"n":"Set de table New York Noir - x1","p":1.72,"img":"https://fd5-photos.leclercdrive.fr/image.ashx?id=1468630&use=l&cat=p&typeid=i","cat":334134},{"id":87894,"n":"Boisson énergisante Crazy Tiger Bouteille - 1L","p":1.99,"u":"1,99 €/L","img":"https://fd5-photos.leclercdrive.fr/image.ashx?id=2927555&use=l&cat=p&typeid=i","cat":284533},{"id":87923,"n":"Compotes  gourdes Pom'Potes Multivariétés - 12x90g","p":4.64,"u":"4,30 €/KG","img":"https://fd5-photos.leclercdrive.fr/image.ashx?id=3010942&use=l&cat=p&typeid=i","cat":284508},{"id":87924,"n":"Dosettes café Senseo Classique x40","p":6.0,"u":"21,66 €/KG","img":"https://fd5-photos.leclercdrive.fr/image.ashx?id=2876326&use=l&cat=p&typeid=i","cat":293238},{"id":87925,"n":"Dosettes café Senseo Corsé x40","p":6.08,"u":"21,95 €/KG","img":"https://fd5-photos.leclercdrive.fr/image.ashx?id=2393581&use=l&cat=p&typeid=i","cat":293238},{"id":87926,"n":"Dosettes café Senseo Doux x40","p":6.08,"u":"21,95 €/KG","img":"https://fd5-photos.leclercdrive.fr/image.ashx?id=2337567&use=l&cat=p&typeid=i","cat":293238},{"id":87927,"n":"Dosettes café Senseo Décaféiné x40","p":6.06,"u":"21,88 €/KG","img":"https://fd5-photos.leclercdrive.fr/image.ashx?id=2324921&use=l&cat=p&typeid=i","cat":293238},{"id":87929,"n":"Dosettes café Senseo Classique x54","p":8.24,"u":"21,97 €/KG","img":"https://fd5-photos.leclercdrive.fr/image.ashx?id=2391798&use=l&cat=p&typeid=i","cat":293238},{"id":87931,"n":"Dosettes café Senseo Doux x54","p":7.81,"u":"20,83 €/KG","img":"https://fd5-photos.leclercdrive.fr/image.ashx?id=2289951&use=l&cat=p&typeid=i","cat":293238},{"id":87949,"n":"Sirop La Maison Guiot Menthe glaciale - 70cl","p":3.37,"u":"4,81 €/L","img":"https://fd5-photos.leclercdrive.fr/image.ashx?id=2138473&use=l&cat=p&typeid=i","cat":295020},{"id":87950,"n":"Snacks chats Tous mes amis Liquide - 90g","p":1.45,"u":"16,11 €/KG","img":"https://fd5-photos.leclercdrive.fr/image.ashx?id=2520041&use=l&cat=p&typeid=i","cat":285285},{"id":87977,"n":"Fromage a raclette Richesmonts Tranché nature pour burger 140g","p":2.53,"u":"18,07 €/KG","img":"https://fd5-photos.leclercdrive.fr/image.ashx?id=2247931&use=l&cat=p&typeid=i","cat":314028},{"id":88031,"n":"Tomate cerise allongée Barquette 400g","p":1.95,"u":"4,88 €/KG","img":"https://fd5-photos.leclercdrive.fr/image.ashx?id=1700878&use=l&cat=p&typeid=i","cat":284352},{"id":88046,"n":"Compote Charles & Alice Pommes - 16x100g","p":4.44,"u":"2,78 €/KG","img":"https://fd5-photos.leclercdrive.fr/image.ashx?id=2807009&use=l&cat=p&typeid=i","cat":284416},{"id":88048,"n":"Compote Charles & Alice Pommes Bananes Vanille -4x100g","p":1.66,"u":"4,28 €/KG","img":"https://fd5-photos.leclercdrive.fr/image.ashx?id=2757698&use=l&cat=p&typeid=i","cat":284416},{"id":88053,"n":"Lasagne à la bolognaise Marie - 1 kg","p":4.28,"u":"4,28 €/KG","img":"https://fd5-photos.leclercdrive.fr/image.ashx?id=2993394&use=l&cat=p&typeid=i","cat":284254},{"id":88054,"n":"Fromage à tartiner Madame Loïk Fouetté Nat. Sel réduit - 150g","p":1.56,"u":"10,40 €/KG","img":"https://fd5-photos.leclercdrive.fr/image.ashx?id=2948018&use=l&cat=p&typeid=i","cat":314029},{"id":88062,"n":"Matière grasse Primevere Oméga 3 - 55% - 250g","p":1.51,"u":"6,04 €/KG","img":"https://fd5-photos.leclercdrive.fr/image.ashx?id=2928468&use=l&cat=p&typeid=i","cat":315229},{"id":88111,"n":"yaourt aux fruits bifidus activia - 8x125g","p":3.6,"u":"3,60 €/KG","img":"https://fd5-photos.leclercdrive.fr/image.ashx?id=2741745&use=l&cat=p&typeid=i","cat":315000},{"id":88115,"n":"yaourt à boire danonino fraise banane abricot - 6x100g","p":2.7,"u":"4,50 €/KG","img":"https://fd5-photos.leclercdrive.fr/image.ashx?id=3003143&use=l&cat=p&typeid=i","cat":284415},{"id":88162,"n":"oeufs plein air Matines x20","p":5.89,"u":"0,29 €/P","img":"https://fd5-photos.leclercdrive.fr/image.ashx?id=2795740&use=l&cat=p&typeid=i","cat":284378},{"id":88185,"n":"Gel d'aloé vera bio Puraloe À boire - 1L","p":13.59,"u":"13,59 €/L","img":"https://fd5-photos.leclercdrive.fr/image.ashx?id=2086120&use=l&cat=p&typeid=i","cat":301264},{"id":88205,"n":"Fluide démaquillant 3en1 Avène visage/yeux peau sensible 200ml","p":11.8,"u":"59,00 €/L","img":"https://fd5-photos.leclercdrive.fr/image.ashx?id=2373423&use=l&cat=p&typeid=i","cat":301587},{"id":88206,"n":"Céréales bébé Blédine 12 mois  Vanille - 400g","p":2.24,"u":"5,60 €/KG","img":"https://fd5-photos.leclercdrive.fr/image.ashx?id=2763124&use=l&cat=p&typeid=i","cat":312225},{"id":88218,"n":"Céréales bébé Blédine 15 mois  Briochée pépite - 400g","p":2.52,"u":"6,30 €/KG","img":"https://fd5-photos.leclercdrive.fr/image.ashx?id=2763127&use=l&cat=p&typeid=i","cat":312225},{"id":88228,"n":"Crème Vichy Liftactiv Nuit - 50ml","p":28.99,"u":"579,80 €/L","img":"https://fd5-photos.leclercdrive.fr/image.ashx?id=2054118&use=l&cat=p&typeid=i","cat":291168},{"id":88235,"n":"Crème La Roche-Posay Effaclar mat - 40ml","p":11.5,"u":"287,50 €/L","img":"https://fd5-photos.leclercdrive.fr/image.ashx?id=2842708&use=l&cat=p&typeid=i","cat":291166},{"id":88339,"n":"Purée de sésame Jardin Bio Tahini bio - 350g","p":7.0,"u":"20,00 €/KG","img":"https://fd5-photos.leclercdrive.fr/image.ashx?id=3000183&use=l&cat=p&typeid=i","cat":284481},{"id":88340,"n":"Berries Haribo Sachet bonbons - 200g","p":1.73,"u":"8,65 €/KG","img":"https://fd5-photos.leclercdrive.fr/image.ashx?id=2982411&use=l&cat=p&typeid=i","cat":304250},{"id":88342,"n":"Fécule et farine Tipiak Sans gluten - 500g","p":3.09,"u":"6,18 €/KG","img":"https://fd5-photos.leclercdrive.fr/image.ashx?id=2649217&use=l&cat=p&typeid=i","cat":318654},{"id":88359,"n":"Bougies et chiffres Vahiné Plastique","p":3.4,"img":"https://fd5-photos.leclercdrive.fr/image.ashx?id=2402702&use=l&cat=p&typeid=i","cat":335913},{"id":88413,"n":"Beurre Allégé Elle&Vire Doux - 41% MG - 250g","p":1.97,"u":"7,88 €/KG","img":"https://fd5-photos.leclercdrive.fr/image.ashx?id=2969169&use=l&cat=p&typeid=i","cat":284379},{"id":88414,"n":"Boisson a base de thé Fresh Tea Thé vert saveur menthe 1L","p":0.96,"u":"0,96 €/L","img":"https://fd5-photos.leclercdrive.fr/image.ashx?id=2622272&use=l&cat=p&typeid=i","cat":295019},{"id":88417,"n":"Matière grasse St Hubert 51%MG-Sans huile de palme -500g","p":4.84,"u":"9,68 €/KG","img":"https://fd5-photos.leclercdrive.fr/image.ashx?id=2734117&use=l&cat=p&typeid=i","cat":315229},{"id":88418,"n":"Boisson a base de thé Fresh Tea Pêche - 1L","p":0.89,"u":"0,89 €/L","img":"https://fd5-photos.leclercdrive.fr/image.ashx?id=2622275&use=l&cat=p&typeid=i","cat":295019},{"id":88429,"n":"Eau gazeuse San Pellegrino Minérale naturelle - 6x33cl","p":3.23,"u":"1,63 €/L","img":"https://fd5-photos.leclercdrive.fr/image.ashx?id=2459090&use=l&cat=p&typeid=i","cat":284536},{"id":88438,"n":"Coulommiers Cœur de Lion  Extra-Crèmeux - 385g","p":3.06,"u":"7,95 €/KG","img":"https://fd5-photos.leclercdrive.fr/image.ashx?id=2999958&use=l&cat=p&typeid=i","cat":314033},{"id":88441,"n":"Fromage à tartiner St Môret Nature maxi format - 400g","p":4.3,"u":"10,75 €/KG","img":"https://fd5-photos.leclercdrive.fr/image.ashx?id=2755459&use=l&cat=p&typeid=i","cat":314029},{"id":88442,"n":"Arrangé Isautier Banane Flambée - 40%vol - 50cl","p":14.9,"u":"29,80 €/L","img":"https://fd5-photos.leclercdrive.fr/image.ashx?id=2686903&use=l&cat=p&typeid=i","cat":284551},{"id":88446,"n":"Fromage Le Rustique Tomme  Fruitée - 280g","p":3.61,"u":"12,89 €/KG","img":"https://fd5-photos.leclercdrive.fr/image.ashx?id=2921549&use=l&cat=p&typeid=i","cat":329184},{"id":88448,"n":"Fromage à Tartiner Carré Frais  Nature 0% - 8 Portions - 200g","p":2.08,"u":"10,40 €/KG","img":"https://fd5-photos.leclercdrive.fr/image.ashx?id=2868684&use=l&cat=p&typeid=i","cat":314029},{"id":88450,"n":"Escalope Cordon Bleu Père Dodu  Dinde x2 - 200g","p":2.53,"u":"12,65 €/KG","img":"https://fd5-photos.leclercdrive.fr/image.ashx?id=2957203&use=l&cat=p&typeid=i","cat":333683},{"id":88451,"n":"AOP Champagne Chanoine Frères Brut - 75cl","p":20.63,"u":"27,51 €/L","img":"https://fd5-photos.leclercdrive.fr/image.ashx?id=2673217&use=l&cat=p&typeid=i","cat":284542},{"id":88454,"n":"Saucisson Fuet Justin Bridou  170g","p":2.58,"u":"15,18 €/KG","img":"https://fd5-photos.leclercdrive.fr/image.ashx?id=2751165&use=l&cat=p&typeid=i","cat":316006},{"id":88460,"n":"Fromage de Chèvre Chavroux  9 Portions - 162g","p":2.62,"u":"16,17 €/KG","img":"https://fd5-photos.leclercdrive.fr/image.ashx?id=2936689&use=l&cat=p&typeid=i","cat":314031},{"id":88461,"n":"Salami Danois  Saint-Azay x16 - 160g","p":1.58,"u":"9,88 €/KG","img":"https://fd5-photos.leclercdrive.fr/image.ashx?id=2708354&use=l&cat=p&typeid=i","cat":316007},{"id":88470,"n":"Serviette Nana Maxi Normal - x18","p":1.99,"u":"0,11 €/P","img":"https://fd5-photos.leclercdrive.fr/image.ashx?id=3000842&use=l&cat=p&typeid=i","cat":284624},{"id":88471,"n":"Protège slip Tena Long - x20","p":2.21,"u":"0,11 €/P","img":"https://fd5-photos.leclercdrive.fr/image.ashx?id=2428588&use=l&cat=p&typeid=i","cat":284628},{"id":88509,"n":"Crevettes décortiquées ASC Ail et Persil Pescanova - 200g","p":5.39,"u":"26,95 €/KG","img":"https://fd5-photos.leclercdrive.fr/image.ashx?id=2335508&use=l&cat=p&typeid=i","cat":284343},{"id":88542,"n":"Tomato Ketchup Allégé Heinz 50% sucre/sel en moins - 435g","p":2.2,"u":"5,06 €/KG","img":"https://fd5-photos.leclercdrive.fr/image.ashx?id=2973357&use=l&cat=p&typeid=i","cat":284455},{"id":88548,"n":"Tartines campagne La Boulangère 450g","p":1.89,"u":"4,20 €/KG","img":"https://fd5-photos.leclercdrive.fr/image.ashx?id=2912395&use=l&cat=p&typeid=i","cat":284477},{"id":88557,"n":"Céréales bébé Blédine 6 mois  Vanille - 400g","p":2.02,"u":"5,05 €/KG","img":"https://fd5-photos.leclercdrive.fr/image.ashx?id=2773992&use=l&cat=p&typeid=i","cat":312225},{"id":88560,"n":"Céréales bébé Blédine 6 mois  Biscuit - 400g","p":2.0,"u":"5,00 €/KG","img":"https://fd5-photos.leclercdrive.fr/image.ashx?id=2773295&use=l&cat=p&typeid=i","cat":312225},{"id":88600,"n":"Yaourt de brebis Petit Basque Citron - 2x125g","p":1.7,"u":"6,80 €/KG","img":"https://fd5-photos.leclercdrive.fr/image.ashx?id=2848836&use=l&cat=p&typeid=i","cat":314998},{"id":88662,"n":"Yaourt bifidus Activia Vanille - 4x125g","p":1.54,"u":"3,08 €/KG","img":"https://fd5-photos.leclercdrive.fr/image.ashx?id=3006184&use=l&cat=p&typeid=i","cat":315000},{"id":88670,"n":"Fior Di Corsica Pâte Molle  Brebis - 250g","p":5.3,"u":"21,20 €/KG","img":"https://fd5-photos.leclercdrive.fr/image.ashx?id=1988706&use=l&cat=p&typeid=i","cat":314031},{"id":88673,"n":"Fleur du Maquis  220g","p":6.15,"u":"27,95 €/KG","img":"https://fd5-photos.leclercdrive.fr/image.ashx?id=1988703&use=l&cat=p&typeid=i","cat":314031},{"id":88707,"n":"Endive bio Bio Village Sachet 400g","p":3.99,"u":"9,98 €/KG","img":"https://fd5-photos.leclercdrive.fr/image.ashx?id=2655619&use=l&cat=p&typeid=i","cat":284352},{"id":88738,"n":"Yaourt bifidus Activia citron vanille coco - 12x125g","p":5.17,"u":"3,45 €/KG","img":"https://fd5-photos.leclercdrive.fr/image.ashx?id=3003149&use=l&cat=p&typeid=i","cat":315000},{"id":88740,"n":"Yaourt bifidus Activia citron - 4x125g","p":1.54,"u":"3,08 €/KG","img":"https://fd5-photos.leclercdrive.fr/image.ashx?id=3006181&use=l&cat=p&typeid=i","cat":315000},{"id":88742,"n":"Yaourt bifidus Activia coco - 4x125g","p":1.54,"u":"3,08 €/KG","img":"https://fd5-photos.leclercdrive.fr/image.ashx?id=2886651&use=l&cat=p&typeid=i","cat":315000},{"id":88865,"n":"Piment Antillais Barquette 100g","p":2.87,"u":"28,70 €/KG","img":"https://fd5-photos.leclercdrive.fr/image.ashx?id=2023583&use=l&cat=p&typeid=i","cat":284352},{"id":88981,"n":"Tablette chocolat au lait Milka Caramel - 3x100g","p":4.17,"u":"13,90 €/KG","img":"https://fd5-photos.leclercdrive.fr/image.ashx?id=2617078&use=l&cat=p&typeid=i","cat":284497},{"id":88986,"n":"Barre Chocolat au Lait KitKat x6 barres - 249g","p":3.05,"u":"12,25 €/KG","img":"https://fd5-photos.leclercdrive.fr/image.ashx?id=2989426&use=l&cat=p&typeid=i","cat":284498},{"id":88987,"n":"Smarties Tube Géant Bonbons Chocolat - 130g","p":1.8,"u":"13,85 €/KG","img":"https://fd5-photos.leclercdrive.fr/image.ashx?id=2625586&use=l&cat=p&typeid=i","cat":304238},{"id":89054,"n":"Bière blonde Kronenbourg 4,2° - 50cl canette","p":0.97,"u":"1,94 €/L","img":"https://fd5-photos.leclercdrive.fr/image.ashx?id=1586574&use=l&cat=p&typeid=i","cat":334853},{"id":89088,"n":"Boisson au Soja Alpro Goût vanille - 1L","p":2.11,"u":"2,11 €/L","img":"https://fd5-photos.leclercdrive.fr/image.ashx?id=2944383&use=l&cat=p&typeid=i","cat":316067},{"id":89089,"n":"Boisson végétale Alpro Soja sans sucres - 1L","p":1.69,"u":"1,69 €/L","img":"https://fd5-photos.leclercdrive.fr/image.ashx?id=2980082&use=l&cat=p&typeid=i","cat":316067},{"id":89090,"n":"Boisson végétale Alpro Soja - 1L","p":1.59,"u":"1,59 €/L","img":"https://fd5-photos.leclercdrive.fr/image.ashx?id=2977681&use=l&cat=p&typeid=i","cat":316067},{"id":89092,"n":"Boisson au soja Alpro Saveur chocolat - 1L","p":2.48,"u":"2,48 €/L","img":"https://fd5-photos.leclercdrive.fr/image.ashx?id=1889294&use=l&cat=p&typeid=i","cat":316067},{"id":89093,"n":"Boisson végétale Alpro avoine - 1l","p":1.9,"u":"1,90 €/L","img":"https://fd5-photos.leclercdrive.fr/image.ashx?id=2986852&use=l&cat=p&typeid=i","cat":316067},{"id":89094,"n":"Boisson végétale lait d'amande grillée sans sucre alpro - 1l","p":1.95,"u":"1,95 €/L","img":"https://fd5-photos.leclercdrive.fr/image.ashx?id=2985543&use=l&cat=p&typeid=i","cat":316067},{"id":89099,"n":"IGP Pays d'Oc rosé Bleu de Mer  75 cl","p":5.01,"u":"6,68 €/L","img":"https://fd5-photos.leclercdrive.fr/image.ashx?id=2677477&use=l&cat=p&typeid=i","cat":289558},{"id":89160,"n":"Recharge liquide nettoyant Swiffer WetJet - 1.25L","p":4.69,"pp":2.81,"u":"2,25 €/L","img":"https://fd5-photos.leclercdrive.fr/image.ashx?id=2867800&use=l&cat=p&typeid=i","cat":325364},{"id":89196,"n":"Eau gazeuse aromatisée Badoit Citron vert - 1L","p":1.49,"u":"1,49 €/L","img":"https://fd5-photos.leclercdrive.fr/image.ashx?id=2730658&use=l&cat=p&typeid=i","cat":284536},{"id":89197,"n":"Eau gazeuse aromatisée Badoit Pamplemousse citron - 1L","p":1.56,"u":"1,56 €/L","img":"https://fd5-photos.leclercdrive.fr/image.ashx?id=2730655&use=l&cat=p&typeid=i","cat":284536},{"id":89198,"n":"Eau gazeuse aromatisée Badoit Citron menthe - 1L","p":1.58,"u":"1,58 €/L","img":"https://fd5-photos.leclercdrive.fr/image.ashx?id=2730661&use=l&cat=p&typeid=i","cat":284536},{"id":89316,"n":"Fromage Carré de Normandie NRT 200g","p":2.11,"u":"10,55 €/KG","img":"https://fd5-photos.leclercdrive.fr/image.ashx?id=2488377&use=l&cat=p&typeid=i","cat":314033},{"id":89328,"n":"Nettoyant Pureté Active  Steradent Grand Fromat x128","p":5.76,"u":"0,05 €/P","img":"https://fd5-photos.leclercdrive.fr/image.ashx?id=2313789&use=l&cat=p&typeid=i","cat":285158},{"id":89329,"n":"Dentifrice Aquafresh Triple protection menthe - 75ml","p":1.37,"u":"18,27 €/L","img":"https://fd5-photos.leclercdrive.fr/image.ashx?id=2487614&use=l&cat=p&typeid=i","cat":284612},{"id":89336,"n":"Cire coiffante Vitanove Effet mat - 75ml","p":2.27,"u":"30,27 €/L","img":"https://fd5-photos.leclercdrive.fr/image.ashx?id=2791314&use=l&cat=p&typeid=i","cat":284609},{"id":89337,"n":"Cire coiffante Vitanove Brillance - 75ml","p":2.27,"u":"30,27 €/L","img":"https://fd5-photos.leclercdrive.fr/image.ashx?id=2780683&use=l&cat=p&typeid=i","cat":284609},{"id":89338,"n":"Soin anti-rides Inell Q10 Jour - 50ml","p":2.49,"u":"49,80 €/L","img":"https://fd5-photos.leclercdrive.fr/image.ashx?id=2822132&use=l&cat=p&typeid=i","cat":325345},{"id":89341,"n":"Gel lavant recharge Manava Antibactérien Mandarine - 250ml","p":0.54,"u":"2,16 €/L","img":"https://fd5-photos.leclercdrive.fr/image.ashx?id=2935522&use=l&cat=p&typeid=i","cat":284597},{"id":89344,"n":"Serviettes Normal Doulys Ultra mince - x28","p":2.42,"u":"0,09 €/P","img":"https://fd5-photos.leclercdrive.fr/image.ashx?id=2789143&use=l&cat=p&typeid=i","cat":284624},{"id":89345,"n":"Serviettes Super Doulys Ultra mince - x24","p":1.8,"u":"0,08 €/P","img":"https://fd5-photos.leclercdrive.fr/image.ashx?id=2839931&use=l&cat=p&typeid=i","cat":284624},{"id":89346,"n":"Serviettes Nuit Doulys Ultra mince - x20","p":2.55,"u":"0,13 €/P","img":"https://fd5-photos.leclercdrive.fr/image.ashx?id=2839935&use=l&cat=p&typeid=i","cat":284624},{"id":89348,"n":"Vin blanc Domaine Casabianca Corse - 75cl","p":5.99,"u":"7,99 €/L","img":"https://fd5-photos.leclercdrive.fr/image.ashx?id=2846424&use=l&cat=p&typeid=i","cat":289557},{"id":89392,"n":"Boxers coton stretch Dim Noir - Taille 5 - x3","p":24.95,"u":"8,32 €/P","img":"https://fd5-photos.leclercdrive.fr/image.ashx?id=2560684&use=l&cat=p&typeid=i","cat":291524},{"id":89410,"n":"Noix de pécan Daco Bello 125g","p":4.28,"u":"34,24 €/KG","img":"https://fd5-photos.leclercdrive.fr/image.ashx?id=2344735&use=l&cat=p&typeid=i","cat":284357},{"id":89415,"n":"Mélange salade futée Daco Bello 125g","p":2.32,"u":"18,56 €/KG","img":"https://fd5-photos.leclercdrive.fr/image.ashx?id=2298034&use=l&cat=p&typeid=i","cat":284357},{"id":89424,"n":"Pesto vert Bio Village Bio - 185g","p":1.8,"u":"9,73 €/KG","img":"https://fd5-photos.leclercdrive.fr/image.ashx?id=1466304&use=l&cat=p&typeid=i","cat":287599},{"id":89503,"n":"Mélange de fruits secs  Seeberger - 150g","p":3.44,"u":"22,93 €/KG","img":"https://fd5-photos.leclercdrive.fr/image.ashx?id=2950636&use=l&cat=p&typeid=i","cat":316002},{"id":89506,"n":"Oeufs Plein air  Eco + x12","p":2.59,"u":"0,22 €/P","img":"https://fd5-photos.leclercdrive.fr/image.ashx?id=2724544&use=l&cat=p&typeid=i","cat":284378},{"id":89507,"n":"Xtrem Box Sodebo Radiatori à la Carbonara 400g","p":2.85,"u":"7,13 €/KG","img":"https://fd5-photos.leclercdrive.fr/image.ashx?id=2631588&use=l&cat=p&typeid=i","cat":334983},{"id":89515,"n":"Velouté de légumes Régal Soupe Instantané - 64g","p":1.35,"u":"21,09 €/KG","img":"https://fd5-photos.leclercdrive.fr/image.ashx?id=2865083&use=l&cat=p&typeid=i","cat":293527},{"id":89519,"n":"Bouillon chinois Régal Soupe Instantané - 48g","p":1.34,"u":"27,92 €/KG","img":"https://fd5-photos.leclercdrive.fr/image.ashx?id=2071345&use=l&cat=p&typeid=i","cat":288992},{"id":89520,"n":"Mouliné 10 légumes Régal Soupe Instantané - 80g","p":1.39,"u":"17,38 €/KG","img":"https://fd5-photos.leclercdrive.fr/image.ashx?id=1886623&use=l&cat=p&typeid=i","cat":293527},{"id":89521,"n":"Crème de champignon Régal Soupe Instantané - 80g","p":1.19,"u":"14,88 €/KG","img":"https://fd5-photos.leclercdrive.fr/image.ashx?id=2071348&use=l&cat=p&typeid=i","cat":293527},{"id":89523,"n":"Madeleines coquilles Eco+ Aux oeufs - 500g","p":1.56,"u":"3,12 €/KG","img":"https://fd5-photos.leclercdrive.fr/image.ashx?id=2780671&use=l&cat=p&typeid=i","cat":284492},{"id":89613,"n":"Lot de 3 slips Dim Pockets Coton Stretch - Taille 44/46","p":13.15,"u":"6,58 €/P","img":"https://fd5-photos.leclercdrive.fr/image.ashx?id=2461542&use=l&cat=p&typeid=i","cat":291524},{"id":89617,"n":"Mi-chaussette coton Dim Anthracite/Noir - T35/38 - x2","p":7.95,"u":"3,98 €/P","img":"https://fd5-photos.leclercdrive.fr/image.ashx?id=2534965&use=l&cat=p&typeid=i","cat":334130},{"id":89660,"n":"Xtrem Box Sodebo Radiatori  4 Fromages - 400g","p":3.11,"u":"7,78 €/KG","img":"https://fd5-photos.leclercdrive.fr/image.ashx?id=2631591&use=l&cat=p&typeid=i","cat":334983},{"id":89686,"n":"Taboulé poulet rôti Bonduelle 500g","p":2.9,"u":"5,80 €/KG","img":"https://fd5-photos.leclercdrive.fr/image.ashx?id=2904694&use=l&cat=p&typeid=i","cat":333657},{"id":89695,"n":"Poulet Weight Watchers Curry-coco - 300g","p":3.25,"u":"10,83 €/KG","img":"https://fd5-photos.leclercdrive.fr/image.ashx?id=2827203&use=l&cat=p&typeid=i","cat":333665},{"id":89848,"n":"Boisson Végétale lait d'amande  bjorg cappuccino - bio - 1l","p":3.05,"u":"3,05 €/L","img":"https://fd5-photos.leclercdrive.fr/image.ashx?id=2962488&use=l&cat=p&typeid=i","cat":316067},{"id":89897,"n":"Boisson Végétale lait d'amande grillée bio - 1l","p":2.89,"u":"2,89 €/L","img":"https://fd5-photos.leclercdrive.fr/image.ashx?id=2912065&use=l&cat=p&typeid=i","cat":316067},{"id":89899,"n":"Crème Chantilly Isigny Vanille de Madagascar - 500g","p":5.35,"u":"10,70 €/KG","img":"https://fd5-photos.leclercdrive.fr/image.ashx?id=2913235&use=l&cat=p&typeid=i","cat":284382},{"id":89910,"n":"Maquereaux Saupiquet Au vin blanc - 235g","p":2.77,"u":"11,79 €/KG","img":"https://fd5-photos.leclercdrive.fr/image.ashx?id=2826966&use=l&cat=p&typeid=i","cat":303868},{"id":89912,"n":"Crème Fraîche Bio Isigny  Pot Plastique 35% - 20cl","p":2.09,"u":"10,45 €/L","img":"https://fd5-photos.leclercdrive.fr/image.ashx?id=2643527&use=l&cat=p&typeid=i","cat":284381},{"id":89914,"n":"Bouillon Cube Maggi Légumes x18 - 180g","p":1.41,"u":"7,83 €/KG","img":"https://fd5-photos.leclercdrive.fr/image.ashx?id=2737039&use=l&cat=p&typeid=i","cat":288379},{"id":89917,"n":"Beurre Bio Plaquette Isigny Doux - 82% MG - 200g","p":3.25,"u":"16,25 €/KG","img":"https://fd5-photos.leclercdrive.fr/image.ashx?id=2592522&use=l&cat=p&typeid=i","cat":284379},{"id":89953,"n":"Entonnoir Curver Rouge - Grand modèle","p":1.68,"img":"https://fd5-photos.leclercdrive.fr/image.ashx?id=1870276&use=l&cat=p&typeid=i","cat":334135},{"id":89959,"n":"Pelle et balayette","p":2.59,"img":"https://fd5-photos.leclercdrive.fr/image.ashx?id=1463745&use=l&cat=p&typeid=i","cat":284669},{"id":90021,"n":"Thon Le Mariné Petit Navire Emietté -Tomates séchées - 110g","p":2.21,"u":"20,09 €/KG","img":"https://fd5-photos.leclercdrive.fr/image.ashx?id=2682857&use=l&cat=p&typeid=i","cat":303867},{"id":90054,"n":"Confiture extra bio Jardin Bio 60% d'abricot - 320g","p":2.45,"u":"7,66 €/KG","img":"https://fd5-photos.leclercdrive.fr/image.ashx?id=2475750&use=l&cat=p&typeid=i","cat":284480},{"id":90055,"n":"Confiture extra bio Jardin Bio 60% de fraise - 320g","p":2.51,"u":"7,84 €/KG","img":"https://fd5-photos.leclercdrive.fr/image.ashx?id=2537493&use=l&cat=p&typeid=i","cat":284480},{"id":90056,"n":"Quinotto Jardin Bio Bio légumes parmesan - 220g","p":2.29,"u":"10,41 €/KG","img":"https://fd5-photos.leclercdrive.fr/image.ashx?id=2535421&use=l&cat=p&typeid=i","cat":287600},{"id":90060,"n":"Thé vert Bio Ethiquable  Vietnam x20 - 36g","p":1.96,"u":"2,72 €/KG","img":"https://fd5-photos.leclercdrive.fr/image.ashx?id=2870845&use=l&cat=p&typeid=i","cat":293233},{"id":90071,"n":"Champagne Ruinart Brut 75cl","p":58.97,"u":"78,63 €/L","img":"https://fd5-photos.leclercdrive.fr/image.ashx?id=1933785&use=l&cat=p&typeid=i","cat":284542},{"id":90073,"n":"Champagne Ruinart Brut Rosé - 75cl","p":89.0,"u":"118,67 €/L","img":"https://fd5-photos.leclercdrive.fr/image.ashx?id=1885239&use=l&cat=p&typeid=i","cat":284542},{"id":90078,"n":"Compotes Pom'Potes Gourdes BIO  Multivariétés - 12x90g","p":7.89,"u":"7,31 €/KG","img":"https://fd5-photos.leclercdrive.fr/image.ashx?id=2961861&use=l&cat=p&typeid=i","cat":284508},{"id":90082,"n":"Ciboulette Ducros 4g","p":1.34,"u":"335,00 €/KG","img":"https://fd5-photos.leclercdrive.fr/image.ashx?id=2559487&use=l&cat=p&typeid=i","cat":298297},{"id":90090,"n":"Gnocchi à poêler Lustucru Extra Fromage 500g","p":2.91,"u":"5,82 €/KG","img":"https://fd5-photos.leclercdrive.fr/image.ashx?id=2786171&use=l&cat=p&typeid=i","cat":333682},{"id":90113,"n":"Petits suisses aux fruits bio Les 2 vaches - 12x50g","p":3.7,"u":"6,17 €/KG","img":"https://fd5-photos.leclercdrive.fr/image.ashx?id=2774103&use=l&cat=p&typeid=i","cat":284414},{"id":90120,"n":"Crème Saint Agur  155g","p":2.54,"u":"16,39 €/KG","img":"https://fd5-photos.leclercdrive.fr/image.ashx?id=2760014&use=l&cat=p&typeid=i","cat":314029},{"id":90121,"n":"Fromage Caprice des Anges  Frais et Fondant - 200g","p":2.94,"u":"14,70 €/KG","img":"https://fd5-photos.leclercdrive.fr/image.ashx?id=2734837&use=l&cat=p&typeid=i","cat":314029},{"id":90122,"n":"Camembert Coeur de Lion 250g","p":1.9,"u":"7,60 €/KG","img":"https://fd5-photos.leclercdrive.fr/image.ashx?id=3008185&use=l&cat=p&typeid=i","cat":314033},{"id":90182,"n":"Savon Bionaïa Lait d'anesse - 100g","p":1.72,"u":"17,20 €/KG","img":"https://fd5-photos.leclercdrive.fr/image.ashx?id=2491047&use=l&cat=p&typeid=i","cat":284597},{"id":90188,"n":"Cremio Box Sodebo Poulet à l'Emmental - 280g","p":2.09,"u":"7,46 €/KG","img":"https://fd5-photos.leclercdrive.fr/image.ashx?id=2679068&use=l&cat=p&typeid=i","cat":334983},{"id":90213,"n":"Bière blonde Duvel  Tripel Hop 9.5%vol. - 33cl","p":1.97,"u":"5,97 €/L","img":"https://fd5-photos.leclercdrive.fr/image.ashx?id=2111133&use=l&cat=p&typeid=i","cat":334872},{"id":90218,"n":"Couteau d'office Ardence 1 pièce","p":5.9,"img":"https://fd5-photos.leclercdrive.fr/image.ashx?id=1474445&use=l&cat=p&typeid=i","cat":334135},{"id":90220,"n":"Couteau de cuisine Ardence 1 pièce","p":6.9,"img":"https://fd5-photos.leclercdrive.fr/image.ashx?id=1474538&use=l&cat=p&typeid=i","cat":334135},{"id":90224,"n":"Ménagère Troquet Lisa D'Alban 24 pièces - Noir","p":12.72,"u":"0,53 €/P","img":"https://fd5-photos.leclercdrive.fr/image.ashx?id=3000656&use=l&cat=p&typeid=i","cat":334134},{"id":90227,"n":"Couteau de Chef Ardence x1","p":11.9,"u":"0,50 €/P","img":"https://fd5-photos.leclercdrive.fr/image.ashx?id=1474460&use=l&cat=p&typeid=i","cat":334135},{"id":90228,"n":"Bière aromatisée Belzebuth Pink 2.8%vol. - 33cl","p":1.81,"u":"5,48 €/L","img":"https://fd5-photos.leclercdrive.fr/image.ashx?id=2906385&use=l&cat=p&typeid=i","cat":334878},{"id":90234,"n":"Terrine Familia Wiss Le Parfait Contenance de 350g - x6","p":14.66,"u":"2,44 €/P","img":"https://fd5-photos.leclercdrive.fr/image.ashx?id=2807480&use=l&cat=p&typeid=i","cat":284710},{"id":90236,"n":"Terrine Familia Wiss Le Parfait Contenance de 200g - x6","p":12.61,"u":"2,10 €/P","img":"https://fd5-photos.leclercdrive.fr/image.ashx?id=2807477&use=l&cat=p&typeid=i","cat":284710},{"id":90237,"n":"Bière blonde Delirium Red 8% vol. - 33cl","p":2.63,"u":"7,97 €/L","img":"https://fd5-photos.leclercdrive.fr/image.ashx?id=2381300&use=l&cat=p&typeid=i","cat":334872},{"id":90238,"n":"Capsule Familia Wiss Le Parfait Diamètre 110 mm - x12","p":11.05,"u":"0,92 €/P","img":"https://fd5-photos.leclercdrive.fr/image.ashx?id=2503713&use=l&cat=p&typeid=i","cat":284710},{"id":90240,"n":"Terrine Familia Wiss Le Parfait Contenance de 500g - x6","p":16.96,"u":"2,83 €/P","img":"https://fd5-photos.leclercdrive.fr/image.ashx?id=2503701&use=l&cat=p&typeid=i","cat":284710},{"id":90241,"n":"Terrine Super Le Parfait Contenance de 350g - x6","p":17.55,"u":"2,93 €/P","img":"https://fd5-photos.leclercdrive.fr/image.ashx?id=2807474&use=l&cat=p&typeid=i","cat":284710},{"id":90243,"n":"Terrine Super Le Parfait Contenance de 200g - x6","p":16.96,"u":"2,83 €/P","img":"https://fd5-photos.leclercdrive.fr/image.ashx?id=2807471&use=l&cat=p&typeid=i","cat":284710},{"id":90245,"n":"Rondelle Classic Hutchinson x10 - Diamètre : 85 mm","p":2.42,"u":"0,24 €/P","img":"https://fd5-photos.leclercdrive.fr/image.ashx?id=2485623&use=l&cat=p&typeid=i","cat":284710},{"id":90248,"n":"Boite fraîcheur Snips Rectangulaire - 0.5L - x3","p":3.45,"u":"1,15 €/P","img":"https://fd5-photos.leclercdrive.fr/image.ashx?id=1781996&use=l&cat=p&typeid=i","cat":284710},{"id":90250,"n":"Boite fraîcheur Snips Rectangulaire - 1L - x3","p":4.03,"u":"1,34 €/P","img":"https://fd5-photos.leclercdrive.fr/image.ashx?id=1781999&use=l&cat=p&typeid=i","cat":284710},{"id":90252,"n":"Rondelle Super Le Parfait  Diamètre de 100 mm - x10","p":3.07,"u":"0,31 €/P","img":"https://fd5-photos.leclercdrive.fr/image.ashx?id=2807495&use=l&cat=p&typeid=i","cat":284710},{"id":90253,"n":"Rondelle Classic Hutchinson Diamètre de 70mm - x10","p":2.22,"u":"0,22 €/P","img":"https://fd5-photos.leclercdrive.fr/image.ashx?id=2485620&use=l&cat=p&typeid=i","cat":284710},{"id":90258,"n":"Couteau à Steack Lot de 6","p":3.08,"u":"0,51 €/P","img":"https://fd5-photos.leclercdrive.fr/image.ashx?id=1552318&use=l&cat=p&typeid=i","cat":334134},{"id":90261,"n":"Protège Poelle Cuisy Lot de 2","p":2.05,"img":"https://fd5-photos.leclercdrive.fr/image.ashx?id=2735149&use=l&cat=p&typeid=i","cat":334135},{"id":90278,"n":"Set 3 casseroles Homeside 16-18-20cm +manche amovible","p":34.9,"pp":17.45,"img":"https://fd5-photos.leclercdrive.fr/image.ashx?id=1474505&use=l&cat=p&typeid=i","cat":298490},{"id":90279,"n":"Moule à tarte  Revêtement antiadhésif - 30cm","p":6.33,"img":"https://fd5-photos.leclercdrive.fr/image.ashx?id=2805996&use=l&cat=p&typeid=i","cat":298490},{"id":90280,"n":"Plaque à pâtisserie Homeside 38x28cm","p":7.9,"img":"https://fd5-photos.leclercdrive.fr/image.ashx?id=2833041&use=l&cat=p&typeid=i","cat":298490},{"id":90306,"n":"Moule à charlotte Aluminium revêtu - 18cm","p":5.5,"img":"https://fd5-photos.leclercdrive.fr/image.ashx?id=2833035&use=l&cat=p&typeid=i","cat":298490},{"id":90308,"n":"Moule à savarin Aluminium revêtu - 24cm","p":5.5,"img":"https://fd5-photos.leclercdrive.fr/image.ashx?id=2856727&use=l&cat=p&typeid=i","cat":298490},{"id":90481,"n":"Eau infusée Bio Volvic  Hibiscus litchti passion - 75cl","p":1.51,"u":"2,01 €/L","img":"https://fd5-photos.leclercdrive.fr/image.ashx?id=2500437&use=l&cat=p&typeid=i","cat":284537},{"id":90535,"n":"Crabe Nautilus 100% morceaux - 105g","p":5.45,"pp":3.6,"u":"34,29 €/KG","img":"https://fd5-photos.leclercdrive.fr/image.ashx?id=2647516&use=l&cat=p&typeid=i","cat":305147},{"id":90547,"n":"Croquettes chat Purina One Chat Stérilisé Truite/Blé-1.5kg","p":6.63,"u":"4,42 €/KG","img":"https://fd5-photos.leclercdrive.fr/image.ashx?id=2488064&use=l&cat=p&typeid=i","cat":284680},{"id":90553,"n":"Sauce Tables du Monde Tikka Massala - 350g","p":1.75,"u":"5,00 €/KG","img":"https://fd5-photos.leclercdrive.fr/image.ashx?id=2556523&use=l&cat=p&typeid=i","cat":288992},{"id":90562,"n":"Yaourt bifidus Activia saveur framboise - 4x125g","p":1.54,"u":"3,08 €/KG","img":"https://fd5-photos.leclercdrive.fr/image.ashx?id=2886654&use=l&cat=p&typeid=i","cat":315000},{"id":90580,"n":"Mélange 4 baies bio Ducros 25g","p":3.81,"u":"152,40 €/KG","img":"https://fd5-photos.leclercdrive.fr/image.ashx?id=2484104&use=l&cat=p&typeid=i","cat":284457},{"id":90581,"n":"Poivre noir bio Ducros Moulin - 30g","p":3.51,"u":"117,00 €/KG","img":"https://fd5-photos.leclercdrive.fr/image.ashx?id=2484107&use=l&cat=p&typeid=i","cat":284457},{"id":90627,"n":"Tofu Céréal Bio Bio Nature - 250g","p":2.36,"u":"9,44 €/KG","img":"https://fd5-photos.leclercdrive.fr/image.ashx?id=2890145&use=l&cat=p&typeid=i","cat":316036},{"id":90632,"n":"Mozzarella Bio Bio Village AOP Di Bufalla - 125g","p":2.67,"u":"21,36 €/KG","img":"https://fd5-photos.leclercdrive.fr/image.ashx?id=2726712&use=l&cat=p&typeid=i","cat":314026},{"id":90633,"n":"Ricotta Bio Village Bio - 250g","p":1.79,"u":"7,16 €/KG","img":"https://fd5-photos.leclercdrive.fr/image.ashx?id=2185800&use=l&cat=p&typeid=i","cat":314026},{"id":90643,"n":"Thé vert Bio Clipper Mangue - 20 sachets - 35g","p":2.72,"u":"77,71 €/KG","img":"https://fd5-photos.leclercdrive.fr/image.ashx?id=2916420&use=l&cat=p&typeid=i","cat":293233},{"id":90644,"n":"Thé vert Bio Clipper Framboise menthe - 35g","p":2.6,"u":"74,29 €/KG","img":"https://fd5-photos.leclercdrive.fr/image.ashx?id=2908303&use=l&cat=p&typeid=i","cat":293233},{"id":90662,"n":"Nuggets poulet Nature de France Bio - 200g","p":4.49,"u":"22,45 €/KG","img":"https://fd5-photos.leclercdrive.fr/image.ashx?id=2967818&use=l&cat=p&typeid=i","cat":333684},{"id":90667,"n":"Céréales Chocapic Nestlé Bio - 375g","p":3.63,"u":"9,68 €/KG","img":"https://fd5-photos.leclercdrive.fr/image.ashx?id=2997262&use=l&cat=p&typeid=i","cat":309513},{"id":90673,"n":"Pâte à tartiner Alter Eco Bio Sans huile de palme - 270g","p":3.86,"u":"14,30 €/KG","img":"https://fd5-photos.leclercdrive.fr/image.ashx?id=2264195&use=l&cat=p&typeid=i","cat":284481},{"id":90675,"n":"Crème dessert Mont Blanc Boîte Chocolat - 570g","p":2.14,"u":"3,75 €/KG","img":"https://fd5-photos.leclercdrive.fr/image.ashx?id=3011614&use=l&cat=p&typeid=i","cat":284506},{"id":90676,"n":"Crème dessert Mont Blanc Boîte Vanille - 570g","p":2.02,"u":"3,54 €/KG","img":"https://fd5-photos.leclercdrive.fr/image.ashx?id=3008830&use=l&cat=p&typeid=i","cat":284506},{"id":90682,"n":"Génoise P'tit Déli Fraise - 150g","p":1.41,"u":"9,40 €/KG","img":"https://fd5-photos.leclercdrive.fr/image.ashx?id=2482505&use=l&cat=p&typeid=i","cat":284489},{"id":90689,"n":"Lotus Biscoff Speculoos Biscuit Pocket 248g (16x2p)","p":2.34,"u":"9,44 €/KG","img":"https://fd5-photos.leclercdrive.fr/image.ashx?id=2694986&use=l&cat=p&typeid=i","cat":284487},{"id":90697,"n":"Boisson Coco Végé 1L Végé - 200g","p":1.75,"u":"1,75 €/L","img":"https://fd5-photos.leclercdrive.fr/image.ashx?id=2869516&use=l&cat=p&typeid=i","cat":316067},{"id":90725,"n":"Infusion bio Clipper Vanille et saveur fraise - 40g","p":2.62,"u":"65,50 €/KG","img":"https://fd5-photos.leclercdrive.fr/image.ashx?id=2906751&use=l&cat=p&typeid=i","cat":293234},{"id":90728,"n":"Effilés en sauce Purina One Saumon/carottes Junior - 4x85g","p":2.57,"u":"7,56 €/KG","img":"https://fd5-photos.leclercdrive.fr/image.ashx?id=1612554&use=l&cat=p&typeid=i","cat":285286},{"id":90736,"n":"Crème Mains Nutritive Mixa Huile d’abricot BIO - 100ml","p":3.73,"u":"37,30 €/L","img":"https://fd5-photos.leclercdrive.fr/image.ashx?id=2425838&use=l&cat=p&typeid=i","cat":325354},{"id":90750,"n":"Déodorant homme bille Sanex Men Natur Protect Respect - 50ml","p":2.78,"u":"55,60 €/L","img":"https://fd5-photos.leclercdrive.fr/image.ashx?id=2684644&use=l&cat=p&typeid=i","cat":284618},{"id":90763,"n":"Shampooing Nat&Nove Bio Tous types de cheveux - 250ml","p":5.63,"u":"22,52 €/L","img":"https://fd5-photos.leclercdrive.fr/image.ashx?id=2583150&use=l&cat=p&typeid=i","cat":284606},{"id":90777,"n":"Crème visage La Provençale Bio Jouvence Anti-Âge - 50ml","p":10.5,"u":"210,00 €/L","img":"https://fd5-photos.leclercdrive.fr/image.ashx?id=2950357&use=l&cat=p&typeid=i","cat":325345},{"id":90818,"n":"Soupe liquide douceur Knorr Légumes du soleil - 1L","p":2.94,"u":"2,94 €/L","img":"https://fd5-photos.leclercdrive.fr/image.ashx?id=2495427&use=l&cat=p&typeid=i","cat":284462},{"id":90820,"n":"Soupe liquide Knorr Potiron - 45cl","p":2.12,"u":"4,71 €/L","img":"https://fd5-photos.leclercdrive.fr/image.ashx?id=2338663&use=l&cat=p&typeid=i","cat":284462},{"id":90822,"n":"Soupe liquide Knorr Légumes du potager - 45cl","p":2.48,"u":"5,51 €/L","img":"https://fd5-photos.leclercdrive.fr/image.ashx?id=2324357&use=l&cat=p&typeid=i","cat":284462},{"id":90847,"n":"Dosettes café Senseo Grand Mère Corsé x54","p":5.64,"u":"15,84 €/KG","img":"https://fd5-photos.leclercdrive.fr/image.ashx?id=2745817&use=l&cat=p&typeid=i","cat":293238},{"id":90887,"n":"Whisky Japonais Akashi blend Sous étui - 40% vol. - 50cl","p":30.87,"u":"61,74 €/L","img":"https://fd5-photos.leclercdrive.fr/image.ashx?id=2860508&use=l&cat=p&typeid=i","cat":284547},{"id":90905,"n":"Emmental 32% MG Bio Bio village - 250g","p":2.99,"u":"11,96 €/KG","img":"https://fd5-photos.leclercdrive.fr/image.ashx?id=2425351&use=l&cat=p&typeid=i","cat":314034},{"id":90995,"n":"Soda Pepsi Cola Regular 1L","p":1.13,"u":"1,13 €/L","img":"https://fd5-photos.leclercdrive.fr/image.ashx?id=2692686&use=l&cat=p&typeid=i","cat":284530},{"id":91019,"n":"Pastis de Marseille Sigale 45%vol. - 50cl","p":9.89,"u":"19,78 €/L","img":"https://fd5-photos.leclercdrive.fr/image.ashx?id=2637820&use=l&cat=p&typeid=i","cat":284548},{"id":91020,"n":"Gin Brighton's London Dry 37,5%vol. - 70cl","p":9.96,"u":"14,23 €/L","img":"https://fd5-photos.leclercdrive.fr/image.ashx?id=2869838&use=l&cat=p&typeid=i","cat":284550},{"id":91022,"n":"Vodka Boriskov Pure grain 37.5%vol - 70cl","p":9.95,"u":"14,21 €/L","img":"https://fd5-photos.leclercdrive.fr/image.ashx?id=2805009&use=l&cat=p&typeid=i","cat":284550},{"id":91026,"n":"Pur Jus d'orange Bio Village Bio Carotte Citron - 1L","p":2.89,"u":"2,89 €/L","img":"https://fd5-photos.leclercdrive.fr/image.ashx?id=2901557&use=l&cat=p&typeid=i","cat":284521},{"id":91027,"n":"Chips Tortilla Old El Paso Nachips maxi format - 300g","p":3.92,"u":"13,07 €/KG","img":"https://fd5-photos.leclercdrive.fr/image.ashx?id=2737696&use=l&cat=p&typeid=i","cat":288993},{"id":91098,"n":"Vin rosé Domaine Casanova Corse gris - 75cl","p":5.49,"u":"7,32 €/L","img":"https://fd5-photos.leclercdrive.fr/image.ashx?id=1474407&use=l&cat=p&typeid=i","cat":289558},{"id":91177,"n":"Démaquillant Yeux biphase Nivea Sensibles Waterproof - 125ml","p":2.52,"u":"20,16 €/L","img":"https://fd5-photos.leclercdrive.fr/image.ashx?id=2953944&use=l&cat=p&typeid=i","cat":284603},{"id":91178,"n":"Crème visage Jour FPS 15 Nivea Nourrissante Peau Sèche - 50ml","p":4.11,"u":"82,20 €/L","img":"https://fd5-photos.leclercdrive.fr/image.ashx?id=3014605&use=l&cat=p&typeid=i","cat":325345},{"id":91221,"n":"Pâtes Fusili Panzani Créatives - 500G","p":1.08,"u":"2,16 €/KG","img":"https://fd5-photos.leclercdrive.fr/image.ashx?id=2902942&use=l&cat=p&typeid=i","cat":284427},{"id":91231,"n":"Thé vert Twinings Framboise Passion x20 - 32g","p":2.99,"u":"93,44 €/KG","img":"https://fd5-photos.leclercdrive.fr/image.ashx?id=2893030&use=l&cat=p&typeid=i","cat":293233},{"id":91249,"n":"Jambon cuit rôti aux herbes 120g","p":4.93,"u":"41,08 €/KG","img":"https://fd5-photos.leclercdrive.fr/image.ashx?id=2025170&use=l&cat=p&typeid=i","cat":316009},{"id":91279,"n":"Petits pains céréales 5x60g","p":1.75,"u":"5,83 €/KG","img":"https://fd5-photos.leclercdrive.fr/image.ashx?id=1071978&use=l&cat=p&typeid=i","cat":284359},{"id":91280,"n":"Petits pains de campagne 5x60g","p":1.75,"u":"5,83 €/KG","img":"https://fd5-photos.leclercdrive.fr/image.ashx?id=821457&use=l&cat=p&typeid=i","cat":284359},{"id":91286,"n":"Petits pains multi variétés 5x60g","p":1.75,"u":"5,83 €/KG","img":"https://fd5-photos.leclercdrive.fr/image.ashx?id=655911&use=l&cat=p&typeid=i","cat":284359},{"id":91310,"n":"Spray détachant Ace Delicat Avant lavage - 650ml","p":3.43,"u":"5,28 €/L","img":"https://fd5-photos.leclercdrive.fr/image.ashx?id=2314608&use=l&cat=p&typeid=i","cat":284651},{"id":91461,"n":"Mini toblerone Chocolat au lait - 280g","p":8.18,"u":"29,21 €/KG","img":"https://fd5-photos.leclercdrive.fr/image.ashx?id=2792951&use=l&cat=p&typeid=i","cat":284499},{"id":91462,"n":"Marrons glacés Equador Morceaux - 250g","p":6.6,"u":"26,40 €/KG","img":"https://fd5-photos.leclercdrive.fr/image.ashx?id=2228013&use=l&cat=p&typeid=i","cat":327603},{"id":91482,"n":"Riz Comptoir du Grain Champignons 2 min - 250g","p":1.22,"u":"4,88 €/KG","img":"https://fd5-photos.leclercdrive.fr/image.ashx?id=2856561&use=l&cat=p&typeid=i","cat":287600},{"id":91484,"n":"Bière Brewdog Dead Poney  33cl","p":2.49,"u":"7,55 €/L","img":"https://fd5-photos.leclercdrive.fr/image.ashx?id=2559134&use=l&cat=p&typeid=i","cat":334872},{"id":91485,"n":"Riz long Comptoir du Grain Express 2 min - 250g","p":0.99,"u":"3,96 €/KG","img":"https://fd5-photos.leclercdrive.fr/image.ashx?id=2441393&use=l&cat=p&typeid=i","cat":287600},{"id":91487,"n":"Bière Brewdog Elvis Juice  33cl","p":2.03,"u":"6,15 €/L","img":"https://fd5-photos.leclercdrive.fr/image.ashx?id=2941871&use=l&cat=p&typeid=i","cat":334872},{"id":91500,"n":"Bière Bleue Chimay Pack Brunes 9% - 4x33cl","p":7.77,"u":"5,89 €/L","img":"https://fd5-photos.leclercdrive.fr/image.ashx?id=2050453&use=l&cat=p&typeid=i","cat":334872},{"id":91553,"n":"Quinoa Céréal Bio  Bio repas express 220g","p":1.95,"u":"8,86 €/KG","img":"https://fd5-photos.leclercdrive.fr/image.ashx?id=2575081&use=l&cat=p&typeid=i","cat":287600},{"id":91554,"n":"Blé Riz quinoa Céréal Bio  Bio repas express 220g","p":1.99,"u":"9,05 €/KG","img":"https://fd5-photos.leclercdrive.fr/image.ashx?id=2662844&use=l&cat=p&typeid=i","cat":287600},{"id":91557,"n":"Lentilles Riz Soja Céréal Bio Bio repas express-250g","p":1.88,"u":"7,52 €/KG","img":"https://fd5-photos.leclercdrive.fr/image.ashx?id=2575084&use=l&cat=p&typeid=i","cat":287600},{"id":91585,"n":"Bicarbonate de soude Briochin Ecocert - 500g","p":3.9,"u":"7,80 €/KG","img":"https://fd5-photos.leclercdrive.fr/image.ashx?id=3000749&use=l&cat=p&typeid=i","cat":325365},{"id":91603,"n":"Gel pur So Bio Etic Aloe Vera bio - 125ml","p":9.86,"u":"78,88 €/L","img":"https://fd5-photos.leclercdrive.fr/image.ashx?id=2802497&use=l&cat=p&typeid=i","cat":325345},{"id":91605,"n":"Soin nutritif So Bio Etic Aloe Vera bio - 50ml","p":9.81,"u":"196,20 €/L","img":"https://fd5-photos.leclercdrive.fr/image.ashx?id=2992128&use=l&cat=p&typeid=i","cat":325345},{"id":91768,"n":"Roquefort AOP Société Fromage de brebis - 100g","p":2.42,"u":"24,20 €/KG","img":"https://fd5-photos.leclercdrive.fr/image.ashx?id=2729701&use=l&cat=p&typeid=i","cat":314032},{"id":91776,"n":"Crème UHT Elle&Vire Semi-Ep. Entière - 30% MG - 3x20cl","p":3.97,"u":"6,62 €/L","img":"https://fd5-photos.leclercdrive.fr/image.ashx?id=2979866&use=l&cat=p&typeid=i","cat":284381},{"id":91796,"n":"Préfou de Vendée NRT Au chèvre affiné - 280g","p":3.9,"u":"13,93 €/KG","img":"https://fd5-photos.leclercdrive.fr/image.ashx?id=2743900&use=l&cat=p&typeid=i","cat":316003},{"id":91805,"n":"petit suisse aux fruits danonino - 18x50g","p":3.52,"u":"3,91 €/KG","img":"https://fd5-photos.leclercdrive.fr/image.ashx?id=3003137&use=l&cat=p&typeid=i","cat":284414},{"id":91806,"n":"petit suisse aux fruits danonino - 24x50g","p":3.89,"u":"3,24 €/KG","img":"https://fd5-photos.leclercdrive.fr/image.ashx?id=2865602&use=l&cat=p&typeid=i","cat":284414},{"id":91807,"n":"petit suisse aux fruits danonino - 12x50g","p":2.19,"u":"3,65 €/KG","img":"https://fd5-photos.leclercdrive.fr/image.ashx?id=3003140&use=l&cat=p&typeid=i","cat":284414},{"id":91809,"n":"Yaourts bio - Les 300&Bio Mûre Myrtille - 4x125g","p":1.75,"u":"3,50 €/KG","img":"https://fd5-photos.leclercdrive.fr/image.ashx?id=2845452&use=l&cat=p&typeid=i","cat":284410},{"id":91810,"n":"Fromage blanc nature Les 300 Laitiers Bio - 4x100g","p":1.83,"u":"4,58 €/KG","img":"https://fd5-photos.leclercdrive.fr/image.ashx?id=2502323&use=l&cat=p&typeid=i","cat":284409},{"id":91812,"n":"Panés pois chiches feta Végé - 2x90g","p":1.88,"u":"10,44 €/KG","img":"https://fd5-photos.leclercdrive.fr/image.ashx?id=2865272&use=l&cat=p&typeid=i","cat":316036},{"id":91813,"n":"Panés tomate mozza Végé - 2x90g","p":1.88,"u":"10,44 €/KG","img":"https://fd5-photos.leclercdrive.fr/image.ashx?id=2865275&use=l&cat=p&typeid=i","cat":316036},{"id":91814,"n":"Pommes bicolores bio Bio Village Barquette x4","p":1.99,"u":"0,50 €/P","img":"https://fd5-photos.leclercdrive.fr/image.ashx?id=2556538&use=l&cat=p&typeid=i","cat":284356},{"id":91842,"n":"Infusion Bio La Tisanière Nuit x20 - 30g","p":2.59,"u":"86,33 €/KG","img":"https://fd5-photos.leclercdrive.fr/image.ashx?id=2477051&use=l&cat=p&typeid=i","cat":293234},{"id":91907,"n":"Assortiment Copains Copines Tubo gélifie acide - 600g","p":3.69,"u":"6,15 €/KG","img":"https://fd5-photos.leclercdrive.fr/image.ashx?id=2417219&use=l&cat=p&typeid=i","cat":304250},{"id":92027,"n":"Tablette chocolat au lait Lindt Caramel Pointe de sel - 100g","p":2.33,"u":"23,30 €/KG","img":"https://fd5-photos.leclercdrive.fr/image.ashx?id=2750384&use=l&cat=p&typeid=i","cat":284497},{"id":92028,"n":"Tablette de chocolat noir Lindt Amandes effilées - 100g","p":2.73,"u":"27,30 €/KG","img":"https://fd5-photos.leclercdrive.fr/image.ashx?id=2643764&use=l&cat=p&typeid=i","cat":284956},{"id":92073,"n":"Légumes pour Wok Bio Village Bio - 600g","p":2.99,"u":"4,98 €/KG","img":"https://fd5-photos.leclercdrive.fr/image.ashx?id=2898071&use=l&cat=p&typeid=i","cat":319823},{"id":92247,"n":"Nettoyant spray La Croix Désinfectant Javel Frais -500ml","p":1.46,"u":"2,92 €/L","img":"https://fd5-photos.leclercdrive.fr/image.ashx?id=2471601&use=l&cat=p&typeid=i","cat":325357},{"id":92252,"n":"Tartine craquante Jardin Bio  bio sans gluten, quinoa - 150gr","p":2.68,"u":"17,87 €/KG","img":"https://fd5-photos.leclercdrive.fr/image.ashx?id=2537532&use=l&cat=p&typeid=i","cat":284479},{"id":92255,"n":"Soupe liquide brique Liebig  Courgettes Vache Qui Rit 2x30cl","p":2.59,"u":"4,32 €/L","img":"https://fd5-photos.leclercdrive.fr/image.ashx?id=2175518&use=l&cat=p&typeid=i","cat":284462},{"id":92256,"n":"Gourdes bio bébé Hipp Bio 4 variétés - 8x120g","p":7.83,"u":"8,16 €/KG","img":"https://fd5-photos.leclercdrive.fr/image.ashx?id=2915578&use=l&cat=p&typeid=i","cat":312393},{"id":92267,"n":"Soupe instantanée Royco  Indienne - 3x200ml","p":1.52,"u":"2,53 €/L","img":"https://fd5-photos.leclercdrive.fr/image.ashx?id=2650988&use=l&cat=p&typeid=i","cat":293527},{"id":92273,"n":"Soupe paysanne Knorr Lentilles/Lard fumé/Légumes -1L","p":3.29,"u":"3,29 €/L","img":"https://fd5-photos.leclercdrive.fr/image.ashx?id=2408255&use=l&cat=p&typeid=i","cat":284462},{"id":92304,"n":"Soupe Saveurs d'Antan Knorr Poule vermicelles - 30cl","p":1.16,"u":"3,87 €/L","img":"https://fd5-photos.leclercdrive.fr/image.ashx?id=2738275&use=l&cat=p&typeid=i","cat":284462},{"id":92342,"n":"AOP Bordeaux vin blanc Mouton Cadet - 75cl","p":5.59,"u":"7,45 €/L","img":"https://fd5-photos.leclercdrive.fr/image.ashx?id=2845985&use=l&cat=p&typeid=i","cat":289557},{"id":92351,"n":"Crème mains Inell Réparatrice - 100ml","p":1.45,"u":"14,50 €/L","img":"https://fd5-photos.leclercdrive.fr/image.ashx?id=2822135&use=l&cat=p&typeid=i","cat":325354},{"id":92356,"n":"Serviettes Hygieniques Vania  Maxi confort super - x16","p":1.75,"u":"0,11 €/P","img":"https://fd5-photos.leclercdrive.fr/image.ashx?id=2908168&use=l&cat=p&typeid=i","cat":284624},{"id":92436,"n":"Noix de Saint-Jacques ASC Ronde des Mers - 300g","p":8.7,"u":"29,00 €/KG","img":"https://fd5-photos.leclercdrive.fr/image.ashx?id=2835032&use=l&cat=p&typeid=i","cat":319787},{"id":92451,"n":"Hachée de veau Charal Façon bouchère - 240g","p":5.59,"u":"23,29 €/KG","img":"https://fd5-photos.leclercdrive.fr/image.ashx?id=2014451&use=l&cat=p&typeid=i","cat":284332},{"id":92452,"n":"Tomates cerises bio Bio Village 250g","p":1.59,"u":"6,36 €/KG","img":"https://fd5-photos.leclercdrive.fr/image.ashx?id=2960544&use=l&cat=p&typeid=i","cat":284352},{"id":92454,"n":"Mini bûche Eskiss Fruits rouge x6 - 328g","p":2.29,"u":"6,98 €/KG","img":"https://fd5-photos.leclercdrive.fr/image.ashx?id=2459159&use=l&cat=p&typeid=i","cat":284266},{"id":92516,"n":"Poélée Légume Wok Notre Jardin Inde - 1kg","p":3.99,"u":"3,99 €/KG","img":"https://fd5-photos.leclercdrive.fr/image.ashx?id=2803957&use=l&cat=p&typeid=i","cat":319823},{"id":92530,"n":"Cidre fermier Doux NRT IGP  De Bretagne - 3%vol - 75cl","p":3.34,"u":"4,45 €/L","img":"https://fd5-photos.leclercdrive.fr/image.ashx?id=2791117&use=l&cat=p&typeid=i","cat":334880},{"id":92532,"n":"Céréales Quaker Cruesli Chocolat - 900g","p":5.01,"u":"5,57 €/KG","img":"https://fd5-photos.leclercdrive.fr/image.ashx?id=2212153&use=l&cat=p&typeid=i","cat":309512},{"id":92533,"n":"Céréales Quaker Cruesli Chocolat au lait - 450g","p":2.73,"u":"6,07 €/KG","img":"https://fd5-photos.leclercdrive.fr/image.ashx?id=2212156&use=l&cat=p&typeid=i","cat":309512},{"id":92551,"n":"Pain de mie bio La Boulangère Farine complète - 280g","p":2.13,"u":"7,61 €/KG","img":"https://fd5-photos.leclercdrive.fr/image.ashx?id=2912416&use=l&cat=p&typeid=i","cat":284477},{"id":92586,"n":"Lait de toilette bébé Klorane Sans rinçage - 750ml","p":7.99,"u":"10,65 €/L","img":"https://fd5-photos.leclercdrive.fr/image.ashx?id=2936848&use=l&cat=p&typeid=i","cat":290425},{"id":92593,"n":"Eau fraîche bébé Klorane Parfumée - 500ml","p":9.19,"u":"18,38 €/L","img":"https://fd5-photos.leclercdrive.fr/image.ashx?id=2936854&use=l&cat=p&typeid=i","cat":290425},{"id":92595,"n":"Boisson gazeuse Fever Tree Ginger Beer - 4x20cl","p":4.31,"u":"5,39 €/L","img":"https://fd5-photos.leclercdrive.fr/image.ashx?id=2380667&use=l&cat=p&typeid=i","cat":284531},{"id":92633,"n":"Gel lavant doux bébé KLorane 2x500ml","p":9.7,"u":"9,70 €/L","img":"https://fd5-photos.leclercdrive.fr/image.ashx?id=2009093&use=l&cat=p&typeid=i","cat":290425},{"id":92689,"n":"Pain de mie Harrys Nature Extra moelleux - 280g","p":0.84,"u":"3,00 €/KG","img":"https://fd5-photos.leclercdrive.fr/image.ashx?id=2660727&use=l&cat=p&typeid=i","cat":284477},{"id":92693,"n":"Gel douche Mixa Bébé  Très Doux Corps Cheveux - 750ml","p":6.32,"u":"8,43 €/L","img":"https://fd5-photos.leclercdrive.fr/image.ashx?id=2316210&use=l&cat=p&typeid=i","cat":284740},{"id":92702,"n":"Tomate ronde grappe Bio Village Bio - 500g","p":2.49,"u":"4,98 €/KG","img":"https://fd5-photos.leclercdrive.fr/image.ashx?id=2551996&use=l&cat=p&typeid=i","cat":284352},{"id":92712,"n":"Adhésif transparent Eco+ 19mmx25m - x5","p":0.42,"u":"0,08 €/P","img":"https://fd5-photos.leclercdrive.fr/image.ashx?id=2943127&use=l&cat=p&typeid=i","cat":334133},{"id":92715,"n":"Pochettes coins Esquisses Transparentes - x10","p":1.5,"u":"0,15 €/P","img":"https://fd5-photos.leclercdrive.fr/image.ashx?id=1700197&use=l&cat=p&typeid=i","cat":284745},{"id":92761,"n":"Sacs poubelle 10L Eco+ Salle de bain - x30","p":1.08,"u":"0,04 €/P","img":"https://fd5-photos.leclercdrive.fr/image.ashx?id=2755052&use=l&cat=p&typeid=i","cat":285168},{"id":92780,"n":"Bière blonde Heineken 6x25cl","p":4.15,"u":"2,77 €/L","img":"https://fd5-photos.leclercdrive.fr/image.ashx?id=3011077&use=l&cat=p&typeid=i","cat":334873},{"id":92782,"n":"Thé glacé Fuze Tea Saveur pêche - 1.25L","p":1.62,"u":"1,30 €/L","img":"https://fd5-photos.leclercdrive.fr/image.ashx?id=2940390&use=l&cat=p&typeid=i","cat":295019},{"id":92818,"n":"Tablette lave-vaisselle Rainett Tout en 1 Bicarbonate x30 -600g","p":5.37,"u":"8,95 €/KG","img":"https://fd5-photos.leclercdrive.fr/image.ashx?id=2506477&use=l&cat=p&typeid=i","cat":284656},{"id":92834,"n":"Chips extra Vico 6x30g","p":1.86,"u":"10,33 €/KG","img":"https://fd5-photos.leclercdrive.fr/image.ashx?id=2917816&use=l&cat=p&typeid=i","cat":284447},{"id":92840,"n":"Vinaigre balsamique Rustica Blanc - 25cl","p":1.99,"u":"7,96 €/L","img":"https://fd5-photos.leclercdrive.fr/image.ashx?id=2603590&use=l&cat=p&typeid=i","cat":298543},{"id":92841,"n":"Huile de tournesol Rustica 50cl","p":1.39,"u":"2,78 €/L","img":"https://fd5-photos.leclercdrive.fr/image.ashx?id=2900349&use=l&cat=p&typeid=i","cat":284453},{"id":92842,"n":"Mélange 4 huiles Rustica Végétales - 50cl","p":1.79,"u":"3,58 €/L","img":"https://fd5-photos.leclercdrive.fr/image.ashx?id=2508885&use=l&cat=p&typeid=i","cat":284453},{"id":92854,"n":"Céréales bio Chaque jour Cacao Noisette sans gluten-375g","p":5.48,"u":"14,61 €/KG","img":"https://fd5-photos.leclercdrive.fr/image.ashx?id=2539463&use=l&cat=p&typeid=i","cat":318654},{"id":92861,"n":"Crème Visage Jour FPS 15 Nivea Hydratante - 50ml","p":4.0,"u":"80,00 €/L","img":"https://fd5-photos.leclercdrive.fr/image.ashx?id=3015335&use=l&cat=p&typeid=i","cat":325345},{"id":92908,"n":"Raclette Entremont Saveur d'antan - 700g","p":9.66,"u":"13,80 €/KG","img":"https://fd5-photos.leclercdrive.fr/image.ashx?id=2951752&use=l&cat=p&typeid=i","cat":314037},{"id":92910,"n":"Tranches pour raclette Sans croûte nature - 700g","p":8.45,"u":"12,07 €/KG","img":"https://fd5-photos.leclercdrive.fr/image.ashx?id=2951743&use=l&cat=p&typeid=i","cat":314037},{"id":93022,"n":"Bière blonde Heineken 20x25cl","p":12.06,"u":"2,41 €/L","img":"https://fd5-photos.leclercdrive.fr/image.ashx?id=3011074&use=l&cat=p&typeid=i","cat":334873},{"id":93023,"n":"Bière blonde Heineken 12x25cl","p":7.28,"u":"2,43 €/L","img":"https://fd5-photos.leclercdrive.fr/image.ashx?id=3011080&use=l&cat=p&typeid=i","cat":334873},{"id":93029,"n":"Poireau bio Bio Village 750g","p":3.79,"u":"5,05 €/KG","img":"https://fd5-photos.leclercdrive.fr/image.ashx?id=2322956&use=l&cat=p&typeid=i","cat":284352},{"id":93031,"n":"Raclette nature Les croisés Sans croute - 700g","p":6.79,"u":"9,70 €/KG","img":"https://fd5-photos.leclercdrive.fr/image.ashx?id=2084961&use=l&cat=p&typeid=i","cat":314037},{"id":93032,"n":"Saucisson Justin Bridou Bâton de Berger Nature 250g","p":3.87,"u":"15,48 €/KG","img":"https://fd5-photos.leclercdrive.fr/image.ashx?id=2921313&use=l&cat=p&typeid=i","cat":316006},{"id":93033,"n":"Saucisson Fuet César Moroni  170g","p":3.21,"u":"18,88 €/KG","img":"https://fd5-photos.leclercdrive.fr/image.ashx?id=2916138&use=l&cat=p&typeid=i","cat":316006},{"id":93036,"n":"Rosette tranchée Cochonou  10 tranches - 93g","p":1.61,"u":"17,31 €/KG","img":"https://fd5-photos.leclercdrive.fr/image.ashx?id=2924107&use=l&cat=p&typeid=i","cat":316007},{"id":93037,"n":"Saucisson sec Tranché Cochonou 30 tranches - 93g","p":1.37,"u":"14,73 €/KG","img":"https://fd5-photos.leclercdrive.fr/image.ashx?id=2924104&use=l&cat=p&typeid=i","cat":316007},{"id":93038,"n":"Jambon cru 4 tranches Aoste sans conservateur - 100g","p":3.86,"u":"38,60 €/KG","img":"https://fd5-photos.leclercdrive.fr/image.ashx?id=2937187&use=l&cat=p&typeid=i","cat":316007},{"id":93040,"n":"AOC Crémant de Bordeaux brut  Chantet Blanet - 75cl","p":4.99,"u":"6,65 €/L","img":"https://fd5-photos.leclercdrive.fr/image.ashx?id=2931717&use=l&cat=p&typeid=i","cat":284545},{"id":93041,"n":"Fromage Caprice Des Dieux 300g","p":3.36,"u":"11,20 €/KG","img":"https://fd5-photos.leclercdrive.fr/image.ashx?id=2763178&use=l&cat=p&typeid=i","cat":314033},{"id":93043,"n":"Crème dessert Bio village Bio - 4x95g  - Vanille","p":1.28,"u":"3,37 €/KG","img":"https://fd5-photos.leclercdrive.fr/image.ashx?id=2992648&use=l&cat=p&typeid=i","cat":285041},{"id":93044,"n":"AOC Côtes du Rhône Villages Bio Rouge Rives & Terrasses - 75cl","p":5.49,"u":"7,32 €/L","img":"https://fd5-photos.leclercdrive.fr/image.ashx?id=2953410&use=l&cat=p&typeid=i","cat":289556},{"id":93045,"n":"AOC Corbières BIO vin rouge Prieur Barsanne - 75cl","p":3.99,"u":"5,32 €/L","img":"https://fd5-photos.leclercdrive.fr/image.ashx?id=2921414&use=l&cat=p&typeid=i","cat":289556},{"id":93050,"n":"Poivron Bicolore bio Bio Village x2","p":2.79,"u":"1,40 €/P","img":"https://fd5-photos.leclercdrive.fr/image.ashx?id=2960541&use=l&cat=p&typeid=i","cat":284352},{"id":93070,"n":"Crème dessert Bio Bio village Chocolat - 4x95g","p":1.28,"u":"3,37 €/KG","img":"https://fd5-photos.leclercdrive.fr/image.ashx?id=2992645&use=l&cat=p&typeid=i","cat":285041},{"id":93071,"n":"Champignons de Paris blancs Bio Bio Village - 200g","p":2.39,"u":"11,95 €/KG","img":"https://fd5-photos.leclercdrive.fr/image.ashx?id=2960550&use=l&cat=p&typeid=i","cat":284352},{"id":93089,"n":"Cidre fermier Brut NRT IGP  De Bretagne - 3%vol - 75cl","p":3.34,"u":"4,45 €/L","img":"https://fd5-photos.leclercdrive.fr/image.ashx?id=2791114&use=l&cat=p&typeid=i","cat":334880},{"id":93091,"n":"Bûche glacée Eskiss Vanille Caramel Pécan - 534g","p":5.16,"u":"9,66 €/KG","img":"https://fd5-photos.leclercdrive.fr/image.ashx?id=2974816&use=l&cat=p&typeid=i","cat":284266},{"id":93097,"n":"Plateau pour Raclette NRT IGP  800g","p":15.5,"u":"19,38 €/KG","img":"https://fd5-photos.leclercdrive.fr/image.ashx?id=1961985&use=l&cat=p&typeid=i","cat":314037},{"id":93105,"n":"Skyr danone  nature 0%mg - 2x140g","p":2.25,"u":"8,04 €/KG","img":"https://fd5-photos.leclercdrive.fr/image.ashx?id=2810606&use=l&cat=p&typeid=i","cat":284409},{"id":93108,"n":"Bière Desperados Pack de 12x33cl","p":18.0,"u":"4,55 €/L","img":"https://fd5-photos.leclercdrive.fr/image.ashx?id=2983123&use=l&cat=p&typeid=i","cat":334878},{"id":93109,"n":"Bière Desperados Pack de 6x33cl","p":7.17,"u":"3,62 €/L","img":"https://fd5-photos.leclercdrive.fr/image.ashx?id=2999865&use=l&cat=p&typeid=i","cat":334878},{"id":93111,"n":"Camembert Le Rustique  250g","p":2.19,"u":"8,76 €/KG","img":"https://fd5-photos.leclercdrive.fr/image.ashx?id=2979722&use=l&cat=p&typeid=i","cat":314033},{"id":93112,"n":"Coulommiers Cœur de Lion  350g","p":2.48,"u":"7,09 €/KG","img":"https://fd5-photos.leclercdrive.fr/image.ashx?id=2766286&use=l&cat=p&typeid=i","cat":314033},{"id":93121,"n":"Escalope Cordon Bleu Père Dodu  Dinde x4 - 400g - Familial","p":6.73,"u":"16,83 €/KG","img":"https://fd5-photos.leclercdrive.fr/image.ashx?id=2957206&use=l&cat=p&typeid=i","cat":333683},{"id":93173,"n":"Paupiettes de Veau Charal - 260g","p":5.11,"u":"19,65 €/KG","img":"https://fd5-photos.leclercdrive.fr/image.ashx?id=2095590&use=l&cat=p&typeid=i","cat":284329},{"id":93181,"n":"Pains Façon Bretzel x6 - 270g","p":2.17,"u":"8,04 €/KG","img":"https://fd5-photos.leclercdrive.fr/image.ashx?id=2867401&use=l&cat=p&typeid=i","cat":325069},{"id":93195,"n":"Boulette de boeuf napolitaine Charal -  300g","p":5.57,"u":"18,57 €/KG","img":"https://fd5-photos.leclercdrive.fr/image.ashx?id=1987908&use=l&cat=p&typeid=i","cat":333665},{"id":93196,"n":"Escalope de veau Charal - x2 - 260g","p":8.7,"u":"33,46 €/KG","img":"https://fd5-photos.leclercdrive.fr/image.ashx?id=2095578&use=l&cat=p&typeid=i","cat":284329},{"id":93203,"n":"Lessive concentrée Epsil Pure fraîcheur x28 - 980ml","p":3.29,"u":"3,36 €/L","img":"https://fd5-photos.leclercdrive.fr/image.ashx?id=2450047&use=l&cat=p&typeid=i","cat":284640},{"id":93243,"n":"Dissolvant Inell Semi-permanent - 150ml","p":1.42,"u":"9,47 €/L","img":"https://fd5-photos.leclercdrive.fr/image.ashx?id=2691682&use=l&cat=p&typeid=i","cat":325347},{"id":93244,"n":"Sauce bolognaise Panzani 425g","p":2.11,"u":"4,96 €/KG","img":"https://fd5-photos.leclercdrive.fr/image.ashx?id=2989096&use=l&cat=p&typeid=i","cat":287599},{"id":93246,"n":"Assortiment Copains Copines Fraises bananes - 250g","p":1.19,"u":"4,76 €/KG","img":"https://fd5-photos.leclercdrive.fr/image.ashx?id=2934724&use=l&cat=p&typeid=i","cat":304250},{"id":93248,"n":"Assortiment Copains Copines Tubo gélifiés doux - 600g","p":3.32,"u":"5,53 €/KG","img":"https://fd5-photos.leclercdrive.fr/image.ashx?id=2934727&use=l&cat=p&typeid=i","cat":304250},{"id":93254,"n":"Assortiment Copains Copines Mini sachets - 500g","p":3.58,"u":"7,16 €/KG","img":"https://fd5-photos.leclercdrive.fr/image.ashx?id=2934736&use=l&cat=p&typeid=i","cat":304250},{"id":93260,"n":"Biscuits Calèche LU Sélection gourmande - 250g","p":4.03,"u":"16,12 €/KG","img":"https://fd5-photos.leclercdrive.fr/image.ashx?id=1916631&use=l&cat=p&typeid=i","cat":284490},{"id":93305,"n":"Arrangé Isautier Gingembre Citron 40° - 50cl","p":15.36,"u":"30,72 €/L","img":"https://fd5-photos.leclercdrive.fr/image.ashx?id=2322193&use=l&cat=p&typeid=i","cat":284551},{"id":93310,"n":"Yaourt bifidus Activia vanille - 12x125g","p":3.95,"u":"2,63 €/KG","img":"https://fd5-photos.leclercdrive.fr/image.ashx?id=2999835&use=l&cat=p&typeid=i","cat":315000},{"id":93314,"n":"Sirop Monin Cocktail caramel - 33cl","p":2.98,"u":"9,03 €/L","img":"https://fd5-photos.leclercdrive.fr/image.ashx?id=2301319&use=l&cat=p&typeid=i","cat":295020},{"id":93318,"n":"Vin de France Pinot Noir Bouchard Ainé et Fils - 75cl","p":7.66,"u":"10,21 €/L","img":"https://fd5-photos.leclercdrive.fr/image.ashx?id=2916105&use=l&cat=p&typeid=i","cat":289556},{"id":93398,"n":"Plat bébé Blédina 12 mois  Butternut dinde - 2x200g","p":2.83,"u":"7,08 €/KG","img":"https://fd5-photos.leclercdrive.fr/image.ashx?id=2975086&use=l&cat=p&typeid=i","cat":312237},{"id":93401,"n":"Bière blonde pression Heineken Fût de 5L","p":16.91,"u":"3,38 €/L","img":"https://fd5-photos.leclercdrive.fr/image.ashx?id=2646194&use=l&cat=p&typeid=i","cat":334879},{"id":93402,"n":"Bière Blonde Heineken 5% vol - 65cl","p":1.69,"u":"2,60 €/L","img":"https://fd5-photos.leclercdrive.fr/image.ashx?id=3008119&use=l&cat=p&typeid=i","cat":334873},{"id":93403,"n":"Bières Desperados 6x33cl","p":7.42,"u":"3,75 €/L","img":"https://fd5-photos.leclercdrive.fr/image.ashx?id=2977963&use=l&cat=p&typeid=i","cat":334853},{"id":93405,"n":"IGP Pays d'Oc Grenache vin rosé Vieux Carion 12% vol - BIB 3L","p":7.99,"u":"2,66 €/L","img":"https://fd5-photos.leclercdrive.fr/image.ashx?id=2892352&use=l&cat=p&typeid=i","cat":289560},{"id":93440,"n":"Boisson gourmande PAGO Citron Citron vert - 75cl","p":1.91,"u":"2,55 €/L","img":"https://fd5-photos.leclercdrive.fr/image.ashx?id=2861240&use=l&cat=p&typeid=i","cat":284915},{"id":93466,"n":"Crème UHT Elle&Vire Fluide Entière - 30% MG - 2x25cl","p":3.21,"u":"6,42 €/L","img":"https://fd5-photos.leclercdrive.fr/image.ashx?id=3008548&use=l&cat=p&typeid=i","cat":284381},{"id":93467,"n":"Crème UHT Elle&Vire Semi-Ep. Entière - 30% MG - 2x25cl","p":4.32,"u":"17,28 €/L","img":"https://fd5-photos.leclercdrive.fr/image.ashx?id=2827893&use=l&cat=p&typeid=i","cat":284381},{"id":93514,"n":"Frites de poulet Maître Coq 1 kg","p":5.51,"u":"5,51 €/KG","img":"https://fd5-photos.leclercdrive.fr/image.ashx?id=2939478&use=l&cat=p&typeid=i","cat":319780},{"id":93520,"n":"Signature Crispers McCain Pommes de terre - 650g","p":2.57,"u":"3,95 €/KG","img":"https://fd5-photos.leclercdrive.fr/image.ashx?id=2752224&use=l&cat=p&typeid=i","cat":319791},{"id":93543,"n":"Emincés de jambon Saint-Azay 100g","p":1.93,"u":"19,30 €/KG","img":"https://fd5-photos.leclercdrive.fr/image.ashx?id=2381438&use=l&cat=p&typeid=i","cat":316011},{"id":93547,"n":"Long Nuggets Père Dodu  Poulet x8 - 200g","p":2.62,"u":"13,10 €/KG","img":"https://fd5-photos.leclercdrive.fr/image.ashx?id=2957188&use=l&cat=p&typeid=i","cat":333684},{"id":93574,"n":"Kit pour Burritos 510g","p":2.81,"u":"5,51 €/KG","img":"https://fd5-photos.leclercdrive.fr/image.ashx?id=2679774&use=l&cat=p&typeid=i","cat":288993},{"id":93596,"n":"Cidre bouché Envies De Doux - 75cl","p":2.49,"u":"3,32 €/L","img":"https://fd5-photos.leclercdrive.fr/image.ashx?id=2908978&use=l&cat=p&typeid=i","cat":334880},{"id":93600,"n":"Dessert végétal soja Alpro Nature à la coco - 500g","p":1.71,"u":"3,42 €/KG","img":"https://fd5-photos.leclercdrive.fr/image.ashx?id=2976080&use=l&cat=p&typeid=i","cat":316071},{"id":93624,"n":"Papier toilette Mimosa Blanc 3 plis - x12","p":4.61,"u":"0,38 €/P","img":"https://fd5-photos.leclercdrive.fr/image.ashx?id=2777863&use=l&cat=p&typeid=i","cat":284634},{"id":93625,"n":"Papier toilette Mimosa Rose 3 plis - x12","p":4.69,"u":"0,39 €/P","img":"https://fd5-photos.leclercdrive.fr/image.ashx?id=2778758&use=l&cat=p&typeid=i","cat":284634},{"id":93631,"n":"Graines de tournesol Eco+ 2.5kg","p":3.5,"u":"1,40 €/KG","img":"https://fd5-photos.leclercdrive.fr/image.ashx?id=2162123&use=l&cat=p&typeid=i","cat":284678},{"id":93636,"n":"Fromage RichesMonts Raclette  Caractère 18 Tranches - 420g","p":6.6,"u":"15,71 €/KG","img":"https://fd5-photos.leclercdrive.fr/image.ashx?id=2953812&use=l&cat=p&typeid=i","cat":314037},{"id":93640,"n":"IGP Ile de Beauté Vin rouge Reserve du Président - 75cl","p":5.14,"u":"6,85 €/L","img":"https://fd5-photos.leclercdrive.fr/image.ashx?id=1882319&use=l&cat=p&typeid=i","cat":289556},{"id":93683,"n":"Noix st Jacques Ronde des mers Avec corail - 300g","p":12.89,"u":"42,97 €/KG","img":"https://fd5-photos.leclercdrive.fr/image.ashx?id=2632888&use=l&cat=p&typeid=i","cat":319787},{"id":93689,"n":"Noix St Jacques Ronde des mers Sans Corail - MSC - 300g","p":25.75,"u":"85,83 €/KG","img":"https://fd5-photos.leclercdrive.fr/image.ashx?id=1518020&use=l&cat=p&typeid=i","cat":319787},{"id":93690,"n":"Nems à la Crevette et Crabe Tables du Monde x4 - 280g","p":2.04,"u":"7,29 €/KG","img":"https://fd5-photos.leclercdrive.fr/image.ashx?id=1861278&use=l&cat=p&typeid=i","cat":333673},{"id":93727,"n":"Liquide de rinçage Rainett Pour Lave-vaisselle - 750ml","p":3.68,"u":"4,91 €/L","img":"https://fd5-photos.leclercdrive.fr/image.ashx?id=2338510&use=l&cat=p&typeid=i","cat":284657},{"id":93742,"n":"Joker Bio Multifruits 1L","p":2.86,"u":"2,86 €/L","img":"https://fd5-photos.leclercdrive.fr/image.ashx?id=3001293&use=l&cat=p&typeid=i","cat":284917},{"id":93750,"n":"Ratatouille Cuisinée Cassegrain à la Provençale 380g","p":2.79,"u":"7,34 €/KG","img":"https://fd5-photos.leclercdrive.fr/image.ashx?id=2970831&use=l&cat=p&typeid=i","cat":312612},{"id":93765,"n":"Nettoyant moteur TECH9  300ml","p":4.99,"u":"16,63 €/L","img":"https://fd5-photos.leclercdrive.fr/image.ashx?id=2162492&use=l&cat=p&typeid=i","cat":298252},{"id":93776,"n":"Sauce tomate bio Jardin Bio Provençale - 510g","p":3.63,"u":"7,12 €/KG","img":"https://fd5-photos.leclercdrive.fr/image.ashx?id=2977435&use=l&cat=p&typeid=i","cat":287599},{"id":93788,"n":"Escalope Cordon Bleu Père Dodu  Poulet x2 - 200g","p":2.35,"u":"11,75 €/KG","img":"https://fd5-photos.leclercdrive.fr/image.ashx?id=2957170&use=l&cat=p&typeid=i","cat":333683},{"id":93790,"n":"Sauce tomate bio Jardin Bio Basilic - 510g","p":3.6,"u":"7,06 €/KG","img":"https://fd5-photos.leclercdrive.fr/image.ashx?id=2918832&use=l&cat=p&typeid=i","cat":287599},{"id":93810,"n":"Shampooing 3 en 1 TECH9 500ml","p":5.45,"u":"10,90 €/L","img":"https://fd5-photos.leclercdrive.fr/image.ashx?id=2162456&use=l&cat=p&typeid=i","cat":298252},{"id":93819,"n":"Poêlée de légume Notre Jardin Wok cuisiné Asie - 1kg","p":3.59,"u":"3,59 €/KG","img":"https://fd5-photos.leclercdrive.fr/image.ashx?id=2878600&use=l&cat=p&typeid=i","cat":319823},{"id":93820,"n":"Nettoyant TECH9 Insectes et fientes - 500ml","p":5.49,"u":"10,98 €/L","img":"https://fd5-photos.leclercdrive.fr/image.ashx?id=2162477&use=l&cat=p&typeid=i","cat":298252},{"id":93821,"n":"Nettoyant goudron résine TECH9 300ml","p":4.75,"u":"15,83 €/L","img":"https://fd5-photos.leclercdrive.fr/image.ashx?id=2162474&use=l&cat=p&typeid=i","cat":298252},{"id":93824,"n":"Brillant pneus TECH9 400ml","p":6.99,"u":"17,48 €/L","img":"https://fd5-photos.leclercdrive.fr/image.ashx?id=2162480&use=l&cat=p&typeid=i","cat":298252},{"id":93842,"n":"Coton rectangle bébé Eco+ x200","p":3.99,"u":"0,02 €/P","img":"https://fd5-photos.leclercdrive.fr/image.ashx?id=2869760&use=l&cat=p&typeid=i","cat":284739},{"id":93851,"n":"Petit Pois Tendres et Fondants Cassegrain 280g","p":1.72,"u":"6,14 €/KG","img":"https://fd5-photos.leclercdrive.fr/image.ashx?id=2955318&use=l&cat=p&typeid=i","cat":312607},{"id":93854,"n":"Aubergines Cuisinées Cassegrain à la Provençale 375g","p":3.08,"u":"8,21 €/KG","img":"https://fd5-photos.leclercdrive.fr/image.ashx?id=2962086&use=l&cat=p&typeid=i","cat":312612},{"id":93857,"n":"Répare crevaison TECH9 500ml","p":6.9,"u":"13,80 €/L","img":"https://fd5-photos.leclercdrive.fr/image.ashx?id=2162489&use=l&cat=p&typeid=i","cat":298252},{"id":93860,"n":"Viande hachée bio- Bio Village  15%mg - 400g","p":8.15,"u":"20,38 €/KG","img":"https://fd5-photos.leclercdrive.fr/image.ashx?id=2946478&use=l&cat=p&typeid=i","cat":319779},{"id":93862,"n":"Rénovateur pare-choc TECH9 & Plastiques extérieurs - 400ml","p":3.45,"u":"8,63 €/L","img":"https://fd5-photos.leclercdrive.fr/image.ashx?id=2162468&use=l&cat=p&typeid=i","cat":298252},{"id":93867,"n":"Rénovateur joints TECH9 300ml","p":4.99,"u":"16,63 €/L","img":"https://fd5-photos.leclercdrive.fr/image.ashx?id=2162483&use=l&cat=p&typeid=i","cat":298252},{"id":93936,"n":"Filets de poulet Eco+ Blanc - 1kg","p":9.49,"u":"9,49 €/KG","img":"https://fd5-photos.leclercdrive.fr/image.ashx?id=2804145&use=l&cat=p&typeid=i","cat":284336},{"id":93948,"n":"Filets de poulet Eco+ Jaune - 1kg","p":9.49,"u":"9,49 €/KG","img":"https://fd5-photos.leclercdrive.fr/image.ashx?id=2804148&use=l&cat=p&typeid=i","cat":284336},{"id":94052,"n":"Haricot Vert Cassegrain Extra Fin Ceuillis main 220g","p":1.94,"u":"8,82 €/KG","img":"https://fd5-photos.leclercdrive.fr/image.ashx?id=2955321&use=l&cat=p&typeid=i","cat":312606},{"id":94053,"n":"Gaufrette P'tit Déli Fraise des bois - 160g","p":1.52,"u":"9,50 €/KG","img":"https://fd5-photos.leclercdrive.fr/image.ashx?id=2915299&use=l&cat=p&typeid=i","cat":284489},{"id":94092,"n":"Vin rouge Ile de Beauté Supranu Merlot - 75cl","p":4.53,"u":"6,04 €/L","img":"https://fd5-photos.leclercdrive.fr/image.ashx?id=613329&use=l&cat=p&typeid=i","cat":289556},{"id":94093,"n":"Vin rosé Domaine Vico Corse - 75cl","p":9.05,"u":"12,07 €/L","img":"https://fd5-photos.leclercdrive.fr/image.ashx?id=1650656&use=l&cat=p&typeid=i","cat":289558},{"id":94163,"n":"Comté AOP Entremont Tranché - 120g","p":2.69,"u":"22,42 €/KG","img":"https://fd5-photos.leclercdrive.fr/image.ashx?id=2983141&use=l&cat=p&typeid=i","cat":314028},{"id":94164,"n":"Fromage Crèmeux Saint Albray  200g","p":2.64,"u":"13,20 €/KG","img":"https://fd5-photos.leclercdrive.fr/image.ashx?id=2731825&use=l&cat=p&typeid=i","cat":329558},{"id":94180,"n":"Croquettes chat Ultima Stérilisé sensible - 3kg","p":14.04,"u":"4,68 €/KG","img":"https://fd5-photos.leclercdrive.fr/image.ashx?id=2906580&use=l&cat=p&typeid=i","cat":284680},{"id":94189,"n":"Sachet chat sénior Perfect Fit dinde poisson sauce - 4x85g","p":3.45,"u":"10,15 €/KG","img":"https://fd5-photos.leclercdrive.fr/image.ashx?id=2759730&use=l&cat=p&typeid=i","cat":285286},{"id":94281,"n":"Rhum blanc Bologne 50%vol - 100cl","p":17.31,"u":"17,31 €/L","img":"https://fd5-photos.leclercdrive.fr/image.ashx?id=2876554&use=l&cat=p&typeid=i","cat":284550},{"id":94309,"n":"Croquettes chat stérilisé D’intérieur Ultima - 3kg","p":13.29,"u":"4,43 €/KG","img":"https://fd5-photos.leclercdrive.fr/image.ashx?id=2922230&use=l&cat=p&typeid=i","cat":284680},{"id":94311,"n":"Patate douce Paysan Breton 750g","p":2.73,"u":"3,64 €/KG","img":"https://fd5-photos.leclercdrive.fr/image.ashx?id=2882412&use=l&cat=p&typeid=i","cat":319805},{"id":94324,"n":"Rôti de porc Fleury Michon -25% de sel sans nitrite x6 - 210g","p":3.89,"u":"18,52 €/KG","img":"https://fd5-photos.leclercdrive.fr/image.ashx?id=2335505&use=l&cat=p&typeid=i","cat":316009},{"id":94383,"n":"Désodorisant Air Wick Fleur de lotus Relaxant - 250ml","p":3.48,"u":"13,92 €/L","img":"https://fd5-photos.leclercdrive.fr/image.ashx?id=2971930&use=l&cat=p&typeid=i","cat":311626},{"id":94486,"n":"Crackers Epi D'or 250g","p":1.28,"u":"5,12 €/KG","img":"https://fd5-photos.leclercdrive.fr/image.ashx?id=2791326&use=l&cat=p&typeid=i","cat":297000},{"id":94489,"n":"Lames Wilkinson Quattro Titanium Sensitive - x4","p":9.74,"u":"2,44 €/P","img":"https://fd5-photos.leclercdrive.fr/image.ashx?id=2451405&use=l&cat=p&typeid=i","cat":284616},{"id":94526,"n":"Pocket fraise BN 375g","p":2.23,"u":"5,95 €/KG","img":"https://fd5-photos.leclercdrive.fr/image.ashx?id=2603219&use=l&cat=p&typeid=i","cat":284489},{"id":94635,"n":"Brasse végétal nature Andros 4x100g","p":2.39,"u":"5,98 €/KG","img":"https://fd5-photos.leclercdrive.fr/image.ashx?id=2872012&use=l&cat=p&typeid=i","cat":316071},{"id":94643,"n":"Brassé végétal Andros Framboise - 400g","p":2.85,"u":"7,13 €/KG","img":"https://fd5-photos.leclercdrive.fr/image.ashx?id=2879089&use=l&cat=p&typeid=i","cat":316071},{"id":94644,"n":"Brassé végétal Andros Ananas - 4x100g","p":2.46,"u":"6,15 €/KG","img":"https://fd5-photos.leclercdrive.fr/image.ashx?id=2283249&use=l&cat=p&typeid=i","cat":316071},{"id":94652,"n":"Jus d'orange Andros sanguine Bio - 75cl","p":3.27,"u":"4,36 €/L","img":"https://fd5-photos.leclercdrive.fr/image.ashx?id=2390179&use=l&cat=p&typeid=i","cat":284521},{"id":94654,"n":"Yaourt bifidus Activia Vanille - 16x125g","p":5.12,"u":"2,56 €/KG","img":"https://fd5-photos.leclercdrive.fr/image.ashx?id=2741775&use=l&cat=p&typeid=i","cat":315000},{"id":94748,"n":"Tartines La Boulangère  Quinoa et graine Bio - 450g","p":3.16,"u":"7,02 €/KG","img":"https://fd5-photos.leclercdrive.fr/image.ashx?id=2912419&use=l&cat=p&typeid=i","cat":284477},{"id":94752,"n":"Pains au chocolat La Boulangère Vegan - x6 - 270g","p":2.66,"u":"9,85 €/KG","img":"https://fd5-photos.leclercdrive.fr/image.ashx?id=2963682&use=l&cat=p&typeid=i","cat":296366},{"id":94801,"n":"Oeufs frais De Nos Régions Élevées au Sol - x12","p":2.71,"u":"0,23 €/P","img":"https://fd5-photos.leclercdrive.fr/image.ashx?id=2969833&use=l&cat=p&typeid=i","cat":284378},{"id":94853,"n":"Oeufs frais plein air Bio Bio village - x4","p":1.9,"u":"0,48 €/P","img":"https://fd5-photos.leclercdrive.fr/image.ashx?id=1520957&use=l&cat=p&typeid=i","cat":284378},{"id":94856,"n":"Oeufs frais plein air Oméga 3 - x20","p":4.55,"u":"0,23 €/P","img":"https://fd5-photos.leclercdrive.fr/image.ashx?id=2969979&use=l&cat=p&typeid=i","cat":284378},{"id":94857,"n":"Oeufs frais plein air Oeufs de Nos Régions - x4","p":0.99,"u":"0,25 €/P","img":"https://fd5-photos.leclercdrive.fr/image.ashx?id=2969964&use=l&cat=p&typeid=i","cat":284378},{"id":94859,"n":"Yaourt à la grecque YAOS  Stracciatella - 4x125g","p":2.21,"u":"4,42 €/KG","img":"https://fd5-photos.leclercdrive.fr/image.ashx?id=2679506&use=l&cat=p&typeid=i","cat":314999},{"id":94860,"n":"Oeufs frais De Nos Régions Élevées au sol - x6","p":1.49,"u":"0,25 €/P","img":"https://fd5-photos.leclercdrive.fr/image.ashx?id=2969821&use=l&cat=p&typeid=i","cat":284378},{"id":94916,"n":"Matière grasse St Hubert Omega 3 - 52% MG - 750g","p":4.78,"u":"6,37 €/KG","img":"https://fd5-photos.leclercdrive.fr/image.ashx?id=2734078&use=l&cat=p&typeid=i","cat":315229},{"id":94919,"n":"Matière grasse St Hubert Omega 3 - 51% MG - 250g","p":2.88,"u":"11,52 €/P","img":"https://fd5-photos.leclercdrive.fr/image.ashx?id=2734111&use=l&cat=p&typeid=i","cat":315229},{"id":95008,"n":"Mini tablettes chocolat Milka Chocolat au lait - 8x25g","p":3.46,"u":"17,30 €/KG","img":"https://fd5-photos.leclercdrive.fr/image.ashx?id=2832419&use=l&cat=p&typeid=i","cat":284497},{"id":95069,"n":"Patchs purifiants Bioré Au charbon - x6","p":4.59,"u":"0,77 €/P","img":"https://fd5-photos.leclercdrive.fr/image.ashx?id=2986819&use=l&cat=p&typeid=i","cat":325346},{"id":95077,"n":"Gel anti-calcaire Calgon  Hygiène Plus - 750ml","p":5.73,"u":"7,64 €/L","img":"https://fd5-photos.leclercdrive.fr/image.ashx?id=2953767&use=l&cat=p&typeid=i","cat":284653},{"id":95112,"n":"Bière Cervoise des Ancêtres BlondeTriple - 8.5% vol. - 75cl","p":3.94,"u":"5,25 €/L","img":"https://fd5-photos.leclercdrive.fr/image.ashx?id=2021244&use=l&cat=p&typeid=i","cat":334872},{"id":95457,"n":"Rôti de porc Label Rouge L'Atelier Charcuterie - 180g","p":3.99,"u":"22,17 €/KG","img":"https://fd5-photos.leclercdrive.fr/image.ashx?id=2979565&use=l&cat=p&typeid=i","cat":316009},{"id":95481,"n":"Gambas royales calibre 8/10 400g","p":9.43,"u":"23,58 €/KG","img":"https://fd5-photos.leclercdrive.fr/image.ashx?id=2620467&use=l&cat=p&typeid=i","cat":319787},{"id":95485,"n":"Haricot vert extra fin cuit Paysan Breton - 750g","p":2.54,"u":"3,39 €/KG","img":"https://fd5-photos.leclercdrive.fr/image.ashx?id=2882421&use=l&cat=p&typeid=i","cat":319805},{"id":95498,"n":"Sorbet Plein fruit L'Angelys Pomme verte - 500g","p":4.28,"u":"8,56 €/KG","img":"https://fd5-photos.leclercdrive.fr/image.ashx?id=1558201&use=l&cat=p&typeid=i","cat":284263},{"id":95505,"n":"Crème glacée L'Angelys Réglisse - 450g","p":4.41,"u":"9,80 €/KG","img":"https://fd5-photos.leclercdrive.fr/image.ashx?id=2963583&use=l&cat=p&typeid=i","cat":284263},{"id":95524,"n":"Essuie-tout bobine Mimosa 500 feuilles","p":3.7,"img":"https://fd5-photos.leclercdrive.fr/image.ashx?id=1523297&use=l&cat=p&typeid=i","cat":284635},{"id":95534,"n":"Saumon fumé Ronde des Mers Ecosse x4T - 140g","p":4.99,"u":"35,64 €/KG","img":"https://fd5-photos.leclercdrive.fr/image.ashx?id=2822750&use=l&cat=p&typeid=i","cat":285188},{"id":95535,"n":"Saumon fumé ASC Ronde des Mers Norvège x4T - 140g","p":4.99,"u":"35,64 €/KG","img":"https://fd5-photos.leclercdrive.fr/image.ashx?id=2832999&use=l&cat=p&typeid=i","cat":285188},{"id":95563,"n":"Crème Fleurette entière Yoplait 30%mg - 38cl","p":1.89,"img":"https://fd5-photos.leclercdrive.fr/image.ashx?id=2733658&use=l&cat=p&typeid=i","cat":284381},{"id":95564,"n":"Crème fraîche légère Yoplait Fleurette 15% mg - 38cl","p":1.75,"u":"4,61 €/L","img":"https://fd5-photos.leclercdrive.fr/image.ashx?id=2733664&use=l&cat=p&typeid=i","cat":284381},{"id":95582,"n":"Papier toilette Mimosa Blanc 2 plis - x6","p":2.95,"u":"0,49 €/P","img":"https://fd5-photos.leclercdrive.fr/image.ashx?id=2777866&use=l&cat=p&typeid=i","cat":284634},{"id":95584,"n":"Dentifrice dentavie Bio Gencives sensibles - 75ml","p":3.28,"u":"43,73 €/L","img":"https://fd5-photos.leclercdrive.fr/image.ashx?id=2494764&use=l&cat=p&typeid=i","cat":284612},{"id":95585,"n":"Déodorant bille bio SoBio Etic Peaux sensibles et épilées-50ml","p":5.27,"u":"105,40 €/L","img":"https://fd5-photos.leclercdrive.fr/image.ashx?id=2740124&use=l&cat=p&typeid=i","cat":284595},{"id":95586,"n":"Eau micellaire bio SoBio Etic Peau sensible aloé véra - 500ml","p":7.17,"u":"14,34 €/L","img":"https://fd5-photos.leclercdrive.fr/image.ashx?id=2801905&use=l&cat=p&typeid=i","cat":284603},{"id":95620,"n":"Steack haché Charal  \"L'authentique\" 5%MG - 280g","p":7.0,"u":"25,00 €/KG","img":"https://fd5-photos.leclercdrive.fr/image.ashx?id=2014412&use=l&cat=p&typeid=i","cat":284332},{"id":95623,"n":"AOP Champagne Brut Demoiselle Vranken - 75cl","p":25.55,"u":"34,07 €/L","img":"https://fd5-photos.leclercdrive.fr/image.ashx?id=2203988&use=l&cat=p&typeid=i","cat":284542},{"id":95704,"n":"Vinaigrette Puget Xeres ail basilic - 330 ml","p":2.8,"u":"8,48 €/L","img":"https://fd5-photos.leclercdrive.fr/image.ashx?id=2939541&use=l&cat=p&typeid=i","cat":284456},{"id":95811,"n":"Mascara Waterproof L'OréalParis Lash Paradise Noir","p":13.49,"img":"https://fd5-photos.leclercdrive.fr/image.ashx?id=2559589&use=l&cat=p&typeid=i","cat":287029},{"id":95815,"n":"Dessert végétal soja alpro Vanille - 500g","p":1.71,"u":"3,42 €/KG","img":"https://fd5-photos.leclercdrive.fr/image.ashx?id=2977672&use=l&cat=p&typeid=i","cat":316071},{"id":95817,"n":"Dessert végétal soja alpro Nature à l'amande - 500g","p":2.0,"u":"4,00 €/KG","img":"https://fd5-photos.leclercdrive.fr/image.ashx?id=2977684&use=l&cat=p&typeid=i","cat":316071},{"id":95819,"n":"Dessert végétal soja alpro Nature à l'avoine - 500g","p":1.87,"u":"3,74 €/KG","img":"https://fd5-photos.leclercdrive.fr/image.ashx?id=2976083&use=l&cat=p&typeid=i","cat":316071},{"id":95945,"n":"Pommes bicolores Panier du Primeur Barquette x6","p":2.49,"u":"0,42 €/P","img":"https://fd5-photos.leclercdrive.fr/image.ashx?id=2553920&use=l&cat=p&typeid=i","cat":284356},{"id":95946,"n":"Pommes vertes Panier du Primeur Barquette x6","p":2.49,"u":"0,42 €/P","img":"https://fd5-photos.leclercdrive.fr/image.ashx?id=2338703&use=l&cat=p&typeid=i","cat":284356},{"id":95973,"n":"Eau minérale naturelle Evian  6x1,5l","p":3.4,"u":"0,38 €/L","img":"https://fd5-photos.leclercdrive.fr/image.ashx?id=2967717&use=l&cat=p&typeid=i","cat":284535},{"id":95974,"n":"Bière blonde Bud 5% - 12x25cl","p":9.2,"u":"3,07 €/L","img":"https://fd5-photos.leclercdrive.fr/image.ashx?id=2995406&use=l&cat=p&typeid=i","cat":334873},{"id":95975,"n":"Liquide vaisselle Visior Pomme poire - 750ml","p":1.19,"u":"1,59 €/L","img":"https://fd5-photos.leclercdrive.fr/image.ashx?id=2872718&use=l&cat=p&typeid=i","cat":284655},{"id":95976,"n":"Liquide vaisselle Visior Fruit rouge & Fleur - 750ml","p":1.19,"u":"1,59 €/L","img":"https://fd5-photos.leclercdrive.fr/image.ashx?id=2724586&use=l&cat=p&typeid=i","cat":284655},{"id":95977,"n":"Liquide vaisselle Visior Amande Calendula - 750ml","p":1.26,"u":"1,68 €/L","img":"https://fd5-photos.leclercdrive.fr/image.ashx?id=2872721&use=l&cat=p&typeid=i","cat":284655},{"id":95978,"n":"Liquide vaisselle Visior Pamplemousse vinaigre - 750ml","p":1.3,"u":"1,73 €/L","img":"https://fd5-photos.leclercdrive.fr/image.ashx?id=2898859&use=l&cat=p&typeid=i","cat":284655},{"id":95979,"n":"Gel douche Manava Orchidée Camélia - 250ml","p":1.15,"u":"4,60 €/L","img":"https://fd5-photos.leclercdrive.fr/image.ashx?id=2805033&use=l&cat=p&typeid=i","cat":284594},{"id":96036,"n":"Yaourts Brassés bio Les 300&Bio Mangue ananas - 4x125g","p":1.61,"u":"3,35 €/P","img":"https://fd5-photos.leclercdrive.fr/image.ashx?id=2501448&use=l&cat=p&typeid=i","cat":284410},{"id":96057,"n":"Café grains Méo Espresso - 1kg","p":16.5,"u":"16,50 €/KG","img":"https://fd5-photos.leclercdrive.fr/image.ashx?id=2593977&use=l&cat=p&typeid=i","cat":293237},{"id":96060,"n":"Chili con carné Bio Village Bio - 300g","p":3.49,"u":"11,63 €/KG","img":"https://fd5-photos.leclercdrive.fr/image.ashx?id=2437199&use=l&cat=p&typeid=i","cat":284953},{"id":96089,"n":"Gel douche Manava Citron basilic - 250ml","p":1.15,"u":"4,60 €/L","img":"https://fd5-photos.leclercdrive.fr/image.ashx?id=2626823&use=l&cat=p&typeid=i","cat":284594},{"id":96091,"n":"Gel douche Manava Concombre aloe vera - 250ml","p":1.18,"u":"4,72 €/L","img":"https://fd5-photos.leclercdrive.fr/image.ashx?id=2626826&use=l&cat=p&typeid=i","cat":284594},{"id":96094,"n":"Gel douche Manava Mangue Acai - 250ml","p":1.15,"u":"4,60 €/L","img":"https://fd5-photos.leclercdrive.fr/image.ashx?id=2805036&use=l&cat=p&typeid=i","cat":284594},{"id":96095,"n":"Gel douche Manava Envolée de pétales - 250ml","p":1.15,"u":"4,60 €/L","img":"https://fd5-photos.leclercdrive.fr/image.ashx?id=1980232&use=l&cat=p&typeid=i","cat":284594},{"id":96096,"n":"Gel douche Manava Crumble fruits rouges - 250ml","p":1.29,"u":"5,16 €/L","img":"https://fd5-photos.leclercdrive.fr/image.ashx?id=2486464&use=l&cat=p&typeid=i","cat":284594},{"id":96097,"n":"Gel douche Manava Noisettes caramel - 250ml","p":1.3,"u":"5,20 €/L","img":"https://fd5-photos.leclercdrive.fr/image.ashx?id=2805039&use=l&cat=p&typeid=i","cat":284594},{"id":96131,"n":"Soda Eco+ Gout orange - 1.5L","p":0.37,"u":"0,25 €/L","img":"https://fd5-photos.leclercdrive.fr/image.ashx?id=2741595&use=l&cat=p&typeid=i","cat":284532},{"id":96251,"n":"Kiwi rouge Barquette x4","p":6.83,"u":"1,71 €/P","img":"https://fd5-photos.leclercdrive.fr/image.ashx?id=1526255&use=l&cat=p&typeid=i","cat":284356},{"id":96284,"n":"Pois chiches - 3x130g","p":1.65,"u":"4,23 €/KG","img":"https://fd5-photos.leclercdrive.fr/image.ashx?id=3002626&use=l&cat=p&typeid=i","cat":312609},{"id":96287,"n":"Café San Marco Grains n°7 - 500g","p":10.57,"u":"21,14 €/KG","img":"https://fd5-photos.leclercdrive.fr/image.ashx?id=2322163&use=l&cat=p&typeid=i","cat":293237},{"id":96288,"n":"Donuts noisette Curly  100g","p":1.07,"u":"10,70 €/KG","img":"https://fd5-photos.leclercdrive.fr/image.ashx?id=2859398&use=l&cat=p&typeid=i","cat":284449},{"id":96289,"n":"Biscuit apéritif ancel Sticks Bretzels Original - 300g","p":1.65,"u":"5,50 €/KG","img":"https://fd5-photos.leclercdrive.fr/image.ashx?id=2841196&use=l&cat=p&typeid=i","cat":297000},{"id":96291,"n":"Mini Brioche Burger x10 - 200g","p":2.26,"u":"11,30 €/KG","img":"https://fd5-photos.leclercdrive.fr/image.ashx?id=2735284&use=l&cat=p&typeid=i","cat":325067},{"id":96397,"n":"Compote Cool pomme Vitabio Bio - 12x90g","p":7.85,"u":"7,27 €/KG","img":"https://fd5-photos.leclercdrive.fr/image.ashx?id=2621393&use=l&cat=p&typeid=i","cat":284508},{"id":96398,"n":"Compote Cool pomme banane bio Vitabio - 12x90g","p":6.78,"u":"6,28 €/KG","img":"https://fd5-photos.leclercdrive.fr/image.ashx?id=2621420&use=l&cat=p&typeid=i","cat":284508},{"id":96601,"n":"Dosettes Café Carte Noire  Arabica Espresso n°8 x60 - 420g","p":8.87,"u":"21,12 €/KG","img":"https://fd5-photos.leclercdrive.fr/image.ashx?id=2922188&use=l&cat=p&typeid=i","cat":293238},{"id":96770,"n":"Eau minérale gazeuse Quézac  6x50cl","p":2.52,"u":"0,84 €/L","img":"https://fd5-photos.leclercdrive.fr/image.ashx?id=2884618&use=l&cat=p&typeid=i","cat":284536},{"id":96777,"n":"Crème mains Inell Hydratante - 100ml","p":1.35,"u":"13,50 €/L","img":"https://fd5-photos.leclercdrive.fr/image.ashx?id=2515688&use=l&cat=p&typeid=i","cat":325354},{"id":96832,"n":"Mini viennoiseries Epi d'Or x12 - 372g","p":4.23,"u":"11,37 €/KG","img":"https://fd5-photos.leclercdrive.fr/image.ashx?id=1879302&use=l&cat=p&typeid=i","cat":288858},{"id":96883,"n":"Combustible pétrole Ptx Inodore - 20L","p":39.99,"u":"2,00 €/L","img":"https://fd5-photos.leclercdrive.fr/image.ashx?id=2534114&use=l&cat=p&typeid=i","cat":300577},{"id":96895,"n":"Emmental français Entremont Râpé - 4x50g","p":2.83,"u":"14,15 €/KG","img":"https://fd5-photos.leclercdrive.fr/image.ashx?id=2965972&use=l&cat=p&typeid=i","cat":314035},{"id":96920,"n":"Câbles de démarrage TECH9 25mm2","p":19.9,"img":"https://fd5-photos.leclercdrive.fr/image.ashx?id=2162561&use=l&cat=p&typeid=i","cat":298252},{"id":96923,"n":"Câbles de démarrage TECH9 35mm2","p":34.95,"img":"https://fd5-photos.leclercdrive.fr/image.ashx?id=2162564&use=l&cat=p&typeid=i","cat":298252},{"id":96932,"n":"Saumon fumé Rondes des Mers ASC Norvège x2T - 75g","p":3.95,"u":"52,67 €/KG","img":"https://fd5-photos.leclercdrive.fr/image.ashx?id=3004639&use=l&cat=p&typeid=i","cat":285188},{"id":96934,"n":"Saumon fumé Bio Bio Village Atlantique x2T - 65g","p":3.6,"u":"55,38 €/KG","img":"https://fd5-photos.leclercdrive.fr/image.ashx?id=2839589&use=l&cat=p&typeid=i","cat":285188},{"id":96935,"n":"Saumon fumé Ronde des Mers Ecosse x2T - 75g","p":3.99,"u":"53,20 €/KG","img":"https://fd5-photos.leclercdrive.fr/image.ashx?id=2823093&use=l&cat=p&typeid=i","cat":285188},{"id":96936,"n":"Saumon fumé Ronde des Mers Ecosse x6T - 200g","p":8.2,"u":"41,00 €/KG","img":"https://fd5-photos.leclercdrive.fr/image.ashx?id=2823096&use=l&cat=p&typeid=i","cat":285188},{"id":96937,"n":"Saumon fumé Eco+ Norvège - 200g","p":4.65,"u":"23,25 €/KG","img":"https://fd5-photos.leclercdrive.fr/image.ashx?id=2794823&use=l&cat=p&typeid=i","cat":285188},{"id":96938,"n":"Saumon fumé Ronde des Mers ASC Norvège x6T - 210g","p":8.5,"u":"40,48 €/KG","img":"https://fd5-photos.leclercdrive.fr/image.ashx?id=2833132&use=l&cat=p&typeid=i","cat":285188},{"id":96946,"n":"Houmous Bio Bio Village 160g","p":2.5,"u":"15,63 €/KG","img":"https://fd5-photos.leclercdrive.fr/image.ashx?id=1921643&use=l&cat=p&typeid=i","cat":315999},{"id":96948,"n":"Tarama Gourmet 175g","p":1.99,"u":"11,37 €/KG","img":"https://fd5-photos.leclercdrive.fr/image.ashx?id=2885131&use=l&cat=p&typeid=i","cat":315999},{"id":96959,"n":"Pains au chocolat Epi d'Or x6 - 450g","p":2.95,"u":"6,56 €/KG","img":"https://fd5-photos.leclercdrive.fr/image.ashx?id=1983598&use=l&cat=p&typeid=i","cat":284267},{"id":96966,"n":"Chipolatas Eco+ x6 - 330g","p":2.5,"u":"7,58 €/KG","img":"https://fd5-photos.leclercdrive.fr/image.ashx?id=2580499&use=l&cat=p&typeid=i","cat":284334},{"id":96970,"n":"Feuilletés Epinards Chèvre Côté Table - 2x150g","p":3.09,"u":"10,30 €/KG","img":"https://fd5-photos.leclercdrive.fr/image.ashx?id=2846523&use=l&cat=p&typeid=i","cat":333671},{"id":97033,"n":"Gel Bain douche Manava Fleur de cerisier - 500ml","p":1.88,"u":"3,76 €/L","img":"https://fd5-photos.leclercdrive.fr/image.ashx?id=2618356&use=l&cat=p&typeid=i","cat":284594},{"id":97045,"n":"Thon entier Petit Navire Au naturel - 2x93g","p":3.02,"u":"16,24 €/KG","img":"https://fd5-photos.leclercdrive.fr/image.ashx?id=2961837&use=l&cat=p&typeid=i","cat":303867},{"id":97060,"n":"Tagada Haribo Sachet bonbons - 400g","p":1.69,"u":"4,23 €/KG","img":"https://fd5-photos.leclercdrive.fr/image.ashx?id=2801854&use=l&cat=p&typeid=i","cat":304250},{"id":97170,"n":"Mini ruban correcteur Esquisse x6","p":3.95,"u":"0,66 €/P","img":"https://fd5-photos.leclercdrive.fr/image.ashx?id=2943262&use=l&cat=p&typeid=i","cat":334133},{"id":97286,"n":"Crayons de couleurs Esquisse Bicolores - x12","p":1.65,"u":"0,14 €/P","img":"https://fd5-photos.leclercdrive.fr/image.ashx?id=1678787&use=l&cat=p&typeid=i","cat":284696},{"id":97287,"n":"Feutres de coloriage Esquisse Lavables Pointe large - x12","p":1.79,"u":"0,15 €/P","img":"https://fd5-photos.leclercdrive.fr/image.ashx?id=1698631&use=l&cat=p&typeid=i","cat":284696},{"id":97348,"n":"Crayons de couleur Eco+ Pochette de 18","p":0.53,"u":"0,03 €/P","img":"https://fd5-photos.leclercdrive.fr/image.ashx?id=1678664&use=l&cat=p&typeid=i","cat":284696},{"id":97359,"n":"Gyoza crevettes Ajinomoto Avec sauce soja  - 212g","p":4.35,"u":"20,52 €/KG","img":"https://fd5-photos.leclercdrive.fr/image.ashx?id=2590279&use=l&cat=p&typeid=i","cat":319774},{"id":97360,"n":"Gyoza Ajinomoto Poulet & légumes - 212g","p":4.64,"u":"21,89 €/KG","img":"https://fd5-photos.leclercdrive.fr/image.ashx?id=2590327&use=l&cat=p&typeid=i","cat":319774},{"id":97362,"n":"Gyoza Ajinomoto Légumes avec sauce soja - 212g","p":3.49,"u":"16,46 €/KG","img":"https://fd5-photos.leclercdrive.fr/image.ashx?id=2590330&use=l&cat=p&typeid=i","cat":319774},{"id":97516,"n":"Feuilles simples perforées Eco+ 17x22cm - x200","p":1.25,"img":"https://fd5-photos.leclercdrive.fr/image.ashx?id=1698502&use=l&cat=p&typeid=i","cat":284697},{"id":97628,"n":"Kiwi rouge Barquette x3","p":4.99,"u":"1,66 €/P","img":"https://fd5-photos.leclercdrive.fr/image.ashx?id=1526255&use=l&cat=p&typeid=i","cat":284356},{"id":97660,"n":"Céréales Jordans Country Crisp Chocolat Noir 70% - 850g","p":5.8,"u":"6,82 €/KG","img":"https://fd5-photos.leclercdrive.fr/image.ashx?id=2940336&use=l&cat=p&typeid=i","cat":309512},{"id":97662,"n":"Thé vert Twinings Menthe x25 - 38g","p":2.71,"u":"71,32 €/KG","img":"https://fd5-photos.leclercdrive.fr/image.ashx?id=2906763&use=l&cat=p&typeid=i","cat":293233},{"id":97667,"n":"Thé russian Twinings Earl grey x20 - 30g","p":2.35,"u":"78,33 €/KG","img":"https://fd5-photos.leclercdrive.fr/image.ashx?id=2878306&use=l&cat=p&typeid=i","cat":293233},{"id":97671,"n":"Thé russian Earl Grey Twinings 150g","p":7.18,"u":"47,87 €/KG","img":"https://fd5-photos.leclercdrive.fr/image.ashx?id=2950729&use=l&cat=p&typeid=i","cat":293233},{"id":97673,"n":"Thé Darjeeling Twinings Sachet - x25 - 50g","p":2.73,"u":"54,60 €/KG","img":"https://fd5-photos.leclercdrive.fr/image.ashx?id=2922116&use=l&cat=p&typeid=i","cat":293233},{"id":97677,"n":"Thé Twinings English breakfast x25 - 40g","p":3.09,"u":"77,25 €/KG","img":"https://fd5-photos.leclercdrive.fr/image.ashx?id=2893027&use=l&cat=p&typeid=i","cat":293233},{"id":97678,"n":"Céréales Jordans Country Crisp 4 Baies - 550g","p":3.51,"u":"6,38 €/KG","img":"https://fd5-photos.leclercdrive.fr/image.ashx?id=2997205&use=l&cat=p&typeid=i","cat":309512},{"id":97680,"n":"Céréales Jordans Country Crisp Chocolat au Lait - 550g","p":3.79,"u":"6,89 €/KG","img":"https://fd5-photos.leclercdrive.fr/image.ashx?id=2981304&use=l&cat=p&typeid=i","cat":309512},{"id":97713,"n":"Soda Tonic Sprink's 6x33cl","p":2.49,"u":"1,26 €/L","img":"https://fd5-photos.leclercdrive.fr/image.ashx?id=2956768&use=l&cat=p&typeid=i","cat":284531},{"id":97945,"n":"Cumin torrifié Ducros 50g","p":3.12,"u":"62,40 €/KG","img":"https://fd5-photos.leclercdrive.fr/image.ashx?id=2383634&use=l&cat=p&typeid=i","cat":298297},{"id":98098,"n":"Liquide vaisselle Visior Antiodeur - 500ml","p":0.64,"u":"1,28 €/L","img":"https://fd5-photos.leclercdrive.fr/image.ashx?id=2951122&use=l&cat=p&typeid=i","cat":284655},{"id":98103,"n":"Chèvres chauds Soignon x8 - 200g","p":3.74,"u":"18,70 €/KG","img":"https://fd5-photos.leclercdrive.fr/image.ashx?id=2680710&use=l&cat=p&typeid=i","cat":314027},{"id":98114,"n":"Serviettes Doulys Normal+ Teenage - x14","p":1.29,"u":"0,09 €/P","img":"https://fd5-photos.leclercdrive.fr/image.ashx?id=2839938&use=l&cat=p&typeid=i","cat":284624},{"id":98145,"n":"Orange à jus bio Bio Village Sachet 1kg","p":2.89,"u":"2,89 €/KG","img":"https://fd5-photos.leclercdrive.fr/image.ashx?id=2566874&use=l&cat=p&typeid=i","cat":284356},{"id":98202,"n":"Vin rosé Domaine Calviani Domaine Antoine Poli","p":11.24,"u":"14,99 €/L","img":"https://fd5-photos.leclercdrive.fr/image.ashx?id=2059411&use=l&cat=p&typeid=i","cat":289558},{"id":98214,"n":"AOP Corse Vin rouge Bio Clos Calviani - 75cl","p":11.89,"u":"15,85 €/L","img":"https://fd5-photos.leclercdrive.fr/image.ashx?id=2059405&use=l&cat=p&typeid=i","cat":289556},{"id":98215,"n":"Vin rosé Clos Calviani Domaine Antoine Poli","p":11.89,"u":"15,85 €/L","img":"https://fd5-photos.leclercdrive.fr/image.ashx?id=2059414&use=l&cat=p&typeid=i","cat":289558},{"id":98216,"n":"Vin blanc Clos Calviani Bio Domaine Antoine Poli 75cl","p":11.89,"u":"15,85 €/L","img":"https://fd5-photos.leclercdrive.fr/image.ashx?id=2059426&use=l&cat=p&typeid=i","cat":289557},{"id":98251,"n":"Liquide Vaisselle Brillance  VISIOR - 500ml","p":0.64,"u":"1,28 €/L","img":"https://fd5-photos.leclercdrive.fr/image.ashx?id=2951125&use=l&cat=p&typeid=i","cat":284655},{"id":98252,"n":"Liquide vaisselle Visior Antibactérien - 500ml","p":0.64,"u":"1,28 €/L","img":"https://fd5-photos.leclercdrive.fr/image.ashx?id=2951131&use=l&cat=p&typeid=i","cat":284655},{"id":98253,"n":"Liquide vaisselle Visior Désincrustant sel - 500ml","p":0.64,"u":"1,28 €/L","img":"https://fd5-photos.leclercdrive.fr/image.ashx?id=2951128&use=l&cat=p&typeid=i","cat":284655},{"id":98343,"n":"AOP Miel du Campulori Corse 250g","p":9.63,"u":"38,52 €/KG","img":"https://fd5-photos.leclercdrive.fr/image.ashx?id=1877366&use=l&cat=p&typeid=i","cat":287643},{"id":98387,"n":"Recharge mèche TECH9 Anti-tabac","p":4.5,"img":"https://fd5-photos.leclercdrive.fr/image.ashx?id=1544985&use=l&cat=p&typeid=i","cat":298252},{"id":98392,"n":"Désodorisant Stick TECH9 Bubble Gum - x4","p":2.5,"u":"0,63 €/P","img":"https://fd5-photos.leclercdrive.fr/image.ashx?id=1545003&use=l&cat=p&typeid=i","cat":298252},{"id":98417,"n":"Liquide vaisselle floral Visior 500ml","p":0.64,"u":"1,28 €/L","img":"https://fd5-photos.leclercdrive.fr/image.ashx?id=2951134&use=l&cat=p&typeid=i","cat":284655},{"id":98422,"n":"Pavés de Saumon Bio Bio Village 200g","p":8.59,"u":"42,95 €/KG","img":"https://fd5-photos.leclercdrive.fr/image.ashx?id=2934802&use=l&cat=p&typeid=i","cat":319786},{"id":98429,"n":"Petits pains précuits Epi d'Or 4x75g","p":1.57,"u":"5,23 €/KG","img":"https://fd5-photos.leclercdrive.fr/image.ashx?id=2956966&use=l&cat=p&typeid=i","cat":325069},{"id":98437,"n":"Chorizo fort Eco+ 250g","p":1.63,"u":"6,52 €/KG","img":"https://fd5-photos.leclercdrive.fr/image.ashx?id=2694079&use=l&cat=p&typeid=i","cat":316006},{"id":98440,"n":"Rôti de porc Fleury Michon -25% sel sans nitrite x4 - 160g","p":3.28,"u":"20,50 €/KG","img":"https://fd5-photos.leclercdrive.fr/image.ashx?id=2334569&use=l&cat=p&typeid=i","cat":316009},{"id":98443,"n":"Soda Coca-Cola Original Bouteille - Pack 6x1L","p":11.42,"u":"1,90 €/L","img":"https://fd5-photos.leclercdrive.fr/image.ashx?id=2830897&use=l&cat=p&typeid=i","cat":284530},{"id":98468,"n":"Yaourt à la grecque Délisse Vanille - 8x125g","p":3.59,"u":"3,59 €/KG","img":"https://fd5-photos.leclercdrive.fr/image.ashx?id=2699738&use=l&cat=p&typeid=i","cat":314999},{"id":98475,"n":"Blé soja haricots Céréal Bio  Façon Chili bio -220g","p":2.14,"u":"9,73 €/KG","img":"https://fd5-photos.leclercdrive.fr/image.ashx?id=2575096&use=l&cat=p&typeid=i","cat":287600},{"id":98499,"n":"Saumon fumé Petit Navire Ecosse - 4 tranches - 120g","p":5.83,"u":"48,58 €/KG","img":"https://fd5-photos.leclercdrive.fr/image.ashx?id=2950474&use=l&cat=p&typeid=i","cat":285188},{"id":98564,"n":"Foie gras de canard mi-cuit en terrine - 200g","p":15.97,"pp":10.54,"u":"52,70 €/KG","img":"https://fd5-photos.leclercdrive.fr/image.ashx?id=2631159&use=l&cat=p&typeid=i","cat":316008},{"id":98628,"n":"Comté AOP Juraflore Cave Bio - 200g","p":4.21,"u":"21,05 €/KG","img":"https://fd5-photos.leclercdrive.fr/image.ashx?id=2165482&use=l&cat=p&typeid=i","cat":314036},{"id":98630,"n":"Compotes Douceur du Verger Panachées - x16","p":4.11,"u":"0,26 €/P","img":"https://fd5-photos.leclercdrive.fr/image.ashx?id=1693241&use=l&cat=p&typeid=i","cat":284416},{"id":98693,"n":"Masque Pieds Très Hydratant Huile de noix de coco - 1 paire","p":3.18,"img":"https://fd5-photos.leclercdrive.fr/image.ashx?id=3011011&use=l&cat=p&typeid=i","cat":325354},{"id":98717,"n":"Crème Fraîche Elle&Vire Fleurette Entière -31% MG- 33cl","p":2.01,"u":"6,09 €/L","img":"https://fd5-photos.leclercdrive.fr/image.ashx?id=2992095&use=l&cat=p&typeid=i","cat":284381},{"id":98746,"n":"Mousse Maronsui's La Laitière Crème de marrons - 4x68,8g","p":1.66,"u":"6,04 €/KG","img":"https://fd5-photos.leclercdrive.fr/image.ashx?id=2729755&use=l&cat=p&typeid=i","cat":284417},{"id":98807,"n":"Purée fruit bébé Blédina 6 mois Pomme cerise vanille - 4x100g","p":1.74,"u":"4,35 €/KG","img":"https://fd5-photos.leclercdrive.fr/image.ashx?id=2983024&use=l&cat=p&typeid=i","cat":312388},{"id":98809,"n":"Cornichons Maille Pasteurisés fin - 300g","p":3.01,"u":"10,03 €/KG","img":"https://fd5-photos.leclercdrive.fr/image.ashx?id=2082579&use=l&cat=p&typeid=i","cat":284458},{"id":98811,"n":"Comprimé antibactérien Polident x36","p":2.28,"u":"0,06 €/P","img":"https://fd5-photos.leclercdrive.fr/image.ashx?id=2303843&use=l&cat=p&typeid=i","cat":285158},{"id":98813,"n":"Dentifrice Parodontax Soin blancheur - 75ml","p":4.03,"u":"53,73 €/L","img":"https://fd5-photos.leclercdrive.fr/image.ashx?id=2606391&use=l&cat=p&typeid=i","cat":284612},{"id":98814,"n":"Dentifrice Parodontax Soin quotidien - 75ml","p":4.04,"u":"53,87 €/L","img":"https://fd5-photos.leclercdrive.fr/image.ashx?id=2606394&use=l&cat=p&typeid=i","cat":284612},{"id":98822,"n":"Purée fruit bébé Blédina 6 mois Pomme kiwi ananas - 4x100g","p":1.76,"u":"4,40 €/KG","img":"https://fd5-photos.leclercdrive.fr/image.ashx?id=2983030&use=l&cat=p&typeid=i","cat":312388},{"id":98828,"n":"Purée fruit bébé Blédina 6 mois Pomme poire mandarine - 4x100g","p":1.76,"u":"4,40 €/KG","img":"https://fd5-photos.leclercdrive.fr/image.ashx?id=2983033&use=l&cat=p&typeid=i","cat":312388},{"id":98831,"n":"Purée fruit bébé Blédina 6 mois Harmonie de fruits - 4x100g","p":1.76,"u":"4,40 €/KG","img":"https://fd5-photos.leclercdrive.fr/image.ashx?id=2983036&use=l&cat=p&typeid=i","cat":312388},{"id":98875,"n":"Thé glacé Fuze Tea  Pêche Hibiscus - 1,25L","p":1.62,"u":"1,30 €/L","img":"https://fd5-photos.leclercdrive.fr/image.ashx?id=2940393&use=l&cat=p&typeid=i","cat":295019},{"id":98888,"n":"AOP Chablis blanc La Chablisienne - 75 cl","p":11.18,"u":"14,91 €/L","img":"https://fd5-photos.leclercdrive.fr/image.ashx?id=2107009&use=l&cat=p&typeid=i","cat":289557},{"id":98899,"n":"Pétillant Cava Revesco brut Espagne - 75cl","p":4.57,"u":"6,09 €/L","img":"https://fd5-photos.leclercdrive.fr/image.ashx?id=2019834&use=l&cat=p&typeid=i","cat":289461},{"id":98911,"n":"IGP Pays d'Oc rouge Roche Mazet Les Accords -75cl","p":4.04,"u":"5,39 €/L","img":"https://fd5-photos.leclercdrive.fr/image.ashx?id=2748284&use=l&cat=p&typeid=i","cat":289556},{"id":98912,"n":"IGP Pays d'Oc rosé Roche Mazet Les Accords -75cl","p":3.67,"u":"4,89 €/L","img":"https://fd5-photos.leclercdrive.fr/image.ashx?id=2748290&use=l&cat=p&typeid=i","cat":289558},{"id":98933,"n":"AOP Ecrasé de pdt Florette Beurre - 2x200g","p":2.8,"u":"7,00 €/KG","img":"https://fd5-photos.leclercdrive.fr/image.ashx?id=2767699&use=l&cat=p&typeid=i","cat":333665},{"id":98938,"n":"IGP Pays d'Oc blanc Roche Mazet Les Accords - 75cl","p":3.79,"u":"5,05 €/L","img":"https://fd5-photos.leclercdrive.fr/image.ashx?id=2748287&use=l&cat=p&typeid=i","cat":289557},{"id":99045,"n":"Ravioli bio au blé complet Rana Épinards, Ricotta - 250g","p":3.32,"u":"13,28 €/KG","img":"https://fd5-photos.leclercdrive.fr/image.ashx?id=2439878&use=l&cat=p&typeid=i","cat":333682},{"id":99122,"n":"Râpé 3 saveurs Président 350g","p":5.42,"u":"15,49 €/KG","img":"https://fd5-photos.leclercdrive.fr/image.ashx?id=2489467&use=l&cat=p&typeid=i","cat":314035},{"id":99216,"n":"Beurre Elle&Vire Condé sur Vire Doux - 82% MG - 250g","p":2.71,"u":"10,84 €/KG","img":"https://fd5-photos.leclercdrive.fr/image.ashx?id=2811131&use=l&cat=p&typeid=i","cat":284379},{"id":99248,"n":"Bouillon Kub Or Maggi 32 cubes - 128g","p":1.36,"u":"10,63 €/KG","img":"https://fd5-photos.leclercdrive.fr/image.ashx?id=2692737&use=l&cat=p&typeid=i","cat":288379},{"id":99341,"n":"Pâte à tartiner Nucellina Chocolat noisette - 215g","p":5.94,"u":"27,63 €/KG","img":"https://fd5-photos.leclercdrive.fr/image.ashx?id=2789113&use=l&cat=p&typeid=i","cat":284481},{"id":99342,"n":"Pâte à tartiner Nucellina Chocolat noisette intense 215g","p":6.82,"u":"31,72 €/KG","img":"https://fd5-photos.leclercdrive.fr/image.ashx?id=2864777&use=l&cat=p&typeid=i","cat":284481},{"id":99416,"n":"Gel corps et cheveux Love&Green Bio - 500ml","p":5.68,"u":"11,36 €/L","img":"https://fd5-photos.leclercdrive.fr/image.ashx?id=2735713&use=l&cat=p&typeid=i","cat":284741},{"id":99417,"n":"Lait nettoyant Love & Green Bio Sans parfum - 500ml","p":6.07,"u":"12,14 €/L","img":"https://fd5-photos.leclercdrive.fr/image.ashx?id=2696016&use=l&cat=p&typeid=i","cat":284741},{"id":99418,"n":"Eau nettoyante Love & Green Bio sans parfum - 500ml","p":5.52,"u":"11,04 €/L","img":"https://fd5-photos.leclercdrive.fr/image.ashx?id=2696019&use=l&cat=p&typeid=i","cat":284741},{"id":99423,"n":"Pâtes Reggia Malfade - 500g","p":2.57,"u":"5,14 €/KG","img":"https://fd5-photos.leclercdrive.fr/image.ashx?id=1645367&use=l&cat=p&typeid=i","cat":284427},{"id":99424,"n":"Pâtes Reggia Fusillone Napoletano - 500g","p":3.39,"u":"6,78 €/KG","img":"https://fd5-photos.leclercdrive.fr/image.ashx?id=1915323&use=l&cat=p&typeid=i","cat":284427},{"id":99425,"n":"Pâtes Reggia Penne rigate - 500g","p":2.32,"u":"4,64 €/KG","img":"https://fd5-photos.leclercdrive.fr/image.ashx?id=1901536&use=l&cat=p&typeid=i","cat":284427},{"id":99426,"n":"Pâtes Reggia Gnocco Sardo - 500g","p":2.68,"u":"5,36 €/KG","img":"https://fd5-photos.leclercdrive.fr/image.ashx?id=1645361&use=l&cat=p&typeid=i","cat":284427},{"id":99427,"n":"Pasta Toscana Bio Farfalle n°201 - 500g","p":4.64,"u":"9,28 €/KG","img":"https://fd5-photos.leclercdrive.fr/image.ashx?id=1645813&use=l&cat=p&typeid=i","cat":284427},{"id":99494,"n":"Huile d'olive A Paesana Extra vierge - 50cl","p":7.21,"u":"14,42 €/L","img":"https://fd5-photos.leclercdrive.fr/image.ashx?id=2895852&use=l&cat=p&typeid=i","cat":284453},{"id":99496,"n":"Anchoïade traditionnelle A Paesana - 190g","p":7.95,"u":"41,84 €/KG","img":"https://fd5-photos.leclercdrive.fr/image.ashx?id=2323574&use=l&cat=p&typeid=i","cat":318430},{"id":99497,"n":"Caviar de tomates séchées A Paesana - 180g","p":5.12,"u":"28,44 €/KG","img":"https://fd5-photos.leclercdrive.fr/image.ashx?id=2022681&use=l&cat=p&typeid=i","cat":318430},{"id":99502,"n":"Calmars à l'encre L'origine du goût - 115g","p":4.6,"u":"40,00 €/KG","img":"https://fd5-photos.leclercdrive.fr/image.ashx?id=1670012&use=l&cat=p&typeid=i","cat":285340},{"id":99526,"n":"Dentifrice Soin Sanogyl Essence Blancheur - 2x75ml","p":6.02,"u":"40,13 €/L","img":"https://fd5-photos.leclercdrive.fr/image.ashx?id=2335631&use=l&cat=p&typeid=i","cat":284612},{"id":99545,"n":"Mogettes bio Bio VIllage 215g","p":1.73,"u":"8,05 €/KG","img":"https://fd5-photos.leclercdrive.fr/image.ashx?id=3002680&use=l&cat=p&typeid=i","cat":312606},{"id":99547,"n":"Haricots rouge Bio Village Bio - 205g","p":2.31,"u":"11,27 €/KG","img":"https://fd5-photos.leclercdrive.fr/image.ashx?id=1947761&use=l&cat=p&typeid=i","cat":312606},{"id":99553,"n":"Pois chiche Bio VIllage Bio - 215g","p":2.1,"u":"9,77 €/KG","img":"https://fd5-photos.leclercdrive.fr/image.ashx?id=3002683&use=l&cat=p&typeid=i","cat":312609},{"id":99555,"n":"Lentilles Bio Village Bio - 215g","p":2.04,"u":"9,49 €/KG","img":"https://fd5-photos.leclercdrive.fr/image.ashx?id=3002677&use=l&cat=p&typeid=i","cat":312609},{"id":99562,"n":"Haricots verts Eco  Très fins - 440g","p":1.02,"u":"2,32 €/KG","img":"https://fd5-photos.leclercdrive.fr/image.ashx?id=3003723&use=l&cat=p&typeid=i","cat":312606},{"id":99564,"n":"Haricots Blancs à la tomate 800g","p":1.0,"u":"1,89 €/KG","img":"https://fd5-photos.leclercdrive.fr/image.ashx?id=3003735&use=l&cat=p&typeid=i","cat":312606},{"id":99570,"n":"Ratatouille Eco+ 750g","p":1.08,"u":"1,44 €/KG","img":"https://fd5-photos.leclercdrive.fr/image.ashx?id=2703446&use=l&cat=p&typeid=i","cat":312612},{"id":99574,"n":"Poêlée savoyarde  900g","p":4.06,"u":"4,51 €/KG","img":"https://fd5-photos.leclercdrive.fr/image.ashx?id=2478931&use=l&cat=p&typeid=i","cat":319823},{"id":99587,"n":"Spécialité au soja Nat&Vie Pistache - 4x100g","p":1.41,"u":"3,53 €/KG","img":"https://fd5-photos.leclercdrive.fr/image.ashx?id=2901473&use=l&cat=p&typeid=i","cat":316071},{"id":99702,"n":"Dentifrice Sensodyne Blancheur multiprotect - 2x75ml","p":6.71,"u":"44,73 €/L","img":"https://fd5-photos.leclercdrive.fr/image.ashx?id=2833285&use=l&cat=p&typeid=i","cat":284612},{"id":99703,"n":"Eau micellaire Diadermine Hydratant - 400ml","p":4.26,"u":"10,65 €/L","img":"https://fd5-photos.leclercdrive.fr/image.ashx?id=2549624&use=l&cat=p&typeid=i","cat":284603},{"id":99734,"n":"Capsules café L'Or Espresso Or Absolu N°9 x20","p":6.76,"u":"65,00 €/KG","img":"https://fd5-photos.leclercdrive.fr/image.ashx?id=2859971&use=l&cat=p&typeid=i","cat":284749},{"id":99758,"n":"Complément alimentaire Biosens Kilos tenaces bio - 500ml","p":8.97,"u":"17,94 €/L","img":"https://fd5-photos.leclercdrive.fr/image.ashx?id=2925409&use=l&cat=p&typeid=i","cat":284632},{"id":99761,"n":"Complément alimentaire Biosens Express draineur bio - 500ml","p":6.89,"u":"13,78 €/L","img":"https://fd5-photos.leclercdrive.fr/image.ashx?id=2963196&use=l&cat=p&typeid=i","cat":284632},{"id":99762,"n":"Complément alimentaire Biosens Bio Perte de poids - 28g","p":5.28,"u":"188,57 €/KG","img":"https://fd5-photos.leclercdrive.fr/image.ashx?id=2190590&use=l&cat=p&typeid=i","cat":284632},{"id":99774,"n":"Biscuits sablés Granola Chocolat noir - 195g","p":1.77,"u":"9,08 €/KG","img":"https://fd5-photos.leclercdrive.fr/image.ashx?id=2982979&use=l&cat=p&typeid=i","cat":284488},{"id":99788,"n":"Capsules café L'Or Espresso Lungo Profondo N°8 x20","p":6.38,"u":"61,35 €/KG","img":"https://fd5-photos.leclercdrive.fr/image.ashx?id=3005796&use=l&cat=p&typeid=i","cat":284749},{"id":99806,"n":"Complément alimentaire Biosens Bio Circulation tonique x45 22g","p":6.16,"u":"280,00 €/KG","img":"https://fd5-photos.leclercdrive.fr/image.ashx?id=2190593&use=l&cat=p&typeid=i","cat":284632},{"id":99813,"n":"Complément alimentaire Biosens Bio super curcuma - 18g","p":5.45,"u":"247,73 €/KG","img":"https://fd5-photos.leclercdrive.fr/image.ashx?id=2190599&use=l&cat=p&typeid=i","cat":284632},{"id":99850,"n":"Mouliné légumes La Potagère De nos campagne - Bio - 2x30cl","p":2.52,"u":"4,20 €/L","img":"https://fd5-photos.leclercdrive.fr/image.ashx?id=2927402&use=l&cat=p&typeid=i","cat":284462},{"id":99851,"n":"Velouté légumes La Potagère De nos campagne - Bio - 2x30cl","p":2.29,"u":"3,82 €/L","img":"https://fd5-photos.leclercdrive.fr/image.ashx?id=2927405&use=l&cat=p&typeid=i","cat":284462},{"id":99860,"n":"Sacs poubelle 30L Poubel'sak Senteur vanille - x20","p":3.19,"u":"0,16 €/P","img":"https://fd5-photos.leclercdrive.fr/image.ashx?id=1885287&use=l&cat=p&typeid=i","cat":285168},{"id":99863,"n":"Thé vert sencha Naturela Bio - 80g","p":3.48,"u":"43,50 €/KG","img":"https://fd5-photos.leclercdrive.fr/image.ashx?id=2961086&use=l&cat=p&typeid=i","cat":293233},{"id":99870,"n":"Thé vert menthe Naturela Marocain Bio - 100g","p":5.03,"u":"50,30 €/KG","img":"https://fd5-photos.leclercdrive.fr/image.ashx?id=2928882&use=l&cat=p&typeid=i","cat":293233},{"id":99876,"n":"Soin homme jour Nivea for men Active age - 50ml","p":10.19,"pp":6.73,"u":"134,60 €/L","img":"https://fd5-photos.leclercdrive.fr/image.ashx?id=2652691&use=l&cat=p&typeid=i","cat":284622},{"id":99880,"n":"Crème Visage Jour FPS 30 Nivea Anti-rides Cellular - 50ml","p":17.39,"u":"347,80 €/L","img":"https://fd5-photos.leclercdrive.fr/image.ashx?id=2298775&use=l&cat=p&typeid=i","cat":325345},{"id":99900,"n":"Soin amincissant Linéance Profiler nuit + - 180ml","p":10.87,"u":"60,39 €/L","img":"https://fd5-photos.leclercdrive.fr/image.ashx?id=1748813&use=l&cat=p&typeid=i","cat":325350},{"id":99905,"n":"Biscuits Petit Ecolier LU Chocolat blanc - 150g","p":1.62,"u":"10,80 €/KG","img":"https://fd5-photos.leclercdrive.fr/image.ashx?id=2346678&use=l&cat=p&typeid=i","cat":284488},{"id":99921,"n":"Shampooing Nateis Cheveux gris ou blancs - 250ml","p":1.4,"u":"5,60 €/L","img":"https://fd5-photos.leclercdrive.fr/image.ashx?id=2395820&use=l&cat=p&typeid=i","cat":284606},{"id":99922,"n":"Lait de douche Manava Framboise - 250ml","p":0.94,"u":"3,76 €/L","img":"https://fd5-photos.leclercdrive.fr/image.ashx?id=2618353&use=l&cat=p&typeid=i","cat":284594},{"id":99938,"n":"Caviar d'aubergine à ma façon A Paesana - 180g","p":4.39,"u":"24,39 €/KG","img":"https://fd5-photos.leclercdrive.fr/image.ashx?id=3005092&use=l&cat=p&typeid=i","cat":318430},{"id":99939,"n":"Émince d'oignon rissolé A Paesana - 180g","p":3.17,"u":"17,61 €/KG","img":"https://fd5-photos.leclercdrive.fr/image.ashx?id=2022675&use=l&cat=p&typeid=i","cat":318430},{"id":99940,"n":"Pesto Corse au brocciu Noisette A Paesana - 180g","p":5.04,"u":"28,00 €/KG","img":"https://fd5-photos.leclercdrive.fr/image.ashx?id=2620437&use=l&cat=p&typeid=i","cat":318430},{"id":99942,"n":"Pistou à l'huile d'olive A Paesana - 180g","p":5.1,"u":"28,33 €/KG","img":"https://fd5-photos.leclercdrive.fr/image.ashx?id=2620434&use=l&cat=p&typeid=i","cat":318430},{"id":99943,"n":"Tapenade noire à l'ancienne A Paesana - 180g","p":4.91,"u":"27,28 €/KG","img":"https://fd5-photos.leclercdrive.fr/image.ashx?id=2022669&use=l&cat=p&typeid=i","cat":318430},{"id":99944,"n":"Tapenade verte  A Paesana - 180g","p":4.91,"u":"27,28 €/KG","img":"https://fd5-photos.leclercdrive.fr/image.ashx?id=2022684&use=l&cat=p&typeid=i","cat":318430},{"id":99945,"n":"Concassée de poivrons grillés A Paesana - 180g","p":4.7,"u":"26,11 €/KG","img":"https://fd5-photos.leclercdrive.fr/image.ashx?id=2323580&use=l&cat=p&typeid=i","cat":318430},{"id":99946,"n":"Crème de poivron au brocciu AOP A Paesana - 180g","p":5.3,"u":"29,44 €/KG","img":"https://fd5-photos.leclercdrive.fr/image.ashx?id=2321454&use=l&cat=p&typeid=i","cat":318430},{"id":99947,"n":"Crème d'artichaut au brocciu A Paesana - 180g","p":5.1,"u":"28,33 €/KG","img":"https://fd5-photos.leclercdrive.fr/image.ashx?id=2321451&use=l&cat=p&typeid=i","cat":318430},{"id":99951,"n":"Farine de maïs bramata M. Zanone - 400g","p":1.53,"u":"3,83 €/KG","img":"https://fd5-photos.leclercdrive.fr/image.ashx?id=1645482&use=l&cat=p&typeid=i","cat":284503},{"id":99965,"n":"Biscuit speculoos Lotus Biscoff 750g (6x125g)","p":3.79,"u":"5,05 €/KG","img":"https://fd5-photos.leclercdrive.fr/image.ashx?id=2693818&use=l&cat=p&typeid=i","cat":284487},{"id":99967,"n":"Pois chiches bio Jardin Bio Au naturel - 420g","p":2.06,"u":"4,90 €/KG","img":"https://fd5-photos.leclercdrive.fr/image.ashx?id=2971215&use=l&cat=p&typeid=i","cat":312609},{"id":99973,"n":"Biscuits petit déjeuner Belvita Moelleux fruits rouges - 250g","p":2.62,"u":"10,48 €/KG","img":"https://fd5-photos.leclercdrive.fr/image.ashx?id=3005329&use=l&cat=p&typeid=i","cat":284491},{"id":99975,"n":"Vodka Zubrowka Bison grass - 37.5%vol - 70cl","p":15.09,"u":"21,56 €/L","img":"https://fd5-photos.leclercdrive.fr/image.ashx?id=2879820&use=l&cat=p&typeid=i","cat":284550},{"id":99976,"n":"Biscuit petit déjeuner Belvita Brut - 600g","p":3.99,"u":"6,65 €/KG","img":"https://fd5-photos.leclercdrive.fr/image.ashx?id=2112935&use=l&cat=p&typeid=i","cat":285281},{"id":100017,"n":"Pain de mie Jacquet Maxi sans sucres ajoutés - 550g","p":1.56,"u":"2,84 €/KG","img":"https://fd5-photos.leclercdrive.fr/image.ashx?id=2935705&use=l&cat=p&typeid=i","cat":284477},{"id":100220,"n":"Gnocchi à poêler Lustucru Extra Raclette - 280g","p":2.48,"u":"8,86 €/KG","img":"https://fd5-photos.leclercdrive.fr/image.ashx?id=2786177&use=l&cat=p&typeid=i","cat":333682},{"id":100250,"n":"Yaourt nature sucré Kit-Kat Billes chocolat - 4x115g","p":2.93,"u":"6,37 €/KG","img":"https://fd5-photos.leclercdrive.fr/image.ashx?id=2875954&use=l&cat=p&typeid=i","cat":284414},{"id":100320,"n":"Brosse adhésive 1 pièce","p":2.29,"img":"https://fd5-photos.leclercdrive.fr/image.ashx?id=2840743&use=l&cat=p&typeid=i","cat":284669},{"id":100322,"n":"Plumeau antistatique 1 pièce","p":4.29,"img":"https://fd5-photos.leclercdrive.fr/image.ashx?id=2083972&use=l&cat=p&typeid=i","cat":325364},{"id":100334,"n":"Gel bain douche Manava Coton macadamia - 500ml","p":1.88,"u":"3,76 €/L","img":"https://fd5-photos.leclercdrive.fr/image.ashx?id=1644734&use=l&cat=p&typeid=i","cat":284594},{"id":100349,"n":"Bain de bouche Parodontax Menthe douce - 500ml","p":4.22,"u":"8,44 €/L","img":"https://fd5-photos.leclercdrive.fr/image.ashx?id=2485982&use=l&cat=p&typeid=i","cat":284613},{"id":100352,"n":"Poudre fondante L'Oréal Paris Accord Parfait 2R Vanille rosé","p":10.87,"img":"https://fd5-photos.leclercdrive.fr/image.ashx?id=2395547&use=l&cat=p&typeid=i","cat":287029},{"id":100356,"n":"Crayon Yeux Maybelline Effet Tatouage 900 Deep Onyx","p":6.21,"pp":4.1,"img":"https://fd5-photos.leclercdrive.fr/image.ashx?id=2904865&use=l&cat=p&typeid=i","cat":287029},{"id":100485,"n":"Chocolat noir Bio Village Bio Dégustation 85% cacao 100g","p":1.87,"u":"18,70 €/KG","img":"https://fd5-photos.leclercdrive.fr/image.ashx?id=2915654&use=l&cat=p&typeid=i","cat":284956},{"id":100589,"n":"Gateaux au yaourt P'tit Déli Talonne chocolat - 210g","p":2.49,"u":"11,86 €/KG","img":"https://fd5-photos.leclercdrive.fr/image.ashx?id=1981526&use=l&cat=p&typeid=i","cat":294776},{"id":100594,"n":"Petit pois carotte Bio Village Bio - 215g","p":1.63,"u":"7,58 €/KG","img":"https://fd5-photos.leclercdrive.fr/image.ashx?id=3002692&use=l&cat=p&typeid=i","cat":312607},{"id":100595,"n":"Papier toilette Uni Vert Blanc 3 plis recyclés - x6","p":2.34,"u":"0,39 €/P","img":"https://fd5-photos.leclercdrive.fr/image.ashx?id=2571938&use=l&cat=p&typeid=i","cat":284634},{"id":100596,"n":"Petits pois fins Bio Village Bio - 230g","p":1.81,"u":"7,87 €/KG","img":"https://fd5-photos.leclercdrive.fr/image.ashx?id=3002689&use=l&cat=p&typeid=i","cat":312607},{"id":100604,"n":"Pur jus Bio Village Pomme mangue Bio - 1L","p":3.75,"u":"3,75 €/L","img":"https://fd5-photos.leclercdrive.fr/image.ashx?id=2901551&use=l&cat=p&typeid=i","cat":284917},{"id":100616,"n":"Jus pomme pétillant Bio Village Bio sans alcool - 75cl","p":2.08,"u":"2,77 €/L","img":"https://fd5-photos.leclercdrive.fr/image.ashx?id=2052277&use=l&cat=p&typeid=i","cat":289460},{"id":100618,"n":"Pur jus Bio Village Bio Pomme poire - 1L","p":4.17,"u":"4,17 €/L","img":"https://fd5-photos.leclercdrive.fr/image.ashx?id=2901554&use=l&cat=p&typeid=i","cat":284522},{"id":100673,"n":"Soda Coca-Cola sans sucres Bouteilles - 6x1L","p":9.82,"u":"1,64 €/L","img":"https://fd5-photos.leclercdrive.fr/image.ashx?id=2178352&use=l&cat=p&typeid=i","cat":284530},{"id":100705,"n":"Tartine Petit dejeuner Jacquet 410g","p":1.62,"u":"3,95 €/KG","img":"https://fd5-photos.leclercdrive.fr/image.ashx?id=2991855&use=l&cat=p&typeid=i","cat":284477},{"id":100725,"n":"Pain de mie La Boulangère Toastiligne Aux céréales - 500g","p":1.67,"u":"3,34 €/KG","img":"https://fd5-photos.leclercdrive.fr/image.ashx?id=2912401&use=l&cat=p&typeid=i","cat":284477},{"id":100756,"n":"Nettoyant multi-usages Rainett Ecolabel citron vert - 1L","p":2.03,"u":"2,03 €/L","img":"https://fd5-photos.leclercdrive.fr/image.ashx?id=2312218&use=l&cat=p&typeid=i","cat":284907},{"id":100790,"n":"Kit fajitas Old El Paso tomates poivrons - 500g","p":4.62,"u":"9,24 €/KG","img":"https://fd5-photos.leclercdrive.fr/image.ashx?id=2764628&use=l&cat=p&typeid=i","cat":288993},{"id":100792,"n":"Wraps Old El Paso de blé complet x6 - 350g","p":2.63,"u":"7,51 €/KG","img":"https://fd5-photos.leclercdrive.fr/image.ashx?id=2940573&use=l&cat=p&typeid=i","cat":288993},{"id":100979,"n":"Chocolat au lait Lindt Création Le Rocher lait - 150g","p":2.94,"u":"19,60 €/KG","img":"https://fd5-photos.leclercdrive.fr/image.ashx?id=2685805&use=l&cat=p&typeid=i","cat":284497},{"id":100981,"n":"Courgettes Cuisinées Cassegrain à la Provençale 375g","p":3.08,"u":"8,21 €/KG","img":"https://fd5-photos.leclercdrive.fr/image.ashx?id=2977951&use=l&cat=p&typeid=i","cat":312612},{"id":100989,"n":"Céréales Trésor de Kellogg's Choco Roulette - 620g","p":4.95,"u":"7,98 €/KG","img":"https://fd5-photos.leclercdrive.fr/image.ashx?id=2598337&use=l&cat=p&typeid=i","cat":309513},{"id":100991,"n":"Céréales Trésor de Kellogg's Chocolat Noisettes - 410g","p":2.78,"u":"6,78 €/KG","img":"https://fd5-photos.leclercdrive.fr/image.ashx?id=2584238&use=l&cat=p&typeid=i","cat":309513},{"id":101047,"n":"Croquettes chat Ultima  Nature Poulet - 1.25kg","p":7.08,"u":"5,66 €/KG","img":"https://fd5-photos.leclercdrive.fr/image.ashx?id=2569959&use=l&cat=p&typeid=i","cat":284680},{"id":101050,"n":"Croquette chat stérilisé Ultima  Nature - Saumon - 1.25kg","p":7.58,"u":"6,06 €/KG","img":"https://fd5-photos.leclercdrive.fr/image.ashx?id=2569962&use=l&cat=p&typeid=i","cat":284680},{"id":101056,"n":"Adoucissant concentré Hyperdou Rosée du matin - 750ml","p":1.99,"u":"2,65 €/L","img":"https://fd5-photos.leclercdrive.fr/image.ashx?id=2602910&use=l&cat=p&typeid=i","cat":284650},{"id":101058,"n":"Adoucissant concentré Hyperdou Passion tropicale - 750ml","p":1.99,"u":"2,65 €/L","img":"https://fd5-photos.leclercdrive.fr/image.ashx?id=2683565&use=l&cat=p&typeid=i","cat":284650},{"id":101059,"n":"Adoucissant concentré Hyperdou Couché soleil - 750ml","p":1.99,"u":"2,65 €/L","img":"https://fd5-photos.leclercdrive.fr/image.ashx?id=2602943&use=l&cat=p&typeid=i","cat":284650},{"id":101078,"n":"Crème glacée Ben&Jerry's Fan favourites - 4x100ml","p":6.06,"u":"15,15 €/L","img":"https://fd5-photos.leclercdrive.fr/image.ashx?id=3009275&use=l&cat=p&typeid=i","cat":284725},{"id":101115,"n":"Céréales Trésor de Kellogg's Chocolat au Lait - 410g","p":2.78,"u":"6,78 €/KG","img":"https://fd5-photos.leclercdrive.fr/image.ashx?id=2584241&use=l&cat=p&typeid=i","cat":309513},{"id":101126,"n":"Bière blonde Grimbergen Pale Ale 5,5° - 6x25cl","p":5.62,"u":"3,75 €/L","img":"https://fd5-photos.leclercdrive.fr/image.ashx?id=2312801&use=l&cat=p&typeid=i","cat":334852},{"id":101231,"n":"Le Gourmand Garden Gourmet Soja, Poivre et Persil 160g","p":2.45,"u":"15,31 €/KG","img":"https://fd5-photos.leclercdrive.fr/image.ashx?id=2988683&use=l&cat=p&typeid=i","cat":316036},{"id":101253,"n":"Saucisson Mini Jusin Bridou  -25% de sel - 80g","p":2.4,"u":"30,00 €/KG","img":"https://fd5-photos.leclercdrive.fr/image.ashx?id=2526986&use=l&cat=p&typeid=i","cat":316006},{"id":101254,"n":"Jambon cru 4 tranches Aoste dégraissées - 100g","p":3.81,"u":"38,10 €/KG","img":"https://fd5-photos.leclercdrive.fr/image.ashx?id=1877219&use=l&cat=p&typeid=i","cat":316007},{"id":101264,"n":"Jus d'orange sanguine Andros 1L","p":3.67,"u":"3,67 €/L","img":"https://fd5-photos.leclercdrive.fr/image.ashx?id=2882635&use=l&cat=p&typeid=i","cat":285435},{"id":101268,"n":"Citronnade Andros - 1l","p":2.75,"u":"2,75 €/L","img":"https://fd5-photos.leclercdrive.fr/image.ashx?id=2882869&use=l&cat=p&typeid=i","cat":285435},{"id":101288,"n":"Mousse végétal Andros Chocolat - 4x55g","p":2.8,"u":"12,73 €/KG","img":"https://fd5-photos.leclercdrive.fr/image.ashx?id=2963433&use=l&cat=p&typeid=i","cat":316071},{"id":101291,"n":"Compotée Bonne Maman Pêche/Abricot/Verveine - 260g","p":2.56,"u":"9,85 €/KG","img":"https://fd5-photos.leclercdrive.fr/image.ashx?id=2874039&use=l&cat=p&typeid=i","cat":284416},{"id":101292,"n":"Compotée Bonne Maman Poire Williams - 2x130g","p":2.73,"u":"21,00 €/KG","img":"https://fd5-photos.leclercdrive.fr/image.ashx?id=2874045&use=l&cat=p&typeid=i","cat":284416},{"id":101294,"n":"Compotée Bonne Maman Pomme vanille - 2x130g","p":2.89,"u":"11,12 €/KG","img":"https://fd5-photos.leclercdrive.fr/image.ashx?id=2874036&use=l&cat=p&typeid=i","cat":284416},{"id":101317,"n":"Assiettes plates kraft Homeside 18cm - x50","p":3.01,"u":"0,06 €/P","img":"https://fd5-photos.leclercdrive.fr/image.ashx?id=1660522&use=l&cat=p&typeid=i","cat":334134},{"id":101324,"n":"Assiettes plates kraft Homeside 23cm - x50","p":3.64,"u":"0,07 €/P","img":"https://fd5-photos.leclercdrive.fr/image.ashx?id=1660519&use=l&cat=p&typeid=i","cat":334134},{"id":101327,"n":"Yaourt à boire actimel nature 0%mg - 12x100g","p":4.59,"u":"3,83 €/KG","img":"https://fd5-photos.leclercdrive.fr/image.ashx?id=2996479&use=l&cat=p&typeid=i","cat":284415},{"id":101348,"n":"Barres Chocolatées KINDER BUENO  Chocolat au Lait x12 - 516g","p":9.34,"u":"18,10 €/KG","img":"https://fd5-photos.leclercdrive.fr/image.ashx?id=2402946&use=l&cat=p&typeid=i","cat":284498},{"id":101349,"n":"Crème dessert Danette Vanille - 6x125g","p":2.15,"u":"2,87 €/KG","img":"https://fd5-photos.leclercdrive.fr/image.ashx?id=2923498&use=l&cat=p&typeid=i","cat":285041},{"id":101350,"n":"liégeois vanille danette - 4x100g","p":1.51,"u":"3,78 €/KG","img":"https://fd5-photos.leclercdrive.fr/image.ashx?id=2907848&use=l&cat=p&typeid=i","cat":285042},{"id":101352,"n":"Crème dessert Danette  Chocolat - 6x125g","p":2.1,"u":"2,80 €/KG","img":"https://fd5-photos.leclercdrive.fr/image.ashx?id=2915395&use=l&cat=p&typeid=i","cat":285041},{"id":101416,"n":"Fourchettes en bois Homeside x20","p":1.38,"u":"0,07 €/P","img":"https://fd5-photos.leclercdrive.fr/image.ashx?id=1663733&use=l&cat=p&typeid=i","cat":334134},{"id":101418,"n":"Cuillères en bois Homeside x20","p":1.38,"u":"0,07 €/P","img":"https://fd5-photos.leclercdrive.fr/image.ashx?id=1663730&use=l&cat=p&typeid=i","cat":334134},{"id":101431,"n":"Plateau doré  33x43cm - x2","p":3.6,"u":"1,80 €/P","img":"https://fd5-photos.leclercdrive.fr/image.ashx?id=2940552&use=l&cat=p&typeid=i","cat":334134},{"id":101432,"n":"Plateaux dorés 34cm - x2","p":3.5,"u":"1,75 €/P","img":"https://fd5-photos.leclercdrive.fr/image.ashx?id=2940549&use=l&cat=p&typeid=i","cat":334134},{"id":101456,"n":"Barres Chocolatées KINDER Maxi Chocolat au Lait x18 - 378g","p":5.27,"u":"13,94 €/KG","img":"https://fd5-photos.leclercdrive.fr/image.ashx?id=2673854&use=l&cat=p&typeid=i","cat":284498},{"id":101461,"n":"Pâtes Collezione Barilla Fusilli Bucati Corti - 500g","p":1.71,"u":"3,42 €/KG","img":"https://fd5-photos.leclercdrive.fr/image.ashx?id=2991003&use=l&cat=p&typeid=i","cat":284427},{"id":101462,"n":"Ménagère réutilisable Homeside Anis - 18 couverts","p":2.9,"u":"0,16 €/P","img":"https://fd5-photos.leclercdrive.fr/image.ashx?id=1660495&use=l&cat=p&typeid=i","cat":334134},{"id":101472,"n":"Petits Pois et Carottes Bio Bonduelle 100% Français 360g","p":3.29,"u":"9,14 €/KG","img":"https://fd5-photos.leclercdrive.fr/image.ashx?id=2913070&use=l&cat=p&typeid=i","cat":312607},{"id":101473,"n":"Petit Pois, Carotte Cassegrain Tendre et Fondant 265g","p":1.72,"u":"6,49 €/KG","img":"https://fd5-photos.leclercdrive.fr/image.ashx?id=2951692&use=l&cat=p&typeid=i","cat":312607},{"id":101476,"n":"Saladière mexicana Saupiquet 220g","p":2.85,"u":"12,95 €/KG","img":"https://fd5-photos.leclercdrive.fr/image.ashx?id=2857042&use=l&cat=p&typeid=i","cat":284437},{"id":101480,"n":"Filets de thon Saupiquet Au citron - 115g","p":2.38,"u":"20,70 €/KG","img":"https://fd5-photos.leclercdrive.fr/image.ashx?id=2846370&use=l&cat=p&typeid=i","cat":303867},{"id":101483,"n":"Tablette chocolat Côte d'Or Chocolat noir 70% - 100g","p":1.71,"u":"17,10 €/KG","img":"https://fd5-photos.leclercdrive.fr/image.ashx?id=2985591&use=l&cat=p&typeid=i","cat":284956},{"id":101502,"n":"Crème dessert Danette Vanille - 4x125g","p":1.45,"u":"2,90 €/KG","img":"https://fd5-photos.leclercdrive.fr/image.ashx?id=2029487&use=l&cat=p&typeid=i","cat":285041},{"id":101504,"n":"AOC Clairette de Die doux BIO  Rives et Terrasses - 75cl","p":5.99,"u":"7,99 €/L","img":"https://fd5-photos.leclercdrive.fr/image.ashx?id=2814456&use=l&cat=p&typeid=i","cat":284544},{"id":101505,"n":"Jus de pruneaux Bio Village Bio - 1L","p":3.99,"u":"3,99 €/L","img":"https://fd5-photos.leclercdrive.fr/image.ashx?id=2901560&use=l&cat=p&typeid=i","cat":284915},{"id":101506,"n":"Boisson Cranberry  Bio Village   Bio - 1L","p":3.55,"u":"3,55 €/L","img":"https://fd5-photos.leclercdrive.fr/image.ashx?id=2958774&use=l&cat=p&typeid=i","cat":284915},{"id":101564,"n":"chocolat noir alter eco   republique dominicaine bio 100g","p":2.7,"u":"27,00 €/KG","img":"https://fd5-photos.leclercdrive.fr/image.ashx?id=2906556&use=l&cat=p&typeid=i","cat":284956},{"id":101580,"n":"Banane Bio Max Havelaar  Bio Village x5","p":1.99,"u":"0,40 €/P","img":"https://fd5-photos.leclercdrive.fr/image.ashx?id=2323988&use=l&cat=p&typeid=i","cat":284356},{"id":101620,"n":"Matière grasse Rustica Omega 3 50%MG -Doux -250G","p":0.99,"u":"3,96 €/KG","img":"https://fd5-photos.leclercdrive.fr/image.ashx?id=1664898&use=l&cat=p&typeid=i","cat":315229},{"id":101629,"n":"Pur jus clémentine Bio Village Bio - 1L","p":2.99,"u":"2,99 €/L","img":"https://fd5-photos.leclercdrive.fr/image.ashx?id=2901548&use=l&cat=p&typeid=i","cat":284915},{"id":101666,"n":"Flacon doseur 0,5L","p":1.5,"u":"3,00 €/L","img":"https://fd5-photos.leclercdrive.fr/image.ashx?id=2864885&use=l&cat=p&typeid=i","cat":334135},{"id":101667,"n":"Soupe liquide Bio Liebig  Mouliné de Légumes Verts - 1L","p":2.87,"u":"2,87 €/L","img":"https://fd5-photos.leclercdrive.fr/image.ashx?id=2643686&use=l&cat=p&typeid=i","cat":284462},{"id":101680,"n":"Goûter Bio Village Pépites de Chocolat Bio - 150g","p":2.09,"u":"13,93 €/KG","img":"https://fd5-photos.leclercdrive.fr/image.ashx?id=2783443&use=l&cat=p&typeid=i","cat":284495},{"id":101687,"n":"Abricots moelleux  Maison Roucadil - 250g","p":3.46,"u":"13,84 €/KG","img":"https://fd5-photos.leclercdrive.fr/image.ashx?id=2947048&use=l&cat=p&typeid=i","cat":284357},{"id":101688,"n":"Gel concentré vaisselle UniVert Citron - 685ml","p":5.13,"u":"7,49 €/L","img":"https://fd5-photos.leclercdrive.fr/image.ashx?id=2903965&use=l&cat=p&typeid=i","cat":284655},{"id":101690,"n":"Gaufrette fine Jardin Bio Chocolat - 200g","p":2.62,"u":"13,10 €/KG","img":"https://fd5-photos.leclercdrive.fr/image.ashx?id=2537640&use=l&cat=p&typeid=i","cat":294777},{"id":101695,"n":"crème dessert chocolat danette - 8x125g","p":2.57,"u":"2,57 €/KG","img":"https://fd5-photos.leclercdrive.fr/image.ashx?id=2949841&use=l&cat=p&typeid=i","cat":285041},{"id":101696,"n":"crème dessert caramel danette - 4x125g","p":1.47,"u":"2,94 €/KG","img":"https://fd5-photos.leclercdrive.fr/image.ashx?id=2926236&use=l&cat=p&typeid=i","cat":285041},{"id":101697,"n":"crème dessert chocolat noisette danette - 4x125g","p":1.45,"u":"2,90 €/KG","img":"https://fd5-photos.leclercdrive.fr/image.ashx?id=2902630&use=l&cat=p&typeid=i","cat":285041},{"id":101699,"n":"crème dessert pistache danette - 4x125g","p":1.47,"u":"2,94 €/KG","img":"https://fd5-photos.leclercdrive.fr/image.ashx?id=1984885&use=l&cat=p&typeid=i","cat":285041},{"id":101701,"n":"crème dessert chocolat caramel vanille danette - 12x115g","p":3.35,"u":"2,43 €/KG","img":"https://fd5-photos.leclercdrive.fr/image.ashx?id=2949844&use=l&cat=p&typeid=i","cat":285041},{"id":101702,"n":"Crème dessert Danette Caramel - 6x125g","p":2.61,"u":"3,48 €/KG","img":"https://fd5-photos.leclercdrive.fr/image.ashx?id=2915398&use=l&cat=p&typeid=i","cat":285041},{"id":101707,"n":"crème dessert chocolat danette - 4x125g","p":1.45,"u":"2,90 €/KG","img":"https://fd5-photos.leclercdrive.fr/image.ashx?id=2927291&use=l&cat=p&typeid=i","cat":285041},{"id":101708,"n":"liégeois chocolat danette - 8x100g","p":2.75,"u":"3,44 €/KG","img":"https://fd5-photos.leclercdrive.fr/image.ashx?id=1984897&use=l&cat=p&typeid=i","cat":285042},{"id":101709,"n":"liégeois chocolat vanille danette - 8x100g","p":2.75,"u":"3,44 €/KG","img":"https://fd5-photos.leclercdrive.fr/image.ashx?id=2926245&use=l&cat=p&typeid=i","cat":285042},{"id":101710,"n":"crème dessert chocolat noir danette - 4x125g","p":1.45,"u":"2,90 €/KG","img":"https://fd5-photos.leclercdrive.fr/image.ashx?id=2927294&use=l&cat=p&typeid=i","cat":285041},{"id":101711,"n":"Crème dessert Danette Chocolat Vanille - 12x115g","p":3.43,"u":"2,49 €/KG","img":"https://fd5-photos.leclercdrive.fr/image.ashx?id=2228528&use=l&cat=p&typeid=i","cat":285041},{"id":101712,"n":"crème dessert 3 chocolats danette - 12x115g","p":3.35,"u":"2,43 €/KG","img":"https://fd5-photos.leclercdrive.fr/image.ashx?id=2949847&use=l&cat=p&typeid=i","cat":285041},{"id":101715,"n":"Petit beurre Michel et Augustin Comté poivre noir - 100g","p":2.47,"u":"24,70 €/KG","img":"https://fd5-photos.leclercdrive.fr/image.ashx?id=2108975&use=l&cat=p&typeid=i","cat":297000},{"id":101720,"n":"Sablé Michel et Augustin AOP Brebis tomate piment - 100g","p":2.86,"u":"28,60 €/KG","img":"https://fd5-photos.leclercdrive.fr/image.ashx?id=2108984&use=l&cat=p&typeid=i","cat":297000},{"id":101760,"n":"Crevettes entières ASC Eco+ 400g","p":5.97,"u":"14,93 €/KG","img":"https://fd5-photos.leclercdrive.fr/image.ashx?id=2081633&use=l&cat=p&typeid=i","cat":319787},{"id":101762,"n":"Noix de St Jacques Eco+ Sans corail - MSC - 300g","p":6.85,"u":"22,83 €/KG","img":"https://fd5-photos.leclercdrive.fr/image.ashx?id=2790868&use=l&cat=p&typeid=i","cat":319787},{"id":101782,"n":"Crayon de couleur triangulaire Bic Intensity - x24","p":6.76,"img":"https://fd5-photos.leclercdrive.fr/image.ashx?id=2376509&use=l&cat=p&typeid=i","cat":284696},{"id":101833,"n":"Gel lavage Visior Concentré - 900ml","p":5.56,"u":"6,18 €/L","img":"https://fd5-photos.leclercdrive.fr/image.ashx?id=2939082&use=l&cat=p&typeid=i","cat":284657},{"id":101836,"n":"Pastilles anti-calcaire Texil x17","p":3.12,"u":"0,18 €/P","img":"https://fd5-photos.leclercdrive.fr/image.ashx?id=2964580&use=l&cat=p&typeid=i","cat":284653},{"id":101837,"n":"Pastilles anti-calcaire Texil x48","p":4.6,"u":"0,10 €/P","img":"https://fd5-photos.leclercdrive.fr/image.ashx?id=2964583&use=l&cat=p&typeid=i","cat":284653},{"id":101884,"n":"Moule 9 muffins En silicone renforcé x1","p":7.5,"img":"https://fd5-photos.leclercdrive.fr/image.ashx?id=1943295&use=l&cat=p&typeid=i","cat":298490},{"id":101887,"n":"Moule à cake en silicone renforcé - 24cm -x1","p":7.5,"img":"https://fd5-photos.leclercdrive.fr/image.ashx?id=1864536&use=l&cat=p&typeid=i","cat":298490},{"id":101890,"n":"Shaker Curver x1","p":4.15,"img":"https://fd5-photos.leclercdrive.fr/image.ashx?id=2666815&use=l&cat=p&typeid=i","cat":334135},{"id":101892,"n":"Demi-Grenailles Pom Bistro au Piment d'Espelette - 450g","p":4.0,"u":"8,89 €/KG","img":"https://fd5-photos.leclercdrive.fr/image.ashx?id=2866421&use=l&cat=p&typeid=i","cat":319792},{"id":102002,"n":"Pain au seigle Bio Village Bio - Complet - 500g","p":1.9,"u":"3,80 €/KG","img":"https://fd5-photos.leclercdrive.fr/image.ashx?id=2686353&use=l&cat=p&typeid=i","cat":325069},{"id":102006,"n":"Gel bain douche Manava Pamplemousse raisin blanc-500ml","p":2.37,"u":"4,74 €/L","img":"https://fd5-photos.leclercdrive.fr/image.ashx?id=2652870&use=l&cat=p&typeid=i","cat":284594},{"id":102007,"n":"Gel douche Manava Gommant - 250ml","p":1.3,"u":"5,20 €/L","img":"https://fd5-photos.leclercdrive.fr/image.ashx?id=2805042&use=l&cat=p&typeid=i","cat":284594},{"id":102008,"n":"Gel douche Manava Sans savon - 500ml","p":1.82,"u":"3,64 €/L","img":"https://fd5-photos.leclercdrive.fr/image.ashx?id=2741303&use=l&cat=p&typeid=i","cat":284594},{"id":102009,"n":"Crème Pieds Hydratante Adoucissante - 150 ml","p":8.99,"u":"59,93 €/L","img":"https://fd5-photos.leclercdrive.fr/image.ashx?id=2980887&use=l&cat=p&typeid=i","cat":325354},{"id":102011,"n":"Crème désaltérante jour So Bio  Aloe Vera bio  - 50ml","p":7.91,"u":"158,20 €/L","img":"https://fd5-photos.leclercdrive.fr/image.ashx?id=2644223&use=l&cat=p&typeid=i","cat":325345},{"id":102012,"n":"Déodorant bille bio So Bio Etic Tous types de peau - 50ml","p":5.27,"u":"105,40 €/L","img":"https://fd5-photos.leclercdrive.fr/image.ashx?id=2986606&use=l&cat=p&typeid=i","cat":284595},{"id":102026,"n":"Pommade Mains La Provençale Bio A l'Huile d'Olive - 75ml","p":4.33,"u":"57,73 €/L","img":"https://fd5-photos.leclercdrive.fr/image.ashx?id=2572275&use=l&cat=p&typeid=i","cat":325354},{"id":102027,"n":"Crème visage La Provençale Bio  Hydratante 48h - 50ml","p":9.84,"u":"196,80 €/L","img":"https://fd5-photos.leclercdrive.fr/image.ashx?id=2335922&use=l&cat=p&typeid=i","cat":325345},{"id":102068,"n":"Poudre détachante - 500g Spéciale textiles - UNI VERT","p":3.99,"u":"7,98 €/KG","img":"https://fd5-photos.leclercdrive.fr/image.ashx?id=2869299&use=l&cat=p&typeid=i","cat":284651},{"id":102077,"n":"Champignons de Paris bruns bio Bio Village - Barquette 200g","p":2.49,"u":"12,45 €/KG","img":"https://fd5-photos.leclercdrive.fr/image.ashx?id=2960559&use=l&cat=p&typeid=i","cat":284352},{"id":102078,"n":"Tagliatelles Côté Table Poulet & champignons - 300g","p":2.79,"u":"9,30 €/KG","img":"https://fd5-photos.leclercdrive.fr/image.ashx?id=2893568&use=l&cat=p&typeid=i","cat":333665},{"id":102081,"n":"Poulet à la tomate Côté Table Purée courgette - 300g","p":2.19,"u":"7,30 €/KG","img":"https://fd5-photos.leclercdrive.fr/image.ashx?id=1656991&use=l&cat=p&typeid=i","cat":333665},{"id":102082,"n":"Poulet et risotto Côté Table Champignons - 280g","p":2.59,"u":"9,25 €/KG","img":"https://fd5-photos.leclercdrive.fr/image.ashx?id=2816145&use=l&cat=p&typeid=i","cat":333665},{"id":102103,"n":"Eau gazeuse St Yorre 6x1,15L","p":3.01,"u":"0,44 €/L","img":"https://fd5-photos.leclercdrive.fr/image.ashx?id=2877730&use=l&cat=p&typeid=i","cat":284536},{"id":102104,"n":"Eau Aromatisée Vittel Aro bio Citron - 1L","p":1.24,"u":"1,24 €/L","img":"https://fd5-photos.leclercdrive.fr/image.ashx?id=2737093&use=l&cat=p&typeid=i","cat":284537},{"id":102139,"n":"Spray vaporisateur 500ml Plastique - 1 pièce","p":2.02,"img":"https://fd5-photos.leclercdrive.fr/image.ashx?id=2884519&use=l&cat=p&typeid=i","cat":334135},{"id":102211,"n":"Boule à thé acier inoxydable Feuille silicone M24","p":2.8,"img":"https://fd5-photos.leclercdrive.fr/image.ashx?id=2022897&use=l&cat=p&typeid=i","cat":334135},{"id":102226,"n":"Classic Fresh Container 1L Set de 3 pièces","p":3.95,"img":"https://fd5-photos.leclercdrive.fr/image.ashx?id=1752760&use=l&cat=p&typeid=i","cat":284710},{"id":102374,"n":"Bière sans alcool Tourtel Twist Cerise 0,0° - 6x27,5cl","p":3.96,"u":"2,40 €/L","img":"https://fd5-photos.leclercdrive.fr/image.ashx?id=2688803&use=l&cat=p&typeid=i","cat":334877},{"id":102418,"n":"Tarte citron meringuée 650g","p":8.13,"u":"12,51 €/KG","img":"https://fd5-photos.leclercdrive.fr/image.ashx?id=2663374&use=l&cat=p&typeid=i","cat":284360},{"id":102438,"n":"Huile d'olive Ethiquable Tunisie - Bio - 50cl","p":7.15,"u":"14,30 €/L","img":"https://fd5-photos.leclercdrive.fr/image.ashx?id=2875486&use=l&cat=p&typeid=i","cat":284453},{"id":102440,"n":"Riz au jasmin Cambodge Bio - 500g","p":2.81,"u":"5,62 €/KG","img":"https://fd5-photos.leclercdrive.fr/image.ashx?id=2875504&use=l&cat=p&typeid=i","cat":284428},{"id":102441,"n":"Riz jasmin Ethiquable bio Riz complet cambodge - 500g","p":2.77,"u":"5,54 €/KG","img":"https://fd5-photos.leclercdrive.fr/image.ashx?id=2875507&use=l&cat=p&typeid=i","cat":284428},{"id":102446,"n":"Chocolat noir Bio Ethiquable Amande - 100g","p":3.16,"u":"31,60 €/KG","img":"https://fd5-photos.leclercdrive.fr/image.ashx?id=2870944&use=l&cat=p&typeid=i","cat":284956},{"id":102453,"n":"Chocolat au lait Bio Ethiquable  53% Guatemala - 100g","p":2.84,"u":"28,40 €/KG","img":"https://fd5-photos.leclercdrive.fr/image.ashx?id=2870908&use=l&cat=p&typeid=i","cat":284497},{"id":102458,"n":"Purée pomme ananas Ethiquable Bio - 4x100g","p":2.12,"u":"5,30 €/KG","img":"https://fd5-photos.leclercdrive.fr/image.ashx?id=2874057&use=l&cat=p&typeid=i","cat":284508},{"id":102460,"n":"Café moulu Bio Ethiquable  100% arabica Colombie - 250g","p":5.54,"u":"22,16 €/KG","img":"https://fd5-photos.leclercdrive.fr/image.ashx?id=2876824&use=l&cat=p&typeid=i","cat":284750},{"id":102461,"n":"Café grains Bio Ethiquable  100% arabica Pérou - 1kg","p":18.08,"u":"18,08 €/KG","img":"https://fd5-photos.leclercdrive.fr/image.ashx?id=2876839&use=l&cat=p&typeid=i","cat":293237},{"id":102469,"n":"Chips pérou bio  Ethiquable Pomme de terre rouge - 100g","p":2.16,"u":"21,60 €/KG","img":"https://fd5-photos.leclercdrive.fr/image.ashx?id=2876845&use=l&cat=p&typeid=i","cat":284447},{"id":102471,"n":"Chips Poivre & sel Ethiquable Pomme de terre - Bio - 100g","p":3.11,"u":"31,10 €/KG","img":"https://fd5-photos.leclercdrive.fr/image.ashx?id=2876869&use=l&cat=p&typeid=i","cat":284447},{"id":102480,"n":"Petits Suisses Gervais 9,5%MG - 12x60g","p":2.37,"u":"3,29 €/KG","img":"https://fd5-photos.leclercdrive.fr/image.ashx?id=2230381&use=l&cat=p&typeid=i","cat":284409},{"id":102523,"n":"Maïs géant Ethiquable Grillé salé - Bio - 100g","p":1.85,"u":"18,50 €/KG","img":"https://fd5-photos.leclercdrive.fr/image.ashx?id=2879757&use=l&cat=p&typeid=i","cat":284447},{"id":102527,"n":"Farine Bio Paysans d'Ici Farine petit épeautre - 500g","p":3.84,"u":"7,68 €/KG","img":"https://fd5-photos.leclercdrive.fr/image.ashx?id=2916309&use=l&cat=p&typeid=i","cat":288382},{"id":102529,"n":"Farine Bio Paysans d'Ici Farine de sarrasin - 500g","p":2.94,"u":"5,88 €/KG","img":"https://fd5-photos.leclercdrive.fr/image.ashx?id=2916312&use=l&cat=p&typeid=i","cat":284503},{"id":102574,"n":"Baguette Grillée Briochée Roger 180g","p":2.74,"u":"15,22 €/KG","img":"https://fd5-photos.leclercdrive.fr/image.ashx?id=2876380&use=l&cat=p&typeid=i","cat":284479},{"id":102589,"n":"Chocolat Sensation fruit Lindt Framboise/Cranberry - 160g","p":3.72,"u":"23,25 €/KG","img":"https://fd5-photos.leclercdrive.fr/image.ashx?id=2208954&use=l&cat=p&typeid=i","cat":304238},{"id":102594,"n":"Moules cuisinées marinière Angulas - 900g","p":10.53,"u":"11,70 €/KG","img":"https://fd5-photos.leclercdrive.fr/image.ashx?id=2828943&use=l&cat=p&typeid=i","cat":285340},{"id":102609,"n":"Eau minérale naturelle Vittel 1L","p":1.0,"u":"1,00 €/L","img":"https://fd5-photos.leclercdrive.fr/image.ashx?id=2672068&use=l&cat=p&typeid=i","cat":284535},{"id":102610,"n":"Eau minérale Mont Blanc 1.5L","p":0.62,"u":"0,41 €/L","img":"https://fd5-photos.leclercdrive.fr/image.ashx?id=2154749&use=l&cat=p&typeid=i","cat":284535},{"id":102617,"n":"Eau minérale naturelle Vittel 1.5L","p":0.5,"u":"0,33 €/L","img":"https://fd5-photos.leclercdrive.fr/image.ashx?id=3002216&use=l&cat=p&typeid=i","cat":284535},{"id":102633,"n":"Soda Schweppes Saveur Agrumes Zero - 1L","p":1.71,"u":"1,71 €/L","img":"https://fd5-photos.leclercdrive.fr/image.ashx?id=2852432&use=l&cat=p&typeid=i","cat":284532},{"id":102660,"n":"DOC Prosecco blanc Vilaveroni Bio - 75cl","p":9.05,"u":"12,07 €/L","img":"https://fd5-photos.leclercdrive.fr/image.ashx?id=2504236&use=l&cat=p&typeid=i","cat":289461},{"id":102669,"n":"Capsules café L'Or Espresso Or Rose N°7 x10","p":3.55,"u":"68,27 €/KG","img":"https://fd5-photos.leclercdrive.fr/image.ashx?id=2100290&use=l&cat=p&typeid=i","cat":284749},{"id":102676,"n":"Capsules café L'Or Barista Double Espresso N°7 x10","p":4.47,"u":"42,98 €/KG","img":"https://fd5-photos.leclercdrive.fr/image.ashx?id=1742978&use=l&cat=p&typeid=i","cat":284749},{"id":102678,"n":"Friandises chien Pedigree  Ranchos original poulet - 70g","p":3.01,"u":"43,00 €/KG","img":"https://fd5-photos.leclercdrive.fr/image.ashx?id=2897282&use=l&cat=p&typeid=i","cat":294527},{"id":102695,"n":"Friandises chien Pedigree Ranchos original bœuf - 70g","p":2.59,"u":"37,00 €/KG","img":"https://fd5-photos.leclercdrive.fr/image.ashx?id=2897279&use=l&cat=p&typeid=i","cat":294527},{"id":102699,"n":"Billes chocolatées Lindt Crispy céréales soufflées - 140g","p":2.88,"u":"20,57 €/KG","img":"https://fd5-photos.leclercdrive.fr/image.ashx?id=2425083&use=l&cat=p&typeid=i","cat":304238},{"id":102819,"n":"Panaché Falsbourg Grenadine <0,5% - 20x25cl","p":5.99,"u":"1,20 €/L","img":"https://fd5-photos.leclercdrive.fr/image.ashx?id=2637964&use=l&cat=p&typeid=i","cat":334877},{"id":102829,"n":"Bandeaux Copains Copines Colorés - 200g","p":1.13,"u":"5,65 €/KG","img":"https://fd5-photos.leclercdrive.fr/image.ashx?id=2934745&use=l&cat=p&typeid=i","cat":304250},{"id":102834,"n":"Fils Copains Copines Colorés - 200g","p":1.09,"u":"5,45 €/KG","img":"https://fd5-photos.leclercdrive.fr/image.ashx?id=2934748&use=l&cat=p&typeid=i","cat":304250},{"id":102892,"n":"Céréales Jordans Granola Amande Noisette et Graine - 400g","p":3.69,"u":"9,23 €/KG","img":"https://fd5-photos.leclercdrive.fr/image.ashx?id=2475909&use=l&cat=p&typeid=i","cat":309512},{"id":102977,"n":"Bâtonnets Chocolat au lait Chaque jour sans gluten - 125g","p":3.91,"u":"31,28 €/KG","img":"https://fd5-photos.leclercdrive.fr/image.ashx?id=2523718&use=l&cat=p&typeid=i","cat":318654},{"id":102980,"n":"Chips ondulées nature Lay's Sel - 120g","p":1.92,"u":"16,00 €/KG","img":"https://fd5-photos.leclercdrive.fr/image.ashx?id=2788505&use=l&cat=p&typeid=i","cat":284447},{"id":103006,"n":"Croquettes petits chiens Ultima Poulet - Chihuahua - 800g","p":4.07,"u":"5,09 €/KG","img":"https://fd5-photos.leclercdrive.fr/image.ashx?id=2940585&use=l&cat=p&typeid=i","cat":294526},{"id":103027,"n":"AOC Bordeaux Supérieur rouge Haussmann Baron Eugène - 75cl","p":5.1,"pp":3.57,"u":"4,76 €/L","img":"https://fd5-photos.leclercdrive.fr/image.ashx?id=1663474&use=l&cat=p&typeid=i","cat":289556},{"id":103030,"n":"World Mix Haribo Boîte bonbons - 750g","p":5.64,"u":"7,52 €/KG","img":"https://fd5-photos.leclercdrive.fr/image.ashx?id=2984913&use=l&cat=p&typeid=i","cat":304250},{"id":103032,"n":"Baguette viennoise  La Boulangère - x6 - 510g","p":2.3,"pp":1.61,"u":"3,16 €/KG","img":"https://fd5-photos.leclercdrive.fr/image.ashx?id=2912413&use=l&cat=p&typeid=i","cat":284985},{"id":103036,"n":"Pâte brisée Marie Pur beurre - 230g","p":1.33,"u":"5,78 €/KG","img":"https://fd5-photos.leclercdrive.fr/image.ashx?id=2318540&use=l&cat=p&typeid=i","cat":333681},{"id":103046,"n":"Céréales Trésor Kellogg's Chocolat Noisette - 750g","p":5.44,"u":"7,25 €/KG","img":"https://fd5-photos.leclercdrive.fr/image.ashx?id=2586291&use=l&cat=p&typeid=i","cat":309513},{"id":103047,"n":"Nutella Biscuit pâte à tartiner Cacao Noisettes - 304g","p":2.94,"u":"9,67 €/KG","img":"https://fd5-photos.leclercdrive.fr/image.ashx?id=2896432&use=l&cat=p&typeid=i","cat":284488},{"id":103050,"n":"Céréales Trésor de Kellogg's Chocolat au lait - 750g","p":5.56,"u":"7,41 €/KG","img":"https://fd5-photos.leclercdrive.fr/image.ashx?id=1662239&use=l&cat=p&typeid=i","cat":309513},{"id":103063,"n":"Paille Pik Haribo Sachet bonbons acidulés - 180g","p":1.89,"u":"10,50 €/KG","img":"https://fd5-photos.leclercdrive.fr/image.ashx?id=2984922&use=l&cat=p&typeid=i","cat":304250},{"id":103074,"n":"Tajine de Légumes Grillés Cassegrain à la Coriandre 375g","p":3.94,"u":"10,51 €/KG","img":"https://fd5-photos.leclercdrive.fr/image.ashx?id=2636955&use=l&cat=p&typeid=i","cat":312612},{"id":103078,"n":"Cocobat Haribo Sachet bonbons réglisse - 300g","p":1.78,"u":"5,93 €/KG","img":"https://fd5-photos.leclercdrive.fr/image.ashx?id=2805231&use=l&cat=p&typeid=i","cat":304250},{"id":103093,"n":"Beurre gastronomique Président Doux - 82% MG - 225g","p":2.9,"u":"12,89 €/KG","img":"https://fd5-photos.leclercdrive.fr/image.ashx?id=2653417&use=l&cat=p&typeid=i","cat":284379},{"id":103094,"n":"Crème légère semi épaisse  Bridélice 18%mg - 2x25cl","p":2.48,"u":"4,96 €/L","img":"https://fd5-photos.leclercdrive.fr/image.ashx?id=2806156&use=l&cat=p&typeid=i","cat":284381},{"id":103104,"n":"Crème entière 30% Président 2x25cl","p":3.44,"u":"6,88 €/L","img":"https://fd5-photos.leclercdrive.fr/image.ashx?id=2973577&use=l&cat=p&typeid=i","cat":284381},{"id":103131,"n":"Boisson lactée Danao Pêche Abricot - 1.35L","p":3.58,"u":"2,65 €/L","img":"https://fd5-photos.leclercdrive.fr/image.ashx?id=2638319&use=l&cat=p&typeid=i","cat":285435},{"id":103144,"n":"Bière blonde Bud 5% - 6x25cl","p":4.83,"u":"3,22 €/L","img":"https://fd5-photos.leclercdrive.fr/image.ashx?id=2481032&use=l&cat=p&typeid=i","cat":334873},{"id":103150,"n":"Bière Rouge Kasteel 33cl","p":2.12,"u":"6,42 €/L","img":"https://fd5-photos.leclercdrive.fr/image.ashx?id=2433449&use=l&cat=p&typeid=i","cat":334872},{"id":103157,"n":"Rissolées Pom Bistro à la Graisse de Canard - 500g","p":3.28,"u":"6,56 €/KG","img":"https://fd5-photos.leclercdrive.fr/image.ashx?id=2866430&use=l&cat=p&typeid=i","cat":319792},{"id":103158,"n":"Tartine Grilletine de Pasquier Sans sucre ajouté - x18 - 255g","p":1.89,"u":"7,41 €/KG","img":"https://fd5-photos.leclercdrive.fr/image.ashx?id=2333057&use=l&cat=p&typeid=i","cat":284479},{"id":103183,"n":"Bières blonde Desperados Lime - 6x33cl","p":8.99,"u":"4,54 €/L","img":"https://fd5-photos.leclercdrive.fr/image.ashx?id=2638163&use=l&cat=p&typeid=i","cat":334878},{"id":103184,"n":"IGP Cidre doux Val de Rance De Dégustation Bretagne - 75cl","p":3.05,"u":"4,07 €/L","img":"https://fd5-photos.leclercdrive.fr/image.ashx?id=2020722&use=l&cat=p&typeid=i","cat":334880},{"id":103185,"n":"Eau minérale naturelle Volvic fontaine - 8L","p":2.94,"u":"0,37 €/L","img":"https://fd5-photos.leclercdrive.fr/image.ashx?id=2771675&use=l&cat=p&typeid=i","cat":284535},{"id":103186,"n":"Boisson Citronnade Jafaden 1.5L","p":1.31,"u":"0,87 €/L","img":"https://fd5-photos.leclercdrive.fr/image.ashx?id=2591415&use=l&cat=p&typeid=i","cat":295018},{"id":103189,"n":"IGP Cidre Brut Val de Rance De dégustation Bretagne 75cl","p":3.05,"u":"4,07 €/L","img":"https://fd5-photos.leclercdrive.fr/image.ashx?id=2020719&use=l&cat=p&typeid=i","cat":334880},{"id":103191,"n":"Bière sans alcool Tourtel Twist Pêche 0,0° - 6x27,5cl","p":3.97,"u":"2,41 €/L","img":"https://fd5-photos.leclercdrive.fr/image.ashx?id=2896564&use=l&cat=p&typeid=i","cat":334877},{"id":103197,"n":"Boisson thé infusé Fresh Tea Passion - 1L","p":0.99,"u":"0,99 €/L","img":"https://fd5-photos.leclercdrive.fr/image.ashx?id=3003064&use=l&cat=p&typeid=i","cat":295019},{"id":103203,"n":"Mélange Tropical  500g - Daco Bello","p":4.83,"u":"9,66 €/KG","img":"https://fd5-photos.leclercdrive.fr/image.ashx?id=2292895&use=l&cat=p&typeid=i","cat":316002},{"id":103207,"n":"Noix de Cajou grillées Non salées - 175g","p":4.46,"u":"25,49 €/KG","img":"https://fd5-photos.leclercdrive.fr/image.ashx?id=2298541&use=l&cat=p&typeid=i","cat":316002},{"id":103259,"n":"IGP Méditerrannée rouge Cellier des Dauphins 6x25cl","p":9.28,"u":"6,19 €/L","img":"https://fd5-photos.leclercdrive.fr/image.ashx?id=2338144&use=l&cat=p&typeid=i","cat":289556},{"id":103260,"n":"Complément alimentaire Biosens Stimulant minceur Bio - 23g","p":4.23,"u":"183,91 €/KG","img":"https://fd5-photos.leclercdrive.fr/image.ashx?id=2084645&use=l&cat=p&typeid=i","cat":284632},{"id":103266,"n":"Complément alimentaire Biosens Bio Jambe légère - 27g","p":5.49,"u":"203,33 €/KG","img":"https://fd5-photos.leclercdrive.fr/image.ashx?id=2190587&use=l&cat=p&typeid=i","cat":284632},{"id":103269,"n":"Gaufres fourrées Lotus Coeur fondant vanille - 310g","p":2.49,"u":"8,03 €/KG","img":"https://fd5-photos.leclercdrive.fr/image.ashx?id=2695890&use=l&cat=p&typeid=i","cat":294777},{"id":103270,"n":"The bio tuocha kilo Biosens Tenace - 30g","p":2.7,"u":"90,00 €/KG","img":"https://fd5-photos.leclercdrive.fr/image.ashx?id=2985288&use=l&cat=p&typeid=i","cat":284632},{"id":103272,"n":"Gellules vegan Biosens Activateur transit bio - 24g","p":4.56,"u":"190,00 €/KG","img":"https://fd5-photos.leclercdrive.fr/image.ashx?id=2190251&use=l&cat=p&typeid=i","cat":284632},{"id":103280,"n":"Sel marin Herbamare Bio - 275g","p":3.74,"u":"13,60 €/KG","img":"https://fd5-photos.leclercdrive.fr/image.ashx?id=2099744&use=l&cat=p&typeid=i","cat":284457},{"id":103281,"n":"Bière Blonde Jade sans alcool Bio - 6x25cl","p":5.54,"u":"3,69 €/L","img":"https://fd5-photos.leclercdrive.fr/image.ashx?id=2970978&use=l&cat=p&typeid=i","cat":334877},{"id":103283,"n":"IGP Cidre Bio Val de Rance Brut - 75cl","p":2.97,"u":"3,96 €/L","img":"https://fd5-photos.leclercdrive.fr/image.ashx?id=2277143&use=l&cat=p&typeid=i","cat":334880},{"id":103285,"n":"Poisson pané Findus Colin  Alaska Fish and Chips x4 - 400g","p":3.15,"u":"7,88 €/KG","img":"https://fd5-photos.leclercdrive.fr/image.ashx?id=2985348&use=l&cat=p&typeid=i","cat":319788},{"id":103300,"n":"Infusion Jardin Bio Digestion bio - 20 sachet - 28g","p":2.79,"u":"99,64 €/KG","img":"https://fd5-photos.leclercdrive.fr/image.ashx?id=2990685&use=l&cat=p&typeid=i","cat":293234},{"id":103301,"n":"Pizza 3 Fromages Label Rouge 430g","p":6.74,"u":"15,67 €/KG","img":"https://fd5-photos.leclercdrive.fr/image.ashx?id=2439113&use=l&cat=p&typeid=i","cat":284256},{"id":103302,"n":"Miel squeeze Jardin Biologique 250ml","p":3.7,"u":"14,80 €/L","img":"https://fd5-photos.leclercdrive.fr/image.ashx?id=2668572&use=l&cat=p&typeid=i","cat":287643},{"id":103315,"n":"AOP Côtes de Provence rosé Château Reillanne - 75cl","p":7.31,"u":"9,75 €/L","img":"https://fd5-photos.leclercdrive.fr/image.ashx?id=2669487&use=l&cat=p&typeid=i","cat":289558},{"id":103317,"n":"Sauce Jardin Biologique Arrabbiata - 200g","p":2.13,"u":"10,65 €/KG","img":"https://fd5-photos.leclercdrive.fr/image.ashx?id=1963170&use=l&cat=p&typeid=i","cat":287599},{"id":103368,"n":"Yaourts lait de brebis Corsica Cedrat - 2x125g","p":2.88,"u":"11,52 €/KG","img":"https://fd5-photos.leclercdrive.fr/image.ashx?id=1663334&use=l&cat=p&typeid=i","cat":314998},{"id":103370,"n":"Matière grasse Bio St-Hubert Demi-sel - 490g","p":6.21,"u":"12,67 €/KG","img":"https://fd5-photos.leclercdrive.fr/image.ashx?id=2713204&use=l&cat=p&typeid=i","cat":315229},{"id":103377,"n":"Cornichons bio Bio Village Vinaigre - 185g","p":2.4,"u":"12,97 €/KG","img":"https://fd5-photos.leclercdrive.fr/image.ashx?id=2974849&use=l&cat=p&typeid=i","cat":284458},{"id":103381,"n":"Whisky Grant's  Triple wood 40%vol - 70cl","p":12.39,"u":"17,70 €/L","img":"https://fd5-photos.leclercdrive.fr/image.ashx?id=2866022&use=l&cat=p&typeid=i","cat":284547},{"id":103384,"n":"IGP Whisky Grant's  Triple wood - 40%vol - 1L","p":17.22,"u":"17,22 €/L","img":"https://fd5-photos.leclercdrive.fr/image.ashx?id=2917531&use=l&cat=p&typeid=i","cat":284547},{"id":103436,"n":"Wrap au blé nature Mission 370g","p":3.23,"u":"8,73 €/KG","img":"https://fd5-photos.leclercdrive.fr/image.ashx?id=2890499&use=l&cat=p&typeid=i","cat":288993},{"id":103437,"n":"Wrap multigrains Mission 370g","p":3.44,"u":"9,30 €/KG","img":"https://fd5-photos.leclercdrive.fr/image.ashx?id=2890505&use=l&cat=p&typeid=i","cat":288993},{"id":103451,"n":"Lingettes sensitive Pampers 4x52","p":5.99,"u":"0,03 €/P","img":"https://fd5-photos.leclercdrive.fr/image.ashx?id=2849280&use=l&cat=p&typeid=i","cat":284738},{"id":103453,"n":"Panaché Falsbourg Grenadine - <0,5% vol. - 6x25cl","p":2.71,"u":"1,81 €/L","img":"https://fd5-photos.leclercdrive.fr/image.ashx?id=2637961&use=l&cat=p&typeid=i","cat":334877},{"id":103470,"n":"Croquettes chat Purina One Poulet chat adulte - 450g","p":2.46,"u":"5,47 €/KG","img":"https://fd5-photos.leclercdrive.fr/image.ashx?id=2902265&use=l&cat=p&typeid=i","cat":284680},{"id":103479,"n":"Tartine Petit Dej Jacquet Complet - 410g","p":1.63,"u":"3,98 €/KG","img":"https://fd5-photos.leclercdrive.fr/image.ashx?id=2991849&use=l&cat=p&typeid=i","cat":284477},{"id":103500,"n":"Panaché Falsbourg <0.5% vol. - 20x25cl","p":5.95,"u":"1,19 €/L","img":"https://fd5-photos.leclercdrive.fr/image.ashx?id=2637970&use=l&cat=p&typeid=i","cat":334877},{"id":103501,"n":"Pochons prémium Plénima chat au Saumon / Dinde - 4x85g","p":1.76,"u":"5,18 €/KG","img":"https://fd5-photos.leclercdrive.fr/image.ashx?id=2361128&use=l&cat=p&typeid=i","cat":285286},{"id":103503,"n":"Capsules Nescafé Dolce Gusto  Espresso Intenso - x16","p":4.39,"u":"39,20 €/KG","img":"https://fd5-photos.leclercdrive.fr/image.ashx?id=3009110&use=l&cat=p&typeid=i","cat":293239},{"id":103505,"n":"Barre de céréales Nature Valley Protéine chocolat x4-160g","p":2.53,"u":"15,81 €/KG","img":"https://fd5-photos.leclercdrive.fr/image.ashx?id=2657000&use=l&cat=p&typeid=i","cat":285869},{"id":103509,"n":"Yaourt à boire Yop Aromatisé Fraise - 825g","p":1.56,"u":"1,89 €/KG","img":"https://fd5-photos.leclercdrive.fr/image.ashx?id=2855564&use=l&cat=p&typeid=i","cat":284415},{"id":103543,"n":"Crème glacée Haagen Dazs Caramel Biscuit cream - 560g","p":5.12,"u":"9,14 €/KG","img":"https://fd5-photos.leclercdrive.fr/image.ashx?id=2893414&use=l&cat=p&typeid=i","cat":284725},{"id":103546,"n":"Crème glacée Haagen Dazs  Vanilla Pecan - 560g","p":5.12,"u":"9,14 €/KG","img":"https://fd5-photos.leclercdrive.fr/image.ashx?id=2893423&use=l&cat=p&typeid=i","cat":284725},{"id":103561,"n":"Barre de céréales Nature Valley  Protéine caramel salé x4 - 160","p":2.75,"u":"17,19 €/KG","img":"https://fd5-photos.leclercdrive.fr/image.ashx?id=2657003&use=l&cat=p&typeid=i","cat":285869},{"id":103563,"n":"Batonnets de glace Nuii Salted Caramel macadamia - 272g","p":4.25,"u":"15,63 €/KG","img":"https://fd5-photos.leclercdrive.fr/image.ashx?id=2506798&use=l&cat=p&typeid=i","cat":284265},{"id":103566,"n":"Batonnets de glaces Nuii Almond & java vanilla - x4","p":4.14,"u":"15,45 €/KG","img":"https://fd5-photos.leclercdrive.fr/image.ashx?id=2506801&use=l&cat=p&typeid=i","cat":284265},{"id":103619,"n":"Crème glacée Häagen-Dazs  Vanille - 400g","p":4.11,"u":"10,28 €/KG","img":"https://fd5-photos.leclercdrive.fr/image.ashx?id=2893429&use=l&cat=p&typeid=i","cat":284725},{"id":103621,"n":"Crème glacée Häagen-Dazs  Vanille pécan - 400g","p":4.15,"u":"10,38 €/KG","img":"https://fd5-photos.leclercdrive.fr/image.ashx?id=2893438&use=l&cat=p&typeid=i","cat":284725},{"id":103657,"n":"Crème glacée Häagen-Dazs  Vanille noix macadamia - 400g","p":4.52,"u":"11,30 €/KG","img":"https://fd5-photos.leclercdrive.fr/image.ashx?id=2893444&use=l&cat=p&typeid=i","cat":284725},{"id":103665,"n":"Mini pots Häagen-Dazs  Caramel attraction x4 - 318g","p":5.43,"u":"16,92 €/KG","img":"https://fd5-photos.leclercdrive.fr/image.ashx?id=2992852&use=l&cat=p&typeid=i","cat":284725},{"id":103680,"n":"Mini pots Häagen-Dazs Vanille  noix de macadamia x4 - 324g","p":4.99,"u":"15,40 €/KG","img":"https://fd5-photos.leclercdrive.fr/image.ashx?id=3000162&use=l&cat=p&typeid=i","cat":284725},{"id":103684,"n":"Mini pots Häagen-Dazs  Favorite selection x4 - 318g","p":4.78,"u":"15,03 €/KG","img":"https://fd5-photos.leclercdrive.fr/image.ashx?id=3000165&use=l&cat=p&typeid=i","cat":284725},{"id":103692,"n":"Crème glacée Häagen-Dazs  Beurre de cacahuètes - 400g","p":4.51,"u":"11,28 €/KG","img":"https://fd5-photos.leclercdrive.fr/image.ashx?id=2893507&use=l&cat=p&typeid=i","cat":284725},{"id":103696,"n":"Fromage Maasdam Les Croisés 150g","p":1.99,"u":"13,27 €/KG","img":"https://fd5-photos.leclercdrive.fr/image.ashx?id=2031859&use=l&cat=p&typeid=i","cat":314028},{"id":103697,"n":"Dentifrice Integral 8 Signal Nature Elements Charbon 75ml","p":1.72,"u":"22,93 €/L","img":"https://fd5-photos.leclercdrive.fr/image.ashx?id=2974662&use=l&cat=p&typeid=i","cat":284612},{"id":103719,"n":"Démêlant intensif Elsève Cheveu abîmé Dream Long - 180ml","p":4.12,"u":"22,89 €/L","img":"https://fd5-photos.leclercdrive.fr/image.ashx?id=2439284&use=l&cat=p&typeid=i","cat":284607},{"id":103726,"n":"Masque Violet Démêlant Elsève Color-Vive - 150ml","p":5.9,"u":"39,33 €/L","img":"https://fd5-photos.leclercdrive.fr/image.ashx?id=2439281&use=l&cat=p&typeid=i","cat":284608},{"id":103728,"n":"Shampoing Violet Elsève Color-Vive Déjaunisseur - 200ml","p":3.3,"u":"16,50 €/L","img":"https://fd5-photos.leclercdrive.fr/image.ashx?id=2278121&use=l&cat=p&typeid=i","cat":284606},{"id":103733,"n":"Gel multi-purifiant Men Expert Pur charbon - 100ml","p":4.29,"u":"42,90 €/L","img":"https://fd5-photos.leclercdrive.fr/image.ashx?id=2339030&use=l&cat=p&typeid=i","cat":284622},{"id":103734,"n":"Gel désincrustant Men Expert Anti-pores encrassés - 100ml","p":5.57,"u":"55,70 €/L","img":"https://fd5-photos.leclercdrive.fr/image.ashx?id=2458724&use=l&cat=p&typeid=i","cat":284603},{"id":103780,"n":"Pâte feuilletée Marie Pur beurre - 230g","p":1.46,"u":"6,35 €/KG","img":"https://fd5-photos.leclercdrive.fr/image.ashx?id=2318543&use=l&cat=p&typeid=i","cat":333681},{"id":103800,"n":"Bière blonde Leffe  6,6% - 12x25cl","p":8.88,"u":"2,96 €/L","img":"https://fd5-photos.leclercdrive.fr/image.ashx?id=2995424&use=l&cat=p&typeid=i","cat":334852},{"id":103806,"n":"Sac poubelle 30L Alfapac Ultra résistant Poignées - x15","p":2.65,"u":"0,18 €/P","img":"https://fd5-photos.leclercdrive.fr/image.ashx?id=2526887&use=l&cat=p&typeid=i","cat":285168},{"id":103808,"n":"Yaourt à boire Yop Aromatisé Framboise - 825g","p":1.89,"u":"2,29 €/KG","img":"https://fd5-photos.leclercdrive.fr/image.ashx?id=2855567&use=l&cat=p&typeid=i","cat":284415},{"id":103813,"n":"Yaourt à boire Yop Aromatisé Vanille - 825g","p":1.56,"u":"1,89 €/KG","img":"https://fd5-photos.leclercdrive.fr/image.ashx?id=2855570&use=l&cat=p&typeid=i","cat":284415},{"id":103816,"n":"Bâtonnets Trium   Poire chocolat - x4 - 302g","p":3.19,"u":"10,56 €/KG","img":"https://fd5-photos.leclercdrive.fr/image.ashx?id=2920779&use=l&cat=p&typeid=i","cat":284265},{"id":103818,"n":"Mangue Douceur du Verger Morceaux - 650g","p":5.71,"u":"8,78 €/KG","img":"https://fd5-photos.leclercdrive.fr/image.ashx?id=2898257&use=l&cat=p&typeid=i","cat":284268},{"id":103822,"n":"Pizza Crousti Moelleuse Extrême Marie Tartiflette - 550g","p":4.3,"u":"7,82 €/KG","img":"https://fd5-photos.leclercdrive.fr/image.ashx?id=2996764&use=l&cat=p&typeid=i","cat":284256},{"id":103826,"n":"Cône Extrême Vanille praline - x6 -426g","p":3.53,"u":"8,29 €/KG","img":"https://fd5-photos.leclercdrive.fr/image.ashx?id=2838422&use=l&cat=p&typeid=i","cat":284264},{"id":103844,"n":"IGP Ile de Beauté vin rosé Terres Ocrées 12% vol - 75cl","p":3.99,"u":"5,32 €/L","img":"https://fd5-photos.leclercdrive.fr/image.ashx?id=2846526&use=l&cat=p&typeid=i","cat":289558},{"id":103891,"n":"Crème glacée Häagen-Dazs  Caramel au beurre salé - 400g","p":4.67,"u":"11,68 €/KG","img":"https://fd5-photos.leclercdrive.fr/image.ashx?id=2893435&use=l&cat=p&typeid=i","cat":284725},{"id":103914,"n":"Whisky Bushmill's Classic 40%vol - 70cl","p":19.65,"u":"28,07 €/L","img":"https://fd5-photos.leclercdrive.fr/image.ashx?id=2484449&use=l&cat=p&typeid=i","cat":284547},{"id":103918,"n":"Bâtonnets  Maple  Peanut Butter et candian - x4","p":4.5,"u":"1,13 €/P","img":"https://fd5-photos.leclercdrive.fr/image.ashx?id=2506810&use=l&cat=p&typeid=i","cat":284265},{"id":103919,"n":"Bâtonnets  Nuii Idaho Valley  Cookies mint x4 - 244g","p":4.24,"u":"17,38 €/KG","img":"https://fd5-photos.leclercdrive.fr/image.ashx?id=2506807&use=l&cat=p&typeid=i","cat":284265},{"id":103922,"n":"Batonnets Nuii White chocolate&scandinavia x4","p":4.19,"u":"1,05 €/P","img":"https://fd5-photos.leclercdrive.fr/image.ashx?id=2922149&use=l&cat=p&typeid=i","cat":284265},{"id":103945,"n":"Escalope de dinde Le Gaulois Oui C'est Bon x2 - 240g","p":3.34,"u":"13,92 €/KG","img":"https://fd5-photos.leclercdrive.fr/image.ashx?id=2605580&use=l&cat=p&typeid=i","cat":284337},{"id":103949,"n":"Nettoyant universel anti-traces 750ml","p":3.05,"u":"4,07 €/L","img":"https://fd5-photos.leclercdrive.fr/image.ashx?id=3000731&use=l&cat=p&typeid=i","cat":325357},{"id":103969,"n":"Escalope de dinde Le Gaulois Fine - Oui C'est Bon x2 - 240g","p":5.01,"u":"20,88 €/KG","img":"https://fd5-photos.leclercdrive.fr/image.ashx?id=2605574&use=l&cat=p&typeid=i","cat":284337},{"id":103991,"n":"Pâtes De Cecco Spaghetti n°12  - 500g","p":1.76,"u":"3,52 €/KG","img":"https://fd5-photos.leclercdrive.fr/image.ashx?id=2974033&use=l&cat=p&typeid=i","cat":284427},{"id":103993,"n":"IGP Méditerranée rosé St Sagnol - 75cl","p":3.19,"u":"4,25 €/L","img":"https://fd5-photos.leclercdrive.fr/image.ashx?id=2923768&use=l&cat=p&typeid=i","cat":289558},{"id":104008,"n":"Jus innocent tutti frutti 900ml","p":2.53,"u":"2,81 €/L","img":"https://fd5-photos.leclercdrive.fr/image.ashx?id=2861737&use=l&cat=p&typeid=i","cat":285435},{"id":104019,"n":"Rhum paille St James 40%vol - 70cl","p":11.3,"u":"16,14 €/L","img":"https://fd5-photos.leclercdrive.fr/image.ashx?id=2970867&use=l&cat=p&typeid=i","cat":284550},{"id":104029,"n":"Masque Le Petit Olivier Olive / karité / argan - 330 ml","p":4.76,"u":"14,42 €/L","img":"https://fd5-photos.leclercdrive.fr/image.ashx?id=1670661&use=l&cat=p&typeid=i","cat":284608},{"id":104031,"n":"Crème soin Le Petit Olivier Olive / karité / argan - 200 ml","p":3.28,"u":"16,40 €/L","img":"https://fd5-photos.leclercdrive.fr/image.ashx?id=2144854&use=l&cat=p&typeid=i","cat":284607},{"id":104034,"n":"Jus innocent plus  zest défense 750ml","p":2.62,"u":"3,49 €/L","img":"https://fd5-photos.leclercdrive.fr/image.ashx?id=2736574&use=l&cat=p&typeid=i","cat":285435},{"id":104036,"n":"Jus innocent plus  énergie chérie 750ml","p":2.63,"u":"3,51 €/L","img":"https://fd5-photos.leclercdrive.fr/image.ashx?id=2901082&use=l&cat=p&typeid=i","cat":284354},{"id":104042,"n":"Croissants et pains au chocolat  10x1P","p":3.39,"u":"0,34 €/P","img":"https://fd5-photos.leclercdrive.fr/image.ashx?id=637558&use=l&cat=p&typeid=i","cat":284984},{"id":104053,"n":"Perle duo Gourmet Poisson et viandes - 12x85g","p":5.65,"u":"5,54 €/KG","img":"https://fd5-photos.leclercdrive.fr/image.ashx?id=2861761&use=l&cat=p&typeid=i","cat":285286},{"id":104062,"n":"Brioches Doowap Harrys X8 -320g Pépites choco sans additif","p":2.22,"u":"6,94 €/KG","img":"https://fd5-photos.leclercdrive.fr/image.ashx?id=2502998&use=l&cat=p&typeid=i","cat":293505},{"id":104069,"n":"Fruits au sirop St Mamet Ananas Mandarine - 4x80g","p":4.48,"u":"14,00 €/KG","img":"https://fd5-photos.leclercdrive.fr/image.ashx?id=2429227&use=l&cat=p&typeid=i","cat":284507},{"id":104073,"n":"100% Pur Jus Jafaden Pamplemousse- 1L","p":1.99,"u":"1,99 €/L","img":"https://fd5-photos.leclercdrive.fr/image.ashx?id=2956771&use=l&cat=p&typeid=i","cat":284914},{"id":104089,"n":"AOP Champagne Fondateur Vranken Brut - 75cl","p":17.9,"u":"23,87 €/L","img":"https://fd5-photos.leclercdrive.fr/image.ashx?id=2662012&use=l&cat=p&typeid=i","cat":284542},{"id":104090,"n":"Bouillon Cube Bio Maggi Volaille - 80g","p":1.75,"u":"21,88 €/KG","img":"https://fd5-photos.leclercdrive.fr/image.ashx?id=2882923&use=l&cat=p&typeid=i","cat":288379},{"id":104091,"n":"Bouillon Bio Cube Maggi Légumes - 80g","p":1.79,"u":"22,38 €/KG","img":"https://fd5-photos.leclercdrive.fr/image.ashx?id=2737786&use=l&cat=p&typeid=i","cat":288379},{"id":104092,"n":"Tagada Zip Fraîcheur Haribo Sachet bonbons - 220g","p":1.29,"u":"5,86 €/KG","img":"https://fd5-photos.leclercdrive.fr/image.ashx?id=2802359&use=l&cat=p&typeid=i","cat":304250},{"id":104097,"n":"Fruits au sirop St Mamet Pêche douceur - 4x65g","p":3.61,"u":"13,88 €/KG","img":"https://fd5-photos.leclercdrive.fr/image.ashx?id=2429224&use=l&cat=p&typeid=i","cat":284507},{"id":104105,"n":"Cerneaux de noix pécan Vahiné 50g","p":1.89,"u":"37,80 €/KG","img":"https://fd5-photos.leclercdrive.fr/image.ashx?id=2474314&use=l&cat=p&typeid=i","cat":284504},{"id":104109,"n":"Les Timbales Gourmet Gold Boeuf plet saumon - 12x85g","p":6.02,"u":"5,90 €/KG","img":"https://fd5-photos.leclercdrive.fr/image.ashx?id=2861764&use=l&cat=p&typeid=i","cat":285286},{"id":104110,"n":"Fruits au sirop St Mamet Cocktail de fruits - 4x65g","p":3.4,"u":"13,08 €/KG","img":"https://fd5-photos.leclercdrive.fr/image.ashx?id=2429230&use=l&cat=p&typeid=i","cat":284507},{"id":104113,"n":"Brioches Doowap Harrys X12-480g Pépites choco sans additif","p":3.12,"u":"6,50 €/KG","img":"https://fd5-photos.leclercdrive.fr/image.ashx?id=2503001&use=l&cat=p&typeid=i","cat":293505},{"id":104114,"n":"Brioches Doowap Harrys X8 -320g Pépites choco lait sans additif","p":2.22,"u":"6,94 €/KG","img":"https://fd5-photos.leclercdrive.fr/image.ashx?id=2503004&use=l&cat=p&typeid=i","cat":293505},{"id":104115,"n":"Brioches Doowap Harrys X12-480g Pépites choco lait sans additif","p":3.96,"u":"8,25 €/KG","img":"https://fd5-photos.leclercdrive.fr/image.ashx?id=2503007&use=l&cat=p&typeid=i","cat":293505},{"id":104121,"n":"Noix de cajou Benenuts Grillées à sec -165g","p":4.31,"u":"26,12 €/KG","img":"https://fd5-photos.leclercdrive.fr/image.ashx?id=2391786&use=l&cat=p&typeid=i","cat":284448},{"id":104133,"n":"Pépites chocolat au lait Vahiné 200g","p":3.84,"u":"19,20 €/KG","img":"https://fd5-photos.leclercdrive.fr/image.ashx?id=2559784&use=l&cat=p&typeid=i","cat":284504},{"id":104188,"n":"Chips Tyrrell's Légèrement salées - 150g","p":2.19,"u":"14,60 €/KG","img":"https://fd5-photos.leclercdrive.fr/image.ashx?id=2924731&use=l&cat=p&typeid=i","cat":284447},{"id":104193,"n":"Coton-tiges Inell Recharge Tiges papier - x160","p":0.4,"img":"https://fd5-photos.leclercdrive.fr/image.ashx?id=2440775&use=l&cat=p&typeid=i","cat":284636},{"id":104194,"n":"Coton-tige Lotus Bio - x160 bâtonnets","p":0.72,"img":"https://fd5-photos.leclercdrive.fr/image.ashx?id=2506840&use=l&cat=p&typeid=i","cat":284636},{"id":104274,"n":"Cachir boeuf piquant Oriental Viandes - 450g","p":2.11,"u":"211,00 €/L","img":"https://fd5-photos.leclercdrive.fr/image.ashx?id=2505840&use=l&cat=p&typeid=i","cat":316013},{"id":104290,"n":"Pain de mie Schär - Vital Sans gluten - 350g","p":4.09,"u":"11,69 €/KG","img":"https://fd5-photos.leclercdrive.fr/image.ashx?id=2674890&use=l&cat=p&typeid=i","cat":318654},{"id":104291,"n":"Pignons de pins Sainte-Lucie Parasol - Sachet 50g","p":3.17,"u":"63,40 €/KG","img":"https://fd5-photos.leclercdrive.fr/image.ashx?id=2774334&use=l&cat=p&typeid=i","cat":284504},{"id":104293,"n":"Pépites chunks Vahine 3 chocolats - 100g","p":2.69,"u":"26,90 €/KG","img":"https://fd5-photos.leclercdrive.fr/image.ashx?id=2559871&use=l&cat=p&typeid=i","cat":284504},{"id":104296,"n":"Mon 1er biscuit bio Hipp Bio Dès 6 mois - 180g","p":2.42,"u":"13,44 €/KG","img":"https://fd5-photos.leclercdrive.fr/image.ashx?id=2788823&use=l&cat=p&typeid=i","cat":312227},{"id":104299,"n":"Bière aromatisée Belzebuth Ginger Blanche -  4,5° - 33cl","p":1.74,"u":"5,27 €/L","img":"https://fd5-photos.leclercdrive.fr/image.ashx?id=2906295&use=l&cat=p&typeid=i","cat":334872},{"id":104300,"n":"Bières Triple Secret Moines Brune - 8%vol - 33cl","p":1.87,"u":"5,67 €/L","img":"https://fd5-photos.leclercdrive.fr/image.ashx?id=2020425&use=l&cat=p&typeid=i","cat":334872},{"id":104306,"n":"Fromage Bleu de brebis Société  110g","p":2.35,"u":"21,36 €/KG","img":"https://fd5-photos.leclercdrive.fr/image.ashx?id=2729725&use=l&cat=p&typeid=i","cat":314032},{"id":104325,"n":"Barres Figue GERBLE   - 150g","p":3.14,"u":"20,93 €/KG","img":"https://fd5-photos.leclercdrive.fr/image.ashx?id=2664085&use=l&cat=p&typeid=i","cat":318652},{"id":104349,"n":"AOP Cabernet d'Anjou rosé Plessis-Duval - 3L","p":17.46,"u":"5,82 €/L","img":"https://fd5-photos.leclercdrive.fr/image.ashx?id=2941038&use=l&cat=p&typeid=i","cat":289558},{"id":104365,"n":"Nouilles Ramen Tanoshi Poulet Teriyaki - 360g","p":2.82,"u":"7,83 €/KG","img":"https://fd5-photos.leclercdrive.fr/image.ashx?id=2912062&use=l&cat=p&typeid=i","cat":288992},{"id":104395,"n":"Bière La Bête blanche 33cl","p":2.33,"u":"7,06 €/L","img":"https://fd5-photos.leclercdrive.fr/image.ashx?id=1672420&use=l&cat=p&typeid=i","cat":334878},{"id":104412,"n":"Le paté Henaff Bio - 76g","p":1.72,"u":"22,63 €/KG","img":"https://fd5-photos.leclercdrive.fr/image.ashx?id=2432770&use=l&cat=p&typeid=i","cat":305149},{"id":104468,"n":"Fromage apéritif Apéricube Long drink 48 cubes","p":4.17,"u":"16,68 €/KG","img":"https://fd5-photos.leclercdrive.fr/image.ashx?id=2882674&use=l&cat=p&typeid=i","cat":314027},{"id":104470,"n":"Fromage apéritif Apéricube Tonic 48 cubes","p":4.04,"u":"16,16 €/KG","img":"https://fd5-photos.leclercdrive.fr/image.ashx?id=2882677&use=l&cat=p&typeid=i","cat":314027},{"id":104471,"n":"Fromage apéritif Apericube  Cocktail 48 cubes","p":4.17,"u":"16,68 €/KG","img":"https://fd5-photos.leclercdrive.fr/image.ashx?id=2882680&use=l&cat=p&typeid=i","cat":314027},{"id":104484,"n":"Tropicana Jus d'orange Avec Pulpe - 90cl","p":2.54,"u":"2,82 €/L","img":"https://fd5-photos.leclercdrive.fr/image.ashx?id=3011140&use=l&cat=p&typeid=i","cat":285435},{"id":104485,"n":"Tropicana Jus d'orange Sans pulpe - 90cl","p":2.85,"u":"3,17 €/L","img":"https://fd5-photos.leclercdrive.fr/image.ashx?id=2524266&use=l&cat=p&typeid=i","cat":285435},{"id":104603,"n":"Lamelles kebab Maître Coq 1kg","p":13.08,"u":"13,08 €/KG","img":"https://fd5-photos.leclercdrive.fr/image.ashx?id=2101441&use=l&cat=p&typeid=i","cat":319780},{"id":104609,"n":"Thon entier Petit Navire Au naturel - MSC - 2x56g","p":2.65,"u":"23,66 €/KG","img":"https://fd5-photos.leclercdrive.fr/image.ashx?id=2909977&use=l&cat=p&typeid=i","cat":303867},{"id":104669,"n":"Bière blonde Bud 5% - 20x25cl","p":13.75,"u":"2,75 €/L","img":"https://fd5-photos.leclercdrive.fr/image.ashx?id=3009047&use=l&cat=p&typeid=i","cat":334873},{"id":104674,"n":"Eau gazeuse aromatisée Badoit Citron fraise - 1L","p":1.67,"u":"1,67 €/L","img":"https://fd5-photos.leclercdrive.fr/image.ashx?id=2730664&use=l&cat=p&typeid=i","cat":284536},{"id":104880,"n":"Barres Céréales Extra Kellogg's Chocolat au lait - 4x32g","p":3.02,"u":"23,59 €/KG","img":"https://fd5-photos.leclercdrive.fr/image.ashx?id=2736610&use=l&cat=p&typeid=i","cat":285869},{"id":104888,"n":"Miettes de Thon Eco + Huile - 104g","p":0.82,"u":"7,88 €/KG","img":"https://fd5-photos.leclercdrive.fr/image.ashx?id=2824241&use=l&cat=p&typeid=i","cat":303867},{"id":104889,"n":"Sardines Connetable Nature - 95g","p":2.29,"u":"24,11 €/KG","img":"https://fd5-photos.leclercdrive.fr/image.ashx?id=2664115&use=l&cat=p&typeid=i","cat":305146},{"id":105093,"n":"Crème UHT Elle&Vire Fluide Entière - 30% MG - 2x25cl","p":3.12,"u":"6,24 €/L","img":"https://fd5-photos.leclercdrive.fr/image.ashx?id=2763475&use=l&cat=p&typeid=i","cat":284381},{"id":105108,"n":"Pates De Cecco Tagliatelle n°203 - 500g","p":1.78,"u":"3,56 €/KG","img":"https://fd5-photos.leclercdrive.fr/image.ashx?id=2901145&use=l&cat=p&typeid=i","cat":284427},{"id":105117,"n":"Aguacana cachaça 37.5%vol - 70cl","p":12.57,"u":"17,96 €/L","img":"https://fd5-photos.leclercdrive.fr/image.ashx?id=2961801&use=l&cat=p&typeid=i","cat":284550},{"id":105119,"n":"AOP Champagne Brut Piper Heidsieck - 75cl","p":27.27,"u":"36,36 €/L","img":"https://fd5-photos.leclercdrive.fr/image.ashx?id=2431548&use=l&cat=p&typeid=i","cat":284542},{"id":105120,"n":"Saucisson Justin Bridou Mini Délice Noix jambon - 80g","p":2.9,"u":"36,25 €/KG","img":"https://fd5-photos.leclercdrive.fr/image.ashx?id=2482348&use=l&cat=p&typeid=i","cat":316006},{"id":105127,"n":"Oeufs C'est Qui Le Patron Plein Air - x12","p":4.28,"u":"0,36 €/PRT","img":"https://fd5-photos.leclercdrive.fr/image.ashx?id=2476506&use=l&cat=p&typeid=i","cat":284378},{"id":105128,"n":"Oeufs C'est Qui Le Patron Plein Air - x6","p":1.74,"u":"0,29 €/P","img":"https://fd5-photos.leclercdrive.fr/image.ashx?id=2529909&use=l&cat=p&typeid=i","cat":284378},{"id":105136,"n":"Jambon supérieur Tradilège S/nitrite Découenne - x6 - 210g","p":2.79,"u":"13,29 €/KG","img":"https://fd5-photos.leclercdrive.fr/image.ashx?id=2991524&use=l&cat=p&typeid=i","cat":316009},{"id":105137,"n":"Jambon supérieur Tradilège Sans nitrite x4 - 140g","p":1.85,"u":"13,21 €/KG","img":"https://fd5-photos.leclercdrive.fr/image.ashx?id=2994381&use=l&cat=p&typeid=i","cat":316009},{"id":105140,"n":"Jambon supérieur Tradilège Découenne S/nitrite - x2 - 70g","p":1.3,"u":"18,57 €/KG","img":"https://fd5-photos.leclercdrive.fr/image.ashx?id=2994378&use=l&cat=p&typeid=i","cat":316009},{"id":105156,"n":"Café Moulu Carte Noire  Bio Arabica - 2x250g","p":11.92,"u":"23,84 €/KG","img":"https://fd5-photos.leclercdrive.fr/image.ashx?id=2859887&use=l&cat=p&typeid=i","cat":284750},{"id":105168,"n":"Captain Morgan Original Spiced Boisson à base de rhum - 1L","p":17.61,"u":"17,61 €/L","img":"https://fd5-photos.leclercdrive.fr/image.ashx?id=2586285&use=l&cat=p&typeid=i","cat":284551},{"id":105181,"n":"Bière blonde bio Bio Village  5.5%vol -75cl","p":2.72,"u":"3,63 €/L","img":"https://fd5-photos.leclercdrive.fr/image.ashx?id=2579147&use=l&cat=p&typeid=i","cat":334873},{"id":105182,"n":"Crème desserts Délisse Saveur Praline - 4x100g","p":1.99,"u":"4,98 €/KG","img":"https://fd5-photos.leclercdrive.fr/image.ashx?id=2590925&use=l&cat=p&typeid=i","cat":285041},{"id":105185,"n":"Compote Charles & Alice Pommes Myrtilles - 4x97g","p":2.04,"u":"5,26 €/KG","img":"https://fd5-photos.leclercdrive.fr/image.ashx?id=2900899&use=l&cat=p&typeid=i","cat":284416},{"id":105186,"n":"Compote Charles & Alice Pommes Cerises - 4x97g","p":1.94,"u":"5,00 €/KG","img":"https://fd5-photos.leclercdrive.fr/image.ashx?id=2757686&use=l&cat=p&typeid=i","cat":284416},{"id":105196,"n":"Dessert fruitier Fraise Andros En morceaux - 4x100g","p":2.28,"u":"5,70 €/KG","img":"https://fd5-photos.leclercdrive.fr/image.ashx?id=2845467&use=l&cat=p&typeid=i","cat":284416},{"id":105200,"n":"Aiguillettes de boeuf Charal 200g","p":5.65,"u":"28,25 €/KG","img":"https://fd5-photos.leclercdrive.fr/image.ashx?id=2972448&use=l&cat=p&typeid=i","cat":284328},{"id":105207,"n":"Collant Diam's opaque Dim Jambes fuselées Noir - Taille 2","p":8.5,"img":"https://fd5-photos.leclercdrive.fr/image.ashx?id=2639317&use=l&cat=p&typeid=i","cat":334130},{"id":105208,"n":"Collant Diam's opaque Dim Jambes fuselées noir - Taille 3","p":8.5,"img":"https://fd5-photos.leclercdrive.fr/image.ashx?id=2639320&use=l&cat=p&typeid=i","cat":334130},{"id":105209,"n":"Collant Diam's opaque Dim Jambes fuselées Noir - Taille 4","p":8.5,"img":"https://fd5-photos.leclercdrive.fr/image.ashx?id=2639323&use=l&cat=p&typeid=i","cat":334130},{"id":105214,"n":"Boulettes Garden Gourmet légumes 200g","p":2.42,"u":"12,10 €/KG","img":"https://fd5-photos.leclercdrive.fr/image.ashx?id=2986903&use=l&cat=p&typeid=i","cat":316036},{"id":105223,"n":"Glaces cônes Eco+ Vanille - x8 - 556g","p":1.95,"u":"3,51 €/KG","img":"https://fd5-photos.leclercdrive.fr/image.ashx?id=2742682&use=l&cat=p&typeid=i","cat":284264},{"id":105224,"n":"Gnocchi à poêler Lustucru Extra Mozzarella Tomate - 280g","p":2.59,"u":"9,25 €/KG","img":"https://fd5-photos.leclercdrive.fr/image.ashx?id=2999994&use=l&cat=p&typeid=i","cat":333682},{"id":105320,"n":"Croustillants chèvre Président 6 pièces - 150g","p":3.55,"u":"23,67 €/KG","img":"https://fd5-photos.leclercdrive.fr/image.ashx?id=2856082&use=l&cat=p&typeid=i","cat":314027},{"id":105427,"n":"Beurre gastronomique Président Demi-sel - 80% MG - 225g","p":3.01,"u":"13,38 €/KG","img":"https://fd5-photos.leclercdrive.fr/image.ashx?id=2740553&use=l&cat=p&typeid=i","cat":284379},{"id":105486,"n":"AOP Champagne Brut Tsarine 75cl","p":32.38,"u":"43,17 €/L","img":"https://fd5-photos.leclercdrive.fr/image.ashx?id=2741096&use=l&cat=p&typeid=i","cat":284542},{"id":105742,"n":"Poivre création moulin Ducros 34g","p":3.3,"u":"97,06 €/KG","img":"https://fd5-photos.leclercdrive.fr/image.ashx?id=2354407&use=l&cat=p&typeid=i","cat":284457},{"id":105762,"n":"Aérosol Fulgator Spécial volants - 500ml","p":4.83,"u":"9,66 €/L","img":"https://fd5-photos.leclercdrive.fr/image.ashx?id=2660850&use=l&cat=p&typeid=i","cat":298368},{"id":105782,"n":"Chaussée aux Moines 230g","p":2.68,"u":"11,65 €/KG","img":"https://fd5-photos.leclercdrive.fr/image.ashx?id=2771756&use=l&cat=p&typeid=i","cat":329184},{"id":105867,"n":"AOC Bourgogne Chardonnay Blanc Bouchard Ainé & Fils - 75cl","p":6.6,"u":"8,80 €/L","img":"https://fd5-photos.leclercdrive.fr/image.ashx?id=2917825&use=l&cat=p&typeid=i","cat":289557},{"id":106006,"n":"Pur jus de pomme Jafaden 2L","p":2.29,"u":"1,15 €/L","img":"https://fd5-photos.leclercdrive.fr/image.ashx?id=2956774&use=l&cat=p&typeid=i","cat":284522},{"id":106075,"n":"Chiffonnade Jambon cuit nature Negroni - 85g","p":3.8,"u":"44,71 €/KG","img":"https://fd5-photos.leclercdrive.fr/image.ashx?id=2171279&use=l&cat=p&typeid=i","cat":316009},{"id":106177,"n":"Lot de 3 slips Dim Pockets Noeud coton Stretch-Taille44/46","p":13.15,"u":"4,38 €/P","img":"https://fd5-photos.leclercdrive.fr/image.ashx?id=3000279&use=l&cat=p&typeid=i","cat":291524},{"id":106186,"n":"Lot de 3 boxers Dim Pockets Noeud coton stretch-Taille44/46","p":14.7,"u":"4,90 €/P","img":"https://fd5-photos.leclercdrive.fr/image.ashx?id=2864657&use=l&cat=p&typeid=i","cat":291524},{"id":106265,"n":"Edulcorant Pure Via Stick x40 - 60g","p":3.25,"u":"54,17 €/KG","img":"https://fd5-photos.leclercdrive.fr/image.ashx?id=2590598&use=l&cat=p&typeid=i","cat":324846},{"id":106269,"n":"Edulcorant Pure Via Boite de 65 morceaux - 130g","p":4.78,"u":"36,77 €/KG","img":"https://fd5-photos.leclercdrive.fr/image.ashx?id=2417291&use=l&cat=p&typeid=i","cat":324846},{"id":106271,"n":"Sucre Doypack Pure Via Poudre cristalisée - 250g","p":5.11,"u":"20,44 €/KG","img":"https://fd5-photos.leclercdrive.fr/image.ashx?id=2805381&use=l&cat=p&typeid=i","cat":324846},{"id":106350,"n":"Prosecco Riccadonna Blanc 3x20cl","p":7.46,"u":"12,43 €/L","img":"https://fd5-photos.leclercdrive.fr/image.ashx?id=2663087&use=l&cat=p&typeid=i","cat":289461},{"id":106438,"n":"Boxers coton stretch Dim Gris/rouge/noir - Taille 3 - x3","p":24.95,"u":"8,32 €/P","img":"https://fd5-photos.leclercdrive.fr/image.ashx?id=2195023&use=l&cat=p&typeid=i","cat":291524},{"id":106444,"n":"Boxers coton stretch Dim Noir/gris/blanc - Taille 5 - x3","p":24.95,"u":"8,32 €/P","img":"https://fd5-photos.leclercdrive.fr/image.ashx?id=2185861&use=l&cat=p&typeid=i","cat":291524},{"id":106471,"n":"Plat bébé soir Blédichef 15mois Poireau pomme de terre - 250g","p":1.93,"u":"7,72 €/KG","img":"https://fd5-photos.leclercdrive.fr/image.ashx?id=2143681&use=l&cat=p&typeid=i","cat":312239},{"id":106473,"n":"Repas bébé Blédichef 15 mois Patate légumes poulet - 250g","p":1.97,"u":"7,88 €/KG","img":"https://fd5-photos.leclercdrive.fr/image.ashx?id=2877703&use=l&cat=p&typeid=i","cat":312238},{"id":106474,"n":"Repas bébé Blédichef 15 mois Pdt champignon poulet - 250g","p":1.82,"u":"7,28 €/KG","img":"https://fd5-photos.leclercdrive.fr/image.ashx?id=2479685&use=l&cat=p&typeid=i","cat":312238},{"id":106477,"n":"Repas bébé Blédichef 18 mois  Blanquette de volaille - 250g","p":1.66,"u":"6,64 €/KG","img":"https://fd5-photos.leclercdrive.fr/image.ashx?id=2558861&use=l&cat=p&typeid=i","cat":312238},{"id":106481,"n":"Repas bébé Blédichef 24 mois  Riz légumes poulet curry - 250g","p":1.61,"u":"6,44 €/KG","img":"https://fd5-photos.leclercdrive.fr/image.ashx?id=2951590&use=l&cat=p&typeid=i","cat":312238},{"id":106568,"n":"Tropicana Jus multifruits 90 cl","p":3.3,"u":"3,67 €/L","img":"https://fd5-photos.leclercdrive.fr/image.ashx?id=2529276&use=l&cat=p&typeid=i","cat":285435},{"id":106601,"n":"Lait frais Grandlait Bouteille - 1L","p":1.31,"u":"1,31 €/L","img":"https://fd5-photos.leclercdrive.fr/image.ashx?id=2916183&use=l&cat=p&typeid=i","cat":285609},{"id":106605,"n":"Ravioli Lustucru Selection  Jambon fromage 300g","p":2.29,"u":"7,63 €/KG","img":"https://fd5-photos.leclercdrive.fr/image.ashx?id=2962527&use=l&cat=p&typeid=i","cat":333682},{"id":106607,"n":"Gnocchi à poeler Lustucru Extra fromage XXL - 650g","p":3.71,"u":"5,71 €/KG","img":"https://fd5-photos.leclercdrive.fr/image.ashx?id=2786180&use=l&cat=p&typeid=i","cat":333682},{"id":106614,"n":"Rosette Justin Bridou  19 Tranches - 170g","p":2.43,"u":"14,29 €/KG","img":"https://fd5-photos.leclercdrive.fr/image.ashx?id=2948932&use=l&cat=p&typeid=i","cat":316007},{"id":106639,"n":"Culotte écologiq Mots d'Enfants T5 : 12/18kg - x20","p":8.7,"u":"0,44 €/P","img":"https://fd5-photos.leclercdrive.fr/image.ashx?id=2430707&use=l&cat=p&typeid=i","cat":290633},{"id":106640,"n":"Bac gourmand Eskiss Citron meringue - 500g","p":3.66,"u":"7,32 €/KG","img":"https://fd5-photos.leclercdrive.fr/image.ashx?id=2982646&use=l&cat=p&typeid=i","cat":284263},{"id":106641,"n":"Culotte écologiq Mots d'Enfants T6 : +16kg - x18","p":7.9,"u":"0,44 €/P","img":"https://fd5-photos.leclercdrive.fr/image.ashx?id=2430710&use=l&cat=p&typeid=i","cat":290633},{"id":106690,"n":"Gel douche Bionaïa Abricot bio - 250ml","p":1.43,"u":"5,72 €/L","img":"https://fd5-photos.leclercdrive.fr/image.ashx?id=2512478&use=l&cat=p&typeid=i","cat":284594},{"id":106732,"n":"Sirop La Maison Guiot Citron jaune de Sicile - 70cl","p":3.08,"u":"4,40 €/L","img":"https://fd5-photos.leclercdrive.fr/image.ashx?id=2857138&use=l&cat=p&typeid=i","cat":295020},{"id":106743,"n":"Disques à démaquiller Bocoton Bio - x80","p":1.69,"u":"0,02 €/P","img":"https://fd5-photos.leclercdrive.fr/image.ashx?id=2480713&use=l&cat=p&typeid=i","cat":284636},{"id":106748,"n":"Crème glacée Salge Nebbiulina 750ml","p":7.96,"u":"10,61 €/L","img":"https://fd5-photos.leclercdrive.fr/image.ashx?id=2060751&use=l&cat=p&typeid=i","cat":284263},{"id":106751,"n":"Après-shampooing So Bio Etic Karité Argan bio - 200ml","p":5.05,"u":"25,25 €/L","img":"https://fd5-photos.leclercdrive.fr/image.ashx?id=2787059&use=l&cat=p&typeid=i","cat":284607},{"id":106768,"n":"Shampooing bio So Bio Etic Coco & Acide Hyaluronique-250ml","p":4.55,"u":"18,20 €/L","img":"https://fd5-photos.leclercdrive.fr/image.ashx?id=2788727&use=l&cat=p&typeid=i","cat":284606},{"id":106770,"n":"Dentifrice protection Dentavie Propolis/menthe bio - 75ml","p":3.49,"u":"46,53 €/L","img":"https://fd5-photos.leclercdrive.fr/image.ashx?id=2494779&use=l&cat=p&typeid=i","cat":284612},{"id":106886,"n":"Petit suisse nature Gervais 9,5% MG - 6x60g","p":1.56,"u":"4,33 €/KG","img":"https://fd5-photos.leclercdrive.fr/image.ashx?id=2230384&use=l&cat=p&typeid=i","cat":284409},{"id":106892,"n":"Yaourt à boire Danonino fraise - 4x70g","p":1.99,"u":"7,11 €/KG","img":"https://fd5-photos.leclercdrive.fr/image.ashx?id=2785226&use=l&cat=p&typeid=i","cat":284415},{"id":106979,"n":"Crème glacée Häagen-Dazs  Vanille cookie dough - 394g","p":5.23,"u":"13,27 €/KG","img":"https://fd5-photos.leclercdrive.fr/image.ashx?id=2893459&use=l&cat=p&typeid=i","cat":284725},{"id":106985,"n":"Mini pots Häagen-Dazs  Vanille Collection x4 - 321g","p":5.19,"u":"16,17 €/KG","img":"https://fd5-photos.leclercdrive.fr/image.ashx?id=2992858&use=l&cat=p&typeid=i","cat":284725},{"id":106987,"n":"Mini pots Häagen-Dazs Caramel  Beurre salé x4 - 324g","p":5.33,"u":"16,45 €/KG","img":"https://fd5-photos.leclercdrive.fr/image.ashx?id=2992849&use=l&cat=p&typeid=i","cat":284725},{"id":107140,"n":"Sablés Michel et Augustin Beaufort poivre blanc - 100g","p":3.24,"u":"32,40 €/KG","img":"https://fd5-photos.leclercdrive.fr/image.ashx?id=2108981&use=l&cat=p&typeid=i","cat":297000},{"id":107145,"n":"Pur jus de raisin Bio Village Bio - 6x20cl","p":4.09,"u":"3,41 €/L","img":"https://fd5-photos.leclercdrive.fr/image.ashx?id=2595549&use=l&cat=p&typeid=i","cat":284524},{"id":107166,"n":"Faisselle Rians 6%mg - 6x100g","p":2.48,"u":"4,13 €/KG","img":"https://fd5-photos.leclercdrive.fr/image.ashx?id=2396701&use=l&cat=p&typeid=i","cat":284409},{"id":107211,"n":"Jus innocent myrtille cassis 900ml","p":2.65,"u":"2,94 €/L","img":"https://fd5-photos.leclercdrive.fr/image.ashx?id=2891235&use=l&cat=p&typeid=i","cat":285435},{"id":107212,"n":"Jus innocent pomme fruits rouges 900ml","p":3.03,"u":"3,37 €/L","img":"https://fd5-photos.leclercdrive.fr/image.ashx?id=2184735&use=l&cat=p&typeid=i","cat":285435},{"id":107247,"n":"Cahier piqûre Force 8 Bleu Lagon - 96 pages - 24x32cm","p":2.61,"img":"https://fd5-photos.leclercdrive.fr/image.ashx?id=1687370&use=l&cat=p&typeid=i","cat":284697},{"id":107254,"n":"Dos de la mer Vici Saveur crabe - 170g","p":2.3,"u":"13,53 €/KG","img":"https://fd5-photos.leclercdrive.fr/image.ashx?id=2650093&use=l&cat=p&typeid=i","cat":285189},{"id":107326,"n":"Insecticide & Barrage Fulgator Parasites&Acariens - 400ml","p":5.78,"u":"14,45 €/L","img":"https://fd5-photos.leclercdrive.fr/image.ashx?id=2660847&use=l&cat=p&typeid=i","cat":298368},{"id":107327,"n":"Insecticide Fulgator Spécial rampants - 500ml","p":5.98,"u":"11,96 €/L","img":"https://fd5-photos.leclercdrive.fr/image.ashx?id=2660853&use=l&cat=p&typeid=i","cat":298368},{"id":107384,"n":"Bacon Justin Bridou  16 Tranches - 160g","p":2.42,"u":"15,13 €/KG","img":"https://fd5-photos.leclercdrive.fr/image.ashx?id=2924110&use=l&cat=p&typeid=i","cat":316007},{"id":107467,"n":"Cahier grands carreaux Eco+ Jaune - 24x32cm - 96p","p":0.83,"img":"https://fd5-photos.leclercdrive.fr/image.ashx?id=2943271&use=l&cat=p&typeid=i","cat":284697},{"id":107472,"n":"Cahier grands carreaux Eco+ Rouge - 24x32cm - 96p","p":0.83,"img":"https://fd5-photos.leclercdrive.fr/image.ashx?id=2943277&use=l&cat=p&typeid=i","cat":284697},{"id":107473,"n":"Cahier grands carreaux Eco+ Gris - 24x32cm - 96p","p":0.83,"img":"https://fd5-photos.leclercdrive.fr/image.ashx?id=2943280&use=l&cat=p&typeid=i","cat":284697},{"id":107527,"n":"Protège-document Esquisse Noir - A4 - 60 vues","p":1.95,"img":"https://fd5-photos.leclercdrive.fr/image.ashx?id=1698724&use=l&cat=p&typeid=i","cat":284745},{"id":107529,"n":"Protège-document Esquisse Noir - A4 - 80 vues","p":2.49,"img":"https://fd5-photos.leclercdrive.fr/image.ashx?id=1698730&use=l&cat=p&typeid=i","cat":284745},{"id":107530,"n":"Protège-document Esquisse Turquoise - A4 - 80 vues","p":2.49,"img":"https://fd5-photos.leclercdrive.fr/image.ashx?id=1698733&use=l&cat=p&typeid=i","cat":284745},{"id":107561,"n":"Protège-document Noir - A4 - 120 vues","p":3.49,"img":"https://fd5-photos.leclercdrive.fr/image.ashx?id=1698739&use=l&cat=p&typeid=i","cat":284745},{"id":107645,"n":"Aluminium Albal 20m","p":3.5,"img":"https://fd5-photos.leclercdrive.fr/image.ashx?id=2551444&use=l&cat=p&typeid=i","cat":334134},{"id":107646,"n":"Film 2 en 1 Albal  20m","p":2.86,"img":"https://fd5-photos.leclercdrive.fr/image.ashx?id=2551453&use=l&cat=p&typeid=i","cat":334134},{"id":107653,"n":"Lait de coco bio Jardin Bio Bio - 225ml","p":1.93,"u":"8,58 €/L","img":"https://fd5-photos.leclercdrive.fr/image.ashx?id=2875471&use=l&cat=p&typeid=i","cat":288992},{"id":107654,"n":"Sacs poubelle 100L Alfapac Maxi poids - x10","p":4.21,"u":"0,42 €/P","img":"https://fd5-photos.leclercdrive.fr/image.ashx?id=2526902&use=l&cat=p&typeid=i","cat":285168},{"id":107673,"n":"Sac poubelle 130L Alfapac Maxi poids spécial jardin - x10","p":6.31,"u":"0,63 €/P","img":"https://fd5-photos.leclercdrive.fr/image.ashx?id=2526905&use=l&cat=p&typeid=i","cat":285168},{"id":107762,"n":"Ardoise double face Esquisse Bleu - Feutre et effacette","p":1.55,"img":"https://fd5-photos.leclercdrive.fr/image.ashx?id=2943283&use=l&cat=p&typeid=i","cat":334133},{"id":107780,"n":"Huile d'Olive Vierge Extra BIO  Classico 25cl","p":4.64,"u":"18,56 €/L","img":"https://fd5-photos.leclercdrive.fr/image.ashx?id=2737441&use=l&cat=p&typeid=i","cat":284453},{"id":107783,"n":"Huile d'Olive Vierge Extra BIO  Delicato 75cl","p":13.74,"u":"18,32 €/L","img":"https://fd5-photos.leclercdrive.fr/image.ashx?id=2737444&use=l&cat=p&typeid=i","cat":284453},{"id":107789,"n":"Vinaigre balsamique de modène  IGP Bio 50cl","p":4.95,"u":"9,90 €/L","img":"https://fd5-photos.leclercdrive.fr/image.ashx?id=2737468&use=l&cat=p&typeid=i","cat":298543},{"id":107825,"n":"Bac gourmand Eskiss Vanille pécan - 500g","p":3.36,"u":"6,72 €/KG","img":"https://fd5-photos.leclercdrive.fr/image.ashx?id=2982640&use=l&cat=p&typeid=i","cat":284263},{"id":107827,"n":"Bac gourmand Eskiss Vanille caramel - 500g","p":4.11,"u":"8,22 €/KG","img":"https://fd5-photos.leclercdrive.fr/image.ashx?id=2982649&use=l&cat=p&typeid=i","cat":284263},{"id":107841,"n":"Bac gourmand Eskiss Crème brulée - 500g","p":4.36,"u":"8,72 €/KG","img":"https://fd5-photos.leclercdrive.fr/image.ashx?id=2982643&use=l&cat=p&typeid=i","cat":284263},{"id":107847,"n":"Bac gourmand Eskiss Vanille speculoos - 500g","p":3.19,"u":"6,38 €/KG","img":"https://fd5-photos.leclercdrive.fr/image.ashx?id=2982652&use=l&cat=p&typeid=i","cat":284263},{"id":107863,"n":"Dentifrice soin bio Dentavie Blancheur bicarbonate - 75ml","p":3.49,"u":"46,53 €/L","img":"https://fd5-photos.leclercdrive.fr/image.ashx?id=2494776&use=l&cat=p&typeid=i","cat":284612},{"id":107864,"n":"Bac gourmand Eskiss Café - 500g","p":2.99,"u":"5,98 €/KG","img":"https://fd5-photos.leclercdrive.fr/image.ashx?id=2982655&use=l&cat=p&typeid=i","cat":284263},{"id":107868,"n":"Bac gourmand Eskiss Chocolat Liegeois - 500g","p":2.99,"u":"5,98 €/KG","img":"https://fd5-photos.leclercdrive.fr/image.ashx?id=2982658&use=l&cat=p&typeid=i","cat":284263},{"id":107870,"n":"Bac gourmand Eskiss Vanille fruits rouge - 500g","p":3.49,"u":"6,98 €/KG","img":"https://fd5-photos.leclercdrive.fr/image.ashx?id=2982661&use=l&cat=p&typeid=i","cat":284263},{"id":107906,"n":"Protège-documents Esquisse Turquoise - A4 - 40 vues","p":1.79,"img":"https://fd5-photos.leclercdrive.fr/image.ashx?id=1690029&use=l&cat=p&typeid=i","cat":284745},{"id":107910,"n":"Protège-documents Esquisse  Noir - A4 - 40 vues","p":1.79,"img":"https://fd5-photos.leclercdrive.fr/image.ashx?id=1690032&use=l&cat=p&typeid=i","cat":284745},{"id":107916,"n":"Chemise 3 rabats Esquisse Violet/Transparent/Bleu  x3","p":3.5,"img":"https://fd5-photos.leclercdrive.fr/image.ashx?id=1690041&use=l&cat=p&typeid=i","cat":284745},{"id":107917,"n":"Taille-crayon Esquisse Bleu foncé avec réserve 2 trous","p":1.1,"img":"https://fd5-photos.leclercdrive.fr/image.ashx?id=2943295&use=l&cat=p&typeid=i","cat":334133},{"id":107918,"n":"Taille-crayon Esquisse Rouge avec réserve 2 trous","p":1.1,"img":"https://fd5-photos.leclercdrive.fr/image.ashx?id=2943298&use=l&cat=p&typeid=i","cat":334133},{"id":107935,"n":"Crème glacée Salge U Canistrellu - 600g","p":17.71,"pp":11.69,"u":"19,48 €/KG","img":"https://fd5-photos.leclercdrive.fr/image.ashx?id=2060748&use=l&cat=p&typeid=i","cat":284263},{"id":107961,"n":"Taille-crayon métal Esquisse Géométrie","p":0.79,"img":"https://fd5-photos.leclercdrive.fr/image.ashx?id=1690077&use=l&cat=p&typeid=i","cat":334133},{"id":107989,"n":"Saucisson de Vic IGP L'Origine du Goût - 300g","p":6.95,"u":"23,17 €/KG","img":"https://fd5-photos.leclercdrive.fr/image.ashx?id=1871233&use=l&cat=p&typeid=i","cat":316006},{"id":107997,"n":"Kit traçage Esquisse Bleu - 3 pièces","p":1.99,"img":"https://fd5-photos.leclercdrive.fr/image.ashx?id=1690122&use=l&cat=p&typeid=i","cat":334133},{"id":108107,"n":"Bloc 4 tiroirs Esquisse Bleu - 1 pièce","p":19.9,"img":"https://fd5-photos.leclercdrive.fr/image.ashx?id=1691150&use=l&cat=p&typeid=i","cat":284745},{"id":108110,"n":"Bloc 4 tiroirs Esquisse Rouge - 1 pièce","p":19.9,"img":"https://fd5-photos.leclercdrive.fr/image.ashx?id=1691153&use=l&cat=p&typeid=i","cat":284745},{"id":108126,"n":"Agrafeuse Universal Maped Argent - 26/6 + 400 agrafes","p":9.12,"img":"https://fd5-photos.leclercdrive.fr/image.ashx?id=1686949&use=l&cat=p&typeid=i","cat":334133},{"id":108137,"n":"Agrafeuse Universal Maped Anthracite - 26/6 + 400 agrafes","p":9.12,"img":"https://fd5-photos.leclercdrive.fr/image.ashx?id=1686952&use=l&cat=p&typeid=i","cat":334133},{"id":108146,"n":"Boisson aux fruits Oasis Tropical - 2L","p":2.28,"u":"1,14 €/L","img":"https://fd5-photos.leclercdrive.fr/image.ashx?id=2996569&use=l&cat=p&typeid=i","cat":295018},{"id":108180,"n":"Compotes Pom'Potes Gourdes BIO  Multivariétés - 12x90g","p":6.36,"u":"5,89 €/KG","img":"https://fd5-photos.leclercdrive.fr/image.ashx?id=2926212&use=l&cat=p&typeid=i","cat":284508},{"id":108224,"n":"Brassé végétal Bio Good Goût Banane avoine fraise - 90g","p":1.17,"u":"13,00 €/KG","img":"https://fd5-photos.leclercdrive.fr/image.ashx?id=2736100&use=l&cat=p&typeid=i","cat":312392},{"id":108422,"n":"Matière grasse Primevere 63%MG - oméga 3 - 240g","p":3.03,"u":"12,63 €/KG","img":"https://fd5-photos.leclercdrive.fr/image.ashx?id=2979060&use=l&cat=p&typeid=i","cat":315229},{"id":108443,"n":"Dentifrice Sanogyl Soin essentiel blancheur - 75ml","p":3.01,"u":"40,13 €/L","img":"https://fd5-photos.leclercdrive.fr/image.ashx?id=2453484&use=l&cat=p&typeid=i","cat":284612},{"id":108449,"n":"Déodorant spray Monsavon Fleur Lotus-200ml","p":1.92,"u":"9,60 €/L","img":"https://fd5-photos.leclercdrive.fr/image.ashx?id=2643914&use=l&cat=p&typeid=i","cat":284595},{"id":108498,"n":"Crème BB Hydrance Avène Légère - 40ml","p":16.49,"u":"412,25 €/L","img":"https://fd5-photos.leclercdrive.fr/image.ashx?id=2855906&use=l&cat=p&typeid=i","cat":291171},{"id":108531,"n":"Crème riche Hydrance Avène Riche SPF30 - 40ml","p":14.95,"u":"373,75 €/L","img":"https://fd5-photos.leclercdrive.fr/image.ashx?id=2373543&use=l&cat=p&typeid=i","cat":291171},{"id":108533,"n":"Thon Blanc MSC Petit Navire Au naturel - 2x56g","p":3.85,"u":"34,38 €/KG","img":"https://fd5-photos.leclercdrive.fr/image.ashx?id=2521864&use=l&cat=p&typeid=i","cat":303867},{"id":108571,"n":"Huile lavante La Roche Posay Lipikar AP  - 400ml","p":13.98,"u":"34,95 €/L","img":"https://fd5-photos.leclercdrive.fr/image.ashx?id=2741487&use=l&cat=p&typeid=i","cat":301591},{"id":108644,"n":"Crème Toleriane La Roche Posay Sensitive - 40ml","p":13.79,"u":"344,75 €/L","img":"https://fd5-photos.leclercdrive.fr/image.ashx?id=1991513&use=l&cat=p&typeid=i","cat":291171},{"id":108668,"n":"Bière blonde La Goudale 7.2% vol. - 50cl","p":1.56,"u":"3,12 €/L","img":"https://fd5-photos.leclercdrive.fr/image.ashx?id=2513658&use=l&cat=p&typeid=i","cat":334852},{"id":108674,"n":"Crème nutritive Avène Revitalisante - 50ml","p":22.99,"u":"459,80 €/L","img":"https://fd5-photos.leclercdrive.fr/image.ashx?id=2857320&use=l&cat=p&typeid=i","cat":291171},{"id":108695,"n":"Beurre de cacahuètes Menguy's Creamy - 454g","p":3.95,"u":"8,70 €/KG","img":"https://fd5-photos.leclercdrive.fr/image.ashx?id=2844082&use=l&cat=p&typeid=i","cat":284481},{"id":108707,"n":"Filtres à café Uni vert Bruns n°4 - x80","p":1.33,"u":"0,02 €/P","img":"https://fd5-photos.leclercdrive.fr/image.ashx?id=2634878&use=l&cat=p&typeid=i","cat":284751},{"id":108711,"n":"Gel Douche Fa Crème Cacao coco flacon - 250ml","p":1.59,"u":"6,36 €/L","img":"https://fd5-photos.leclercdrive.fr/image.ashx?id=2995097&use=l&cat=p&typeid=i","cat":284594},{"id":108712,"n":"Gel douche Fa Caribbean Wave flacon - 250ml","p":1.47,"u":"5,88 €/L","img":"https://fd5-photos.leclercdrive.fr/image.ashx?id=2110236&use=l&cat=p&typeid=i","cat":284594},{"id":108717,"n":"Vinaigrette légère Amora Moutarde - 380ml","p":2.31,"u":"6,08 €/L","img":"https://fd5-photos.leclercdrive.fr/image.ashx?id=2654170&use=l&cat=p&typeid=i","cat":284456},{"id":108724,"n":"Thé glacé Bio Village Bio Pêche - 1L","p":1.36,"u":"1,36 €/L","img":"https://fd5-photos.leclercdrive.fr/image.ashx?id=2670392&use=l&cat=p&typeid=i","cat":295019},{"id":108725,"n":"Thé glacé Bio Village Bio Menthe - 1L","p":1.4,"u":"1,40 €/L","img":"https://fd5-photos.leclercdrive.fr/image.ashx?id=2664362&use=l&cat=p&typeid=i","cat":295019},{"id":108797,"n":"Limande Meunière MSC - 200g","p":4.62,"u":"23,10 €/KG","img":"https://fd5-photos.leclercdrive.fr/image.ashx?id=2417363&use=l&cat=p&typeid=i","cat":284344},{"id":108798,"n":"Panés de Colin d'Alaska MSC L'Assiette Bleue x5 - 450g","p":5.26,"u":"11,69 €/KG","img":"https://fd5-photos.leclercdrive.fr/image.ashx?id=2555664&use=l&cat=p&typeid=i","cat":284344},{"id":108804,"n":"Compotes Pom'Potes Gourdes  Pomme Nature - 4x90g","p":1.88,"u":"5,22 €/KG","img":"https://fd5-photos.leclercdrive.fr/image.ashx?id=2968079&use=l&cat=p&typeid=i","cat":284508},{"id":108837,"n":"Lait entier Lactel Vitamine D - Bouteille - 6x50cl","p":6.2,"u":"2,07 €/L","img":"https://fd5-photos.leclercdrive.fr/image.ashx?id=2887866&use=l&cat=p&typeid=i","cat":285610},{"id":108841,"n":"Foie morue nature Nautilus MSC - 25% sel - 120g","p":1.95,"u":"16,25 €/KG","img":"https://fd5-photos.leclercdrive.fr/image.ashx?id=2733610&use=l&cat=p&typeid=i","cat":305147},{"id":108843,"n":"Capsules Nescafé Dolce Gusto  Espresso Intenso - x30","p":7.73,"u":"36,81 €/KG","img":"https://fd5-photos.leclercdrive.fr/image.ashx?id=2859869&use=l&cat=p&typeid=i","cat":293239},{"id":108844,"n":"Plat bébé soir Blédichef 12mois Spaghetti crème légumes -2x230g","p":3.54,"u":"7,70 €/KG","img":"https://fd5-photos.leclercdrive.fr/image.ashx?id=2643494&use=l&cat=p&typeid=i","cat":312239},{"id":108885,"n":"Comté Le Montarlier Président 340g","p":7.25,"u":"21,32 €/KG","img":"https://fd5-photos.leclercdrive.fr/image.ashx?id=2364006&use=l&cat=p&typeid=i","cat":314034},{"id":108891,"n":"Croccante alla Mozzarella  Galbani - 150g","p":2.69,"u":"17,93 €/KG","img":"https://fd5-photos.leclercdrive.fr/image.ashx?id=2786000&use=l&cat=p&typeid=i","cat":314027},{"id":108935,"n":"Crème entière fluide Bridelice 30% MG - 2x25cl","p":3.04,"u":"6,08 €/L","img":"https://fd5-photos.leclercdrive.fr/image.ashx?id=2911954&use=l&cat=p&typeid=i","cat":284381},{"id":108936,"n":"AOP Comté Entremont Rapé - 130g","p":2.44,"u":"18,77 €/KG","img":"https://fd5-photos.leclercdrive.fr/image.ashx?id=2983165&use=l&cat=p&typeid=i","cat":314035},{"id":108988,"n":"Whisky Chivas Regal XV Blended Scotch 40% vol - 70cl","p":37.9,"pp":34.11,"u":"48,73 €/L","img":"https://fd5-photos.leclercdrive.fr/image.ashx?id=2877028&use=l&cat=p&typeid=i","cat":284547},{"id":108997,"n":"Crème dessert Danette vanille chocolat -16x115g","p":4.49,"u":"2,44 €/KG","img":"https://fd5-photos.leclercdrive.fr/image.ashx?id=2949850&use=l&cat=p&typeid=i","cat":285041},{"id":108998,"n":"liégeois chocolat danette - 12x100g","p":5.14,"u":"4,28 €/KG","img":"https://fd5-photos.leclercdrive.fr/image.ashx?id=2907842&use=l&cat=p&typeid=i","cat":285042},{"id":109112,"n":"Nectar Bio Village Bio Mangue - 1L","p":2.49,"u":"2,49 €/L","img":"https://fd5-photos.leclercdrive.fr/image.ashx?id=2954121&use=l&cat=p&typeid=i","cat":284916},{"id":109115,"n":"Nectar Bio Village Bio Abricot - 1L","p":2.69,"u":"2,69 €/L","img":"https://fd5-photos.leclercdrive.fr/image.ashx?id=2954124&use=l&cat=p&typeid=i","cat":284915},{"id":109116,"n":"Nectar de goyave Bio Village Bio - 1L","p":2.35,"u":"2,35 €/L","img":"https://fd5-photos.leclercdrive.fr/image.ashx?id=2954127&use=l&cat=p&typeid=i","cat":284916},{"id":109118,"n":"Pur jus de fruits Bio Village Bio - 1L","p":3.64,"u":"3,64 €/L","img":"https://fd5-photos.leclercdrive.fr/image.ashx?id=2901563&use=l&cat=p&typeid=i","cat":284917},{"id":109267,"n":"Panaché Force 4 0,4° - 10x25cl","p":3.78,"u":"1,51 €/L","img":"https://fd5-photos.leclercdrive.fr/image.ashx?id=2473321&use=l&cat=p&typeid=i","cat":334877},{"id":109274,"n":"Yaourt Enfant Petits Filous Aromatisé à la Fraise - 6x100g","p":2.53,"u":"4,22 €/KG","img":"https://fd5-photos.leclercdrive.fr/image.ashx?id=2748434&use=l&cat=p&typeid=i","cat":284415},{"id":109309,"n":"Bol semoule 8 mois Bio Village Bio Patate douce lait - 2x200g","p":2.49,"u":"6,23 €/KG","img":"https://fd5-photos.leclercdrive.fr/image.ashx?id=2704807&use=l&cat=p&typeid=i","cat":312239},{"id":109310,"n":"Bol Bio Village 6 mois bio Petits pois Riz Maïs - 2x200g","p":2.21,"u":"5,53 €/KG","img":"https://fd5-photos.leclercdrive.fr/image.ashx?id=2704819&use=l&cat=p&typeid=i","cat":312239},{"id":109317,"n":"Bol Bio village 6 mois Bio Ratatouille Quinoa - 2x200g","p":2.45,"u":"6,13 €/KG","img":"https://fd5-photos.leclercdrive.fr/image.ashx?id=2704822&use=l&cat=p&typeid=i","cat":312239},{"id":109322,"n":"Bol legume vert riz Bio Village Saumon bio - 6 mois - 2x200g","p":2.55,"u":"6,38 €/KG","img":"https://fd5-photos.leclercdrive.fr/image.ashx?id=2704792&use=l&cat=p&typeid=i","cat":312235},{"id":109330,"n":"Saucisson Noix de jambon  AOSTE VPF - 190g","p":4.71,"u":"24,79 €/P","img":"https://fd5-photos.leclercdrive.fr/image.ashx?id=2985276&use=l&cat=p&typeid=i","cat":316006},{"id":109348,"n":"Panaché Falsbourg <0.5% vol. Canettes - 6x33cl","p":3.11,"u":"1,57 €/L","img":"https://fd5-photos.leclercdrive.fr/image.ashx?id=2637958&use=l&cat=p&typeid=i","cat":334853},{"id":109369,"n":"Panaché Falsbourg  <0.5% vol. - 10X25cl","p":2.99,"u":"1,20 €/L","img":"https://fd5-photos.leclercdrive.fr/image.ashx?id=2637967&use=l&cat=p&typeid=i","cat":334877},{"id":109384,"n":"Pur Jus de fruits Tropicana Sanguinello - 90cl","p":3.65,"u":"4,06 €/L","img":"https://fd5-photos.leclercdrive.fr/image.ashx?id=2533535&use=l&cat=p&typeid=i","cat":285435},{"id":109387,"n":"Pur jus Tropicana Réveil des Tropiques 90cl","p":3.19,"u":"3,54 €/L","img":"https://fd5-photos.leclercdrive.fr/image.ashx?id=2529279&use=l&cat=p&typeid=i","cat":285435},{"id":109398,"n":"Filet de poulet  La Nouvelle Agriculture x2 260g","p":5.3,"u":"20,38 €/KG","img":"https://fd5-photos.leclercdrive.fr/image.ashx?id=2629079&use=l&cat=p&typeid=i","cat":284336},{"id":109418,"n":"Rillettes de Thon MSC Ronde des Mers - 125g","p":1.69,"u":"13,52 €/KG","img":"https://fd5-photos.leclercdrive.fr/image.ashx?id=2436696&use=l&cat=p&typeid=i","cat":303867},{"id":109437,"n":"Repas bébé Blédichef 12 mois  Couscous - 2x230g","p":3.27,"u":"7,11 €/KG","img":"https://fd5-photos.leclercdrive.fr/image.ashx?id=2479706&use=l&cat=p&typeid=i","cat":312237},{"id":109441,"n":"Thon entier MSC Pêche Océan Naturel - 140g","p":2.17,"u":"15,50 €/KG","img":"https://fd5-photos.leclercdrive.fr/image.ashx?id=2942211&use=l&cat=p&typeid=i","cat":303867},{"id":109444,"n":"Bol brocolis Bio Village Pomme de terre bio 4mois 2x120g","p":1.45,"u":"6,04 €/KG","img":"https://fd5-photos.leclercdrive.fr/image.ashx?id=2704756&use=l&cat=p&typeid=i","cat":312234},{"id":109449,"n":"Jus innocent ananas 900ml","p":3.17,"u":"3,52 €/L","img":"https://fd5-photos.leclercdrive.fr/image.ashx?id=2184732&use=l&cat=p&typeid=i","cat":285435},{"id":109450,"n":"Bol haricots verts bio Bio Village - 4 mois - 2x120g","p":1.29,"u":"5,38 €/KG","img":"https://fd5-photos.leclercdrive.fr/image.ashx?id=2704777&use=l&cat=p&typeid=i","cat":312239},{"id":109451,"n":"Boisson lactée Danao Multivitaminé - 900ml","p":2.48,"u":"2,76 €/L","img":"https://fd5-photos.leclercdrive.fr/image.ashx?id=2637216&use=l&cat=p&typeid=i","cat":285435},{"id":109452,"n":"Bol potiron courge bio Bio Village - 4 mois - 2x120g","p":1.45,"u":"6,04 €/KG","img":"https://fd5-photos.leclercdrive.fr/image.ashx?id=2704816&use=l&cat=p&typeid=i","cat":312234},{"id":109457,"n":"Boisson lactée Danao Pêche Abricot - 900ml","p":2.62,"u":"2,91 €/L","img":"https://fd5-photos.leclercdrive.fr/image.ashx?id=2606367&use=l&cat=p&typeid=i","cat":285435},{"id":109468,"n":"Poulet  La Nouvelle Agriculture Cuisse - x2 - 360g","p":3.06,"u":"8,50 €/KG","img":"https://fd5-photos.leclercdrive.fr/image.ashx?id=2629082&use=l&cat=p&typeid=i","cat":284336},{"id":109509,"n":"crème dessert café danette - 4x125g","p":1.45,"u":"2,90 €/KG","img":"https://fd5-photos.leclercdrive.fr/image.ashx?id=2961867&use=l&cat=p&typeid=i","cat":285041},{"id":109548,"n":"Olives vertes bio Bio Village - 160g","p":2.79,"u":"17,44 €/KG","img":"https://fd5-photos.leclercdrive.fr/image.ashx?id=2552448&use=l&cat=p&typeid=i","cat":284450},{"id":109554,"n":"Pulpe de tomates bio Bio Village - 2x400g","p":2.18,"u":"5,45 €/KG","img":"https://fd5-photos.leclercdrive.fr/image.ashx?id=2181840&use=l&cat=p&typeid=i","cat":312608},{"id":109565,"n":"Thon entier MSC Pêche Océan Naturel - 93g","p":1.99,"u":"21,40 €/KG","img":"https://fd5-photos.leclercdrive.fr/image.ashx?id=2942217&use=l&cat=p&typeid=i","cat":303867},{"id":109567,"n":"AdBlue Diframa avec flexible 5L","p":6.9,"u":"1,38 €/L","img":"https://fd5-photos.leclercdrive.fr/image.ashx?id=1867723&use=l&cat=p&typeid=i","cat":298253},{"id":109578,"n":"Mouchoirs Ultra Soft Kleenex® Etuis mini x10","p":1.99,"u":"0,20 €/P","img":"https://fd5-photos.leclercdrive.fr/image.ashx?id=2840307&use=l&cat=p&typeid=i","cat":284638},{"id":109579,"n":"Pain de mie 100% Mie Harrys Nature sans sucre ajouté - 500g","p":2.65,"u":"5,30 €/KG","img":"https://fd5-photos.leclercdrive.fr/image.ashx?id=2517477&use=l&cat=p&typeid=i","cat":284477},{"id":109580,"n":"Terrine de campagne Bio Village Bio - 180g","p":2.79,"u":"15,50 €/KG","img":"https://fd5-photos.leclercdrive.fr/image.ashx?id=1710227&use=l&cat=p&typeid=i","cat":305149},{"id":109587,"n":"Diffuseur électrique Glade + Recharge Bois de Santal 20ml","p":5.23,"img":"https://fd5-photos.leclercdrive.fr/image.ashx?id=2864152&use=l&cat=p&typeid=i","cat":311629},{"id":109589,"n":"Mouchoirs Balsam Kleenex® Etuis regular x10","p":1.87,"u":"0,19 €/P","img":"https://fd5-photos.leclercdrive.fr/image.ashx?id=2840304&use=l&cat=p&typeid=i","cat":284638},{"id":109607,"n":"Skyr Danone nature 0%mg - 480g","p":3.65,"u":"7,60 €/KG","img":"https://fd5-photos.leclercdrive.fr/image.ashx?id=2810615&use=l&cat=p&typeid=i","cat":284409},{"id":109609,"n":"Petit suisse nature Gervais 3,9% MG - 12x60g","p":2.74,"u":"3,81 €/KG","img":"https://fd5-photos.leclercdrive.fr/image.ashx?id=2256757&use=l&cat=p&typeid=i","cat":284409},{"id":109627,"n":"Crème dessert Danette vanille lit de chocolat -4x125g","p":1.47,"u":"2,94 €/KG","img":"https://fd5-photos.leclercdrive.fr/image.ashx?id=2939187&use=l&cat=p&typeid=i","cat":285041},{"id":109632,"n":"Filet de poulet Royal Bernard 720g","p":10.72,"u":"14,89 €/KG","img":"https://fd5-photos.leclercdrive.fr/image.ashx?id=1700047&use=l&cat=p&typeid=i","cat":284336},{"id":109654,"n":"Haricots cornilles Sachet 500g","p":1.65,"u":"3,30 €/KG","img":"https://fd5-photos.leclercdrive.fr/image.ashx?id=2304875&use=l&cat=p&typeid=i","cat":312606},{"id":109662,"n":"Chocolats Schoko-bons Kinder 125g","p":2.82,"u":"22,56 €/KG","img":"https://fd5-photos.leclercdrive.fr/image.ashx?id=2498461&use=l&cat=p&typeid=i","cat":304238},{"id":109664,"n":"Tomato Ketchup Allégé Heinz 50% sucre/sel en moins - 625g","p":2.9,"u":"4,64 €/KG","img":"https://fd5-photos.leclercdrive.fr/image.ashx?id=2927717&use=l&cat=p&typeid=i","cat":284455},{"id":109666,"n":"Café en grains L'OR Sélection 100% Arabica N° 6 1kg","p":16.39,"u":"16,39 €/KG","img":"https://fd5-photos.leclercdrive.fr/image.ashx?id=3000483&use=l&cat=p&typeid=i","cat":293237},{"id":109670,"n":"Compotes Pom'Potes Gourdes  Mix de Pommes - 20x90g","p":8.27,"u":"4,59 €/KG","img":"https://fd5-photos.leclercdrive.fr/image.ashx?id=2563349&use=l&cat=p&typeid=i","cat":284508},{"id":109742,"n":"Jus pour bébé NATURNES BIO Poire Abricot 6M+ - 20cl","p":0.84,"u":"4,20 €/L","img":"https://fd5-photos.leclercdrive.fr/image.ashx?id=2532258&use=l&cat=p&typeid=i","cat":312388},{"id":109749,"n":"Liquide de rinçage Uni Vert Lave-vaisselle Ecologique-750ml","p":1.99,"u":"2,65 €/L","img":"https://fd5-photos.leclercdrive.fr/image.ashx?id=2966403&use=l&cat=p&typeid=i","cat":284657},{"id":109753,"n":"Sauce crudité Amora Nature - 380ml","p":2.26,"u":"5,95 €/KG","img":"https://fd5-photos.leclercdrive.fr/image.ashx?id=2644995&use=l&cat=p&typeid=i","cat":284456},{"id":109756,"n":"Sauce gourmet Amora Poivre - 188g","p":1.77,"u":"9,41 €/KG","img":"https://fd5-photos.leclercdrive.fr/image.ashx?id=2181056&use=l&cat=p&typeid=i","cat":318430},{"id":109760,"n":"Assiette plate Luminarc 25cm Harena noir - 1 pièce","p":5.79,"img":"https://fd5-photos.leclercdrive.fr/image.ashx?id=1854548&use=l&cat=p&typeid=i","cat":334134},{"id":109761,"n":"Assiette dessert Luminarc 19cm Harena noir - 1 pièce","p":1.48,"img":"https://fd5-photos.leclercdrive.fr/image.ashx?id=1854551&use=l&cat=p&typeid=i","cat":334134},{"id":109762,"n":"Assiette creuse Luminarc 23cm Harena noir - 1 pièce","p":1.1,"img":"https://fd5-photos.leclercdrive.fr/image.ashx?id=1854554&use=l&cat=p&typeid=i","cat":334134},{"id":109763,"n":"Assiette dessert Eco+ Opale 20cm - 1 pièce","p":0.77,"img":"https://fd5-photos.leclercdrive.fr/image.ashx?id=1706760&use=l&cat=p&typeid=i","cat":334134},{"id":109764,"n":"Assiette creuse Eco+ Ronda 20cm - 1 pièce","p":0.77,"img":"https://fd5-photos.leclercdrive.fr/image.ashx?id=1707697&use=l&cat=p&typeid=i","cat":334134},{"id":109765,"n":"Assiette plate Ardence 28cm rouge - 1 pièce","p":2.7,"img":"https://fd5-photos.leclercdrive.fr/image.ashx?id=1700851&use=l&cat=p&typeid=i","cat":334134},{"id":109766,"n":"Assiette dessert Ardence 20 cm rouge faïence - 1 pièce","p":1.9,"img":"https://fd5-photos.leclercdrive.fr/image.ashx?id=1706766&use=l&cat=p&typeid=i","cat":334134},{"id":109770,"n":"Assiette creuse Ardence 19.5cm rouge - 1 pièce","p":2.59,"img":"https://fd5-photos.leclercdrive.fr/image.ashx?id=1706769&use=l&cat=p&typeid=i","cat":334134},{"id":109783,"n":"IGP Ile de Beauté Vin rouge Domaine Casanova - 75cl","p":6.72,"u":"8,96 €/L","img":"https://fd5-photos.leclercdrive.fr/image.ashx?id=1698559&use=l&cat=p&typeid=i","cat":289556},{"id":109785,"n":"AOC Corse Vin rouge Domaine Vico - 75cl","p":8.92,"u":"11,89 €/L","img":"https://fd5-photos.leclercdrive.fr/image.ashx?id=969113&use=l&cat=p&typeid=i","cat":289556},{"id":109856,"n":"AOP Vin d'Alsace Pinot blanc vin blanc Rebmann - 75 cl","p":4.99,"u":"6,65 €/L","img":"https://fd5-photos.leclercdrive.fr/image.ashx?id=2702333&use=l&cat=p&typeid=i","cat":289557},{"id":109857,"n":"AOC Luberon Rouge Rives & Terrasses - 75cl","p":3.49,"u":"4,65 €/L","img":"https://fd5-photos.leclercdrive.fr/image.ashx?id=2649759&use=l&cat=p&typeid=i","cat":289556},{"id":109873,"n":"Pur jus de pomme Jafaden Douceur - 1L","p":1.5,"u":"1,50 €/L","img":"https://fd5-photos.leclercdrive.fr/image.ashx?id=2863178&use=l&cat=p&typeid=i","cat":284522},{"id":109892,"n":"Soda Coca-Cola Cherry Bouteille - 1,25L","p":1.78,"u":"1,42 €/L","img":"https://fd5-photos.leclercdrive.fr/image.ashx?id=2678161&use=l&cat=p&typeid=i","cat":284530},{"id":109893,"n":"Soda Coca-Cola Vanille Bouteille - 1,25L","p":1.8,"u":"1,44 €/L","img":"https://fd5-photos.leclercdrive.fr/image.ashx?id=2678164&use=l&cat=p&typeid=i","cat":284530},{"id":109918,"n":"Pur jus clementine Eco+ Orange Raisin - 1L","p":1.83,"u":"1,83 €/L","img":"https://fd5-photos.leclercdrive.fr/image.ashx?id=2869763&use=l&cat=p&typeid=i","cat":284917},{"id":109919,"n":"IGP Pays d'Oc vin rouge Vieux Carion 12.5% vol - BIB 5L","p":11.99,"u":"2,40 €/L","img":"https://fd5-photos.leclercdrive.fr/image.ashx?id=2891914&use=l&cat=p&typeid=i","cat":289560},{"id":109970,"n":"Huile Spéciale Pizza Soléou 25cl","p":2.14,"u":"8,56 €/L","img":"https://fd5-photos.leclercdrive.fr/image.ashx?id=2549651&use=l&cat=p&typeid=i","cat":284453},{"id":110000,"n":"Cornichons fins AMORA Bocal - 540g","p":3.95,"u":"7,31 €/KG","img":"https://fd5-photos.leclercdrive.fr/image.ashx?id=2672710&use=l&cat=p&typeid=i","cat":284458},{"id":110007,"n":"Tam Tam l'Original Saint-Michel - 275g","p":1.72,"u":"6,25 €/KG","img":"https://fd5-photos.leclercdrive.fr/image.ashx?id=2936239&use=l&cat=p&typeid=i","cat":284495},{"id":110009,"n":"Boisson végétale Bio Village Epeautre bio - 1l","p":1.9,"u":"1,90 €/L","img":"https://fd5-photos.leclercdrive.fr/image.ashx?id=2384935&use=l&cat=p&typeid=i","cat":316067},{"id":110020,"n":"Ravioli Bolognaise Zapetti Boeuf - 800g","p":3.62,"u":"4,53 €/KG","img":"https://fd5-photos.leclercdrive.fr/image.ashx?id=2547029&use=l&cat=p&typeid=i","cat":284442},{"id":110022,"n":"Chien Medium/maxi Adulte One  Contrôle de poids - dinde 2.5kg","p":8.73,"u":"3,49 €/KG","img":"https://fd5-photos.leclercdrive.fr/image.ashx?id=2434494&use=l&cat=p&typeid=i","cat":284672},{"id":110027,"n":"Croquettes Chat bifensis One Stérilisé Contrôle poids 1.5kg","p":7.69,"u":"5,13 €/KG","img":"https://fd5-photos.leclercdrive.fr/image.ashx?id=2871142&use=l&cat=p&typeid=i","cat":284680},{"id":110039,"n":"Boisson amande Nat & Vie Sans sucre - 1L","p":1.36,"u":"1,36 €/L","img":"https://fd5-photos.leclercdrive.fr/image.ashx?id=2882340&use=l&cat=p&typeid=i","cat":316067},{"id":110048,"n":"Tendres effilés Chats Felix Encore plus de sauce 12x85g","p":4.32,"u":"4,24 €/KG","img":"https://fd5-photos.leclercdrive.fr/image.ashx?id=2957662&use=l&cat=p&typeid=i","cat":285286},{"id":110052,"n":"Sucre Perles Daddy 350g","p":2.32,"u":"6,63 €/KG","img":"https://fd5-photos.leclercdrive.fr/image.ashx?id=2826960&use=l&cat=p&typeid=i","cat":284502},{"id":110058,"n":"Crêpe fourrée Whaou Chocolat - x24 - 768g","p":4.15,"u":"5,40 €/KG","img":"https://fd5-photos.leclercdrive.fr/image.ashx?id=2955818&use=l&cat=p&typeid=i","cat":284494},{"id":110066,"n":"Mini Pizza Jambon Fromage Turini x9 - 270g","p":2.15,"u":"7,96 €/KG","img":"https://fd5-photos.leclercdrive.fr/image.ashx?id=1702044&use=l&cat=p&typeid=i","cat":319822},{"id":110071,"n":"Mini Pizzas Fromage Turini  x9 - 270g","p":2.09,"u":"7,74 €/KG","img":"https://fd5-photos.leclercdrive.fr/image.ashx?id=1702062&use=l&cat=p&typeid=i","cat":319822},{"id":110087,"n":"Joker Le Fruit Jus multifruits exotiques - 1L","p":2.3,"u":"2,30 €/L","img":"https://fd5-photos.leclercdrive.fr/image.ashx?id=2826864&use=l&cat=p&typeid=i","cat":284917},{"id":110089,"n":"Croquettes chat  One Nature stérilisé boeuf - 1.4kg","p":6.78,"u":"4,84 €/KG","img":"https://fd5-photos.leclercdrive.fr/image.ashx?id=2383907&use=l&cat=p&typeid=i","cat":284680},{"id":110095,"n":"Sauce chinoise 290g","p":1.79,"u":"6,17 €/KG","img":"https://fd5-photos.leclercdrive.fr/image.ashx?id=1951139&use=l&cat=p&typeid=i","cat":318431},{"id":110097,"n":"Café en grains Plantation  Noir - 500g","p":7.95,"u":"15,90 €/KG","img":"https://fd5-photos.leclercdrive.fr/image.ashx?id=2922950&use=l&cat=p&typeid=i","cat":293237},{"id":110100,"n":"Gaufres chocolat noisettes 272g","p":2.29,"u":"8,42 €/KG","img":"https://fd5-photos.leclercdrive.fr/image.ashx?id=2579378&use=l&cat=p&typeid=i","cat":294777},{"id":110101,"n":"Huile d'olive vierge extra 1.5L","p":12.9,"u":"8,60 €/L","img":"https://fd5-photos.leclercdrive.fr/image.ashx?id=2898035&use=l&cat=p&typeid=i","cat":284453},{"id":110103,"n":"Huile d'olive vierge extra 25cl","p":2.89,"u":"11,56 €/L","img":"https://fd5-photos.leclercdrive.fr/image.ashx?id=2892349&use=l&cat=p&typeid=i","cat":284453},{"id":110121,"n":"Whisky Aberlour 10 ans Forest Single Malt Scotch 40% vol 70cl","p":27.08,"u":"38,69 €/L","img":"https://fd5-photos.leclercdrive.fr/image.ashx?id=3014871&use=l&cat=p&typeid=i","cat":284547},{"id":110123,"n":"Pavé Gourmand Garden Gourmet Fromage Soja et Blé 180g","p":3.97,"u":"22,06 €/KG","img":"https://fd5-photos.leclercdrive.fr/image.ashx?id=3011887&use=l&cat=p&typeid=i","cat":316036},{"id":110134,"n":"Dessert lacté Bio Village Bio  6-9 mois 4x100g","p":2.12,"u":"5,30 €/KG","img":"https://fd5-photos.leclercdrive.fr/image.ashx?id=2709758&use=l&cat=p&typeid=i","cat":312392},{"id":110137,"n":"L'ile flottante Rians 4x95g","p":3.28,"u":"8,63 €/KG","img":"https://fd5-photos.leclercdrive.fr/image.ashx?id=2334986&use=l&cat=p&typeid=i","cat":284419},{"id":110139,"n":"Dessert lacté bio Bio Village Brassé nature sucré - 4x100g","p":2.12,"u":"5,30 €/KG","img":"https://fd5-photos.leclercdrive.fr/image.ashx?id=2709761&use=l&cat=p&typeid=i","cat":312392},{"id":110145,"n":"Bol courgette Bio Village Riz veau bio - 12 mois - 200g","p":2.69,"u":"6,73 €/KG","img":"https://fd5-photos.leclercdrive.fr/image.ashx?id=2704774&use=l&cat=p&typeid=i","cat":312237},{"id":110147,"n":"Bol boulghour bio Bio Village Carotte Boeuf 12 mois 2x200g","p":2.69,"u":"6,73 €/KG","img":"https://fd5-photos.leclercdrive.fr/image.ashx?id=2704759&use=l&cat=p&typeid=i","cat":312237},{"id":110150,"n":"Bol légumes  Bio Village Bio Poulet - 8mois - 2x200g","p":2.49,"u":"6,23 €/KG","img":"https://fd5-photos.leclercdrive.fr/image.ashx?id=2704780&use=l&cat=p&typeid=i","cat":312236},{"id":110152,"n":"Lait C'est Qui Le Patron Entier - Brique 6x1L","p":7.56,"u":"1,26 €/L","img":"https://fd5-photos.leclercdrive.fr/image.ashx?id=2763280&use=l&cat=p&typeid=i","cat":285610},{"id":110154,"n":"Hachis parmentier Marie 300g","p":3.64,"u":"12,13 €/KG","img":"https://fd5-photos.leclercdrive.fr/image.ashx?id=2833315&use=l&cat=p&typeid=i","cat":333665},{"id":110159,"n":"Bol légumes saumon Bio Village Bio - 12 mois - 2x200g","p":2.69,"u":"6,73 €/KG","img":"https://fd5-photos.leclercdrive.fr/image.ashx?id=2704783&use=l&cat=p&typeid=i","cat":312237},{"id":110169,"n":"Bol panais Bio Village 4 mois bio - 2x120g","p":1.45,"u":"6,04 €/KG","img":"https://fd5-photos.leclercdrive.fr/image.ashx?id=2704798&use=l&cat=p&typeid=i","cat":312234},{"id":110170,"n":"Bol panais carotte Bio Village Poulet bio - 12 mois - 2x200g","p":2.69,"u":"6,73 €/KG","img":"https://fd5-photos.leclercdrive.fr/image.ashx?id=2704801&use=l&cat=p&typeid=i","cat":312237},{"id":110178,"n":"Radis ronds  Panier du Primeur - 250g","p":0.99,"u":"3,96 €/KG","img":"https://fd5-photos.leclercdrive.fr/image.ashx?id=3015117&use=l&cat=p&typeid=i","cat":284352},{"id":110179,"n":"Bol risotto Tomate Bio Village Aubergine bio - 2x200g","p":2.55,"u":"6,38 €/KG","img":"https://fd5-photos.leclercdrive.fr/image.ashx?id=2704825&use=l&cat=p&typeid=i","cat":312237},{"id":110182,"n":"Bol Spaghetti Bio Village 8mois Bio Bolognaise - 2x200g","p":2.59,"u":"6,48 €/KG","img":"https://fd5-photos.leclercdrive.fr/image.ashx?id=2704828&use=l&cat=p&typeid=i","cat":312236},{"id":110186,"n":"Bol légume soleil Bio Village Pâtes bio - 12 mois 2x200g","p":2.55,"u":"6,38 €/KG","img":"https://fd5-photos.leclercdrive.fr/image.ashx?id=2704831&use=l&cat=p&typeid=i","cat":312239},{"id":110440,"n":"Viande hachée tradition Charal Prêt à cuisiner 5%mg - 500g","p":9.61,"pp":7.69,"u":"15,38 €/KG","img":"https://fd5-photos.leclercdrive.fr/image.ashx?id=2014385&use=l&cat=p&typeid=i","cat":284332},{"id":110463,"n":"Taille-crayon Esquisse Bleu avec réserve 2 trous","p":1.1,"img":"https://fd5-photos.leclercdrive.fr/image.ashx?id=2943301&use=l&cat=p&typeid=i","cat":334133},{"id":110465,"n":"Classeur 4 anneaux Esquisse Blanc - 21x29.7cm","p":2.49,"img":"https://fd5-photos.leclercdrive.fr/image.ashx?id=1703803&use=l&cat=p&typeid=i","cat":284745},{"id":110509,"n":"boisson végétale lait d'amande non grillée sans sucre alpro-1l","p":2.1,"u":"2,10 €/L","img":"https://fd5-photos.leclercdrive.fr/image.ashx?id=2980085&use=l&cat=p&typeid=i","cat":316067},{"id":110556,"n":"Jus innocent plus  infatigableu 750ml","p":2.63,"u":"3,51 €/L","img":"https://fd5-photos.leclercdrive.fr/image.ashx?id=2862874&use=l&cat=p&typeid=i","cat":285435},{"id":110566,"n":"Crème dépilatoire Veet Men Corps Peaux Sensibles 200ml","p":4.27,"u":"21,35 €/L","img":"https://fd5-photos.leclercdrive.fr/image.ashx?id=2965689&use=l&cat=p&typeid=i","cat":284617},{"id":110568,"n":"Gel Lubrifiant Intime Durex Naturel Confort Base Eau 100ml","p":8.71,"u":"87,10 €/L","img":"https://fd5-photos.leclercdrive.fr/image.ashx?id=2960687&use=l&cat=p&typeid=i","cat":285160},{"id":110573,"n":"Culotte absorbante Chorys Plus médium - x14","p":7.93,"u":"0,57 €/P","img":"https://fd5-photos.leclercdrive.fr/image.ashx?id=2458109&use=l&cat=p&typeid=i","cat":284628},{"id":110574,"n":"Culotte absorbante Chorys Plus large - x14","p":8.65,"u":"0,62 €/P","img":"https://fd5-photos.leclercdrive.fr/image.ashx?id=2458112&use=l&cat=p&typeid=i","cat":284628},{"id":110575,"n":"Dentifrice Bionaïa Coco Aloe Vera bio - 75ml","p":1.99,"u":"26,53 €/L","img":"https://fd5-photos.leclercdrive.fr/image.ashx?id=2529549&use=l&cat=p&typeid=i","cat":284612},{"id":110577,"n":"Serviette incontinence Chorys Normal - x16","p":2.62,"u":"0,16 €/P","img":"https://fd5-photos.leclercdrive.fr/image.ashx?id=2393899&use=l&cat=p&typeid=i","cat":284628},{"id":110589,"n":"Serviette incontinence Chorys Super+ - x14","p":2.2,"u":"0,16 €/P","img":"https://fd5-photos.leclercdrive.fr/image.ashx?id=2162003&use=l&cat=p&typeid=i","cat":284628},{"id":110590,"n":"Recharge Électrique Glade Bois de Santal & Jasmin 20ml","p":3.92,"img":"https://fd5-photos.leclercdrive.fr/image.ashx?id=2600773&use=l&cat=p&typeid=i","cat":311629},{"id":110595,"n":"Gel Lave-Vaisselle Sun Tout-en-1 Expert Plus 52 Lavage","p":7.9,"u":"8,78 €/L","img":"https://fd5-photos.leclercdrive.fr/image.ashx?id=2835580&use=l&cat=p&typeid=i","cat":284656},{"id":110596,"n":"Poudre Lave Vaisselle Sun Classique 90 Lavages","p":9.8,"u":"3,44 €/KG","img":"https://fd5-photos.leclercdrive.fr/image.ashx?id=2866172&use=l&cat=p&typeid=i","cat":284656},{"id":110598,"n":"Solution 2 en 1 pour Mycose Ongles Pieds - 3,8 ml","p":12.81,"img":"https://fd5-photos.leclercdrive.fr/image.ashx?id=2990955&use=l&cat=p&typeid=i","cat":325354},{"id":110628,"n":"Burrata Galbani 150g","p":3.48,"u":"23,20 €/KG","img":"https://fd5-photos.leclercdrive.fr/image.ashx?id=2837592&use=l&cat=p&typeid=i","cat":314026},{"id":110637,"n":"Tiramisu Bio Village Bio - 2x90g","p":2.65,"u":"14,72 €/KG","img":"https://fd5-photos.leclercdrive.fr/image.ashx?id=2992654&use=l&cat=p&typeid=i","cat":284419},{"id":110653,"n":"Carafon sans bouchon Luminarc 0,5L - 1 pièce","p":2.5,"img":"https://fd5-photos.leclercdrive.fr/image.ashx?id=2324429&use=l&cat=p&typeid=i","cat":334134},{"id":110654,"n":"Carafe sans bouchon Luminarc 1L - 1 pièce","p":2.17,"img":"https://fd5-photos.leclercdrive.fr/image.ashx?id=1853100&use=l&cat=p&typeid=i","cat":334134},{"id":110656,"n":"Bocal Le Parfait Super 1/2 litre - Pack de 6","p":16.77,"u":"2,80 €/P","img":"https://fd5-photos.leclercdrive.fr/image.ashx?id=2807462&use=l&cat=p&typeid=i","cat":284710},{"id":110657,"n":"Bocal La parfait Super 3/4 litre - Pack de 6","p":18.96,"u":"3,16 €/P","img":"https://fd5-photos.leclercdrive.fr/image.ashx?id=2807465&use=l&cat=p&typeid=i","cat":284710},{"id":110659,"n":"Bocal Le Parfait Super 1 litre - Pack de 6","p":19.96,"u":"3,33 €/P","img":"https://fd5-photos.leclercdrive.fr/image.ashx?id=2807468&use=l&cat=p&typeid=i","cat":284710},{"id":110664,"n":"Bol parisien Eco+ Transparent 51cl - 1 pièce","p":1.08,"img":"https://fd5-photos.leclercdrive.fr/image.ashx?id=1704284&use=l&cat=p&typeid=i","cat":334134},{"id":110665,"n":"Assiette plate Opale Eco+ 24cm - 1 pièce","p":0.77,"img":"https://fd5-photos.leclercdrive.fr/image.ashx?id=1704287&use=l&cat=p&typeid=i","cat":334134},{"id":110666,"n":"Bol à côtes Ardence Rouge 14cm - 1 pièce","p":2.2,"img":"https://fd5-photos.leclercdrive.fr/image.ashx?id=1704293&use=l&cat=p&typeid=i","cat":334134},{"id":110676,"n":"Riz cuisine Bio Village Fluide bio - 3x20cl","p":2.49,"u":"4,15 €/KG","img":"https://fd5-photos.leclercdrive.fr/image.ashx?id=2717260&use=l&cat=p&typeid=i","cat":288381},{"id":110677,"n":"Couteau Le Couteau du chef De cuisine 17cm - 1 pièce","p":7.25,"img":"https://fd5-photos.leclercdrive.fr/image.ashx?id=1889893&use=l&cat=p&typeid=i","cat":334135},{"id":110678,"n":"Bouillon cube Bio Village Volaille Bio - x8 - 80g","p":1.43,"u":"17,88 €/KG","img":"https://fd5-photos.leclercdrive.fr/image.ashx?id=2140950&use=l&cat=p&typeid=i","cat":288379},{"id":110681,"n":"Mayonaise Bio Bio Village Dijon - 238g","p":2.35,"u":"9,87 €/KG","img":"https://fd5-photos.leclercdrive.fr/image.ashx?id=2664869&use=l&cat=p&typeid=i","cat":298295},{"id":110682,"n":"Saladier Eco+ 23cm - 1 pièce","p":1.77,"img":"https://fd5-photos.leclercdrive.fr/image.ashx?id=1704281&use=l&cat=p&typeid=i","cat":334134},{"id":110684,"n":"Saladier Eco+ White Moon 24cm - 1 pièce","p":2.96,"img":"https://fd5-photos.leclercdrive.fr/image.ashx?id=1706763&use=l&cat=p&typeid=i","cat":334134},{"id":110688,"n":"Saladier Ardence Rouge 25cm - 1 pièce","p":6.5,"img":"https://fd5-photos.leclercdrive.fr/image.ashx?id=1704302&use=l&cat=p&typeid=i","cat":334134},{"id":110691,"n":"Saladier Harena Luminarc Noir 27cm - 1 pièce","p":3.9,"img":"https://fd5-photos.leclercdrive.fr/image.ashx?id=1854560&use=l&cat=p&typeid=i","cat":334134},{"id":110694,"n":"Mug Ardence Rouge 38cl - 1 pièce","p":1.9,"img":"https://fd5-photos.leclercdrive.fr/image.ashx?id=1704296&use=l&cat=p&typeid=i","cat":334134},{"id":110707,"n":"Beurre gastronomique Les Croisé Doux - 82% MG - 250g","p":2.49,"u":"9,96 €/KG","img":"https://fd5-photos.leclercdrive.fr/image.ashx?id=2833005&use=l&cat=p&typeid=i","cat":284379},{"id":110708,"n":"Beurre Les Croisés Demi-sel - 80% MG - 250g","p":2.49,"u":"9,96 €/KG","img":"https://fd5-photos.leclercdrive.fr/image.ashx?id=2778084&use=l&cat=p&typeid=i","cat":284379},{"id":110712,"n":"Boisson lacté Délisse Vanille - 6x20cl","p":2.19,"u":"1,83 €/L","img":"https://fd5-photos.leclercdrive.fr/image.ashx?id=2171916&use=l&cat=p&typeid=i","cat":295246},{"id":110767,"n":"Tasse Ardence 9cl - 1 pièce","p":0.9,"img":"https://fd5-photos.leclercdrive.fr/image.ashx?id=1704508&use=l&cat=p&typeid=i","cat":334134},{"id":110772,"n":"Gobelet gigogne Duralex Transparent 16cl - x4","p":3.72,"img":"https://fd5-photos.leclercdrive.fr/image.ashx?id=1753667&use=l&cat=p&typeid=i","cat":334134},{"id":110773,"n":"Gobelet Picardie Duralex Transparent 16cl - x4","p":3.85,"u":"0,96 €/P","img":"https://fd5-photos.leclercdrive.fr/image.ashx?id=2921340&use=l&cat=p&typeid=i","cat":334134},{"id":110776,"n":"Eplucheur Ardence 1 pièce","p":2.9,"img":"https://fd5-photos.leclercdrive.fr/image.ashx?id=1704556&use=l&cat=p&typeid=i","cat":334135},{"id":110782,"n":"Plat rond Diwali Luminarc Blanc 26cm - 1 pièce","p":9.13,"img":"https://fd5-photos.leclercdrive.fr/image.ashx?id=1853106&use=l&cat=p&typeid=i","cat":334134},{"id":110786,"n":"Plat à cake porcelaine 1 pièce","p":7.03,"img":"https://fd5-photos.leclercdrive.fr/image.ashx?id=1704547&use=l&cat=p&typeid=i","cat":334134},{"id":110803,"n":"Trieur Esquisse A4 Rouge - 8 positions - x1","p":2.99,"img":"https://fd5-photos.leclercdrive.fr/image.ashx?id=1180551&use=l&cat=p&typeid=i","cat":284745},{"id":110813,"n":"Coupelle Ardence 1 pièce","p":1.2,"img":"https://fd5-photos.leclercdrive.fr/image.ashx?id=1705093&use=l&cat=p&typeid=i","cat":334134},{"id":110814,"n":"Classeur cahier Esquisse Turquoise - Polypro - 21x29.7cm","p":1.89,"img":"https://fd5-photos.leclercdrive.fr/image.ashx?id=1698745&use=l&cat=p&typeid=i","cat":284745},{"id":110825,"n":"Couteau office crantée Nogent Lame pointue 9cm bois teinté-x1","p":5.38,"img":"https://fd5-photos.leclercdrive.fr/image.ashx?id=1885251&use=l&cat=p&typeid=i","cat":334135},{"id":110827,"n":"Jus pour bébé Naturnes Bio Pomme mangue 6M+ 20cl","p":0.82,"u":"4,10 €/L","img":"https://fd5-photos.leclercdrive.fr/image.ashx?id=2406235&use=l&cat=p&typeid=i","cat":312388},{"id":110835,"n":"Verre à pied Borgonovo 19cl London - 1 pièce","p":1.3,"img":"https://fd5-photos.leclercdrive.fr/image.ashx?id=1878122&use=l&cat=p&typeid=i","cat":334134},{"id":110845,"n":"Huile végétale So'Bio Etic Amande douce bio - 50ml","p":5.07,"u":"101,40 €/L","img":"https://fd5-photos.leclercdrive.fr/image.ashx?id=2827956&use=l&cat=p&typeid=i","cat":325349},{"id":110847,"n":"Huile végétale So'Bio Etic Coco bio - 50ml","p":5.6,"u":"112,00 €/L","img":"https://fd5-photos.leclercdrive.fr/image.ashx?id=2827959&use=l&cat=p&typeid=i","cat":325349},{"id":110849,"n":"Dentifrice Bionaïa Charbon bio - 75ml","p":1.99,"u":"26,53 €/L","img":"https://fd5-photos.leclercdrive.fr/image.ashx?id=2529546&use=l&cat=p&typeid=i","cat":284612},{"id":110854,"n":"Fido Purina Bacon twist - 120g","p":2.13,"u":"17,75 €/KG","img":"https://fd5-photos.leclercdrive.fr/image.ashx?id=2447163&use=l&cat=p&typeid=i","cat":294527},{"id":110856,"n":"Pack bières blondes 8.6 8.6%vol - 4x50cl","p":5.51,"u":"2,76 €/L","img":"https://fd5-photos.leclercdrive.fr/image.ashx?id=2841601&use=l&cat=p&typeid=i","cat":334853},{"id":110857,"n":"Boisson effervescente base vin Désalcoolisé Diane D’Arria 75cl","p":2.79,"u":"3,72 €/L","img":"https://fd5-photos.leclercdrive.fr/image.ashx?id=2149728&use=l&cat=p&typeid=i","cat":289460},{"id":110858,"n":"Jus pour bébé Naturnes 6 mois Poire Banane Bio - 200ml","p":0.91,"u":"4,55 €/L","img":"https://fd5-photos.leclercdrive.fr/image.ashx?id=2406238&use=l&cat=p&typeid=i","cat":312388},{"id":110860,"n":"Petit pot légumes  Babybio Bio  4 mois 2x130g","p":2.22,"u":"8,54 €/KG","img":"https://fd5-photos.leclercdrive.fr/image.ashx?id=2857341&use=l&cat=p&typeid=i","cat":312234},{"id":110866,"n":"Cheesecake Gü Caramel salé - 2x90g","p":2.75,"u":"14,95 €/KG","img":"https://fd5-photos.leclercdrive.fr/image.ashx?id=3012664&use=l&cat=p&typeid=i","cat":284419},{"id":110882,"n":"Compote bébé Babybio  6mois Bio Pomme Banane Lait  Coco 260g","p":1.75,"u":"6,73 €/KG","img":"https://fd5-photos.leclercdrive.fr/image.ashx?id=2827515&use=l&cat=p&typeid=i","cat":312388},{"id":110884,"n":"Viande hachée Bio Yooji Dinde - 6 mois et   - 120g","p":4.75,"u":"39,58 €/KG","img":"https://fd5-photos.leclercdrive.fr/image.ashx?id=2575738&use=l&cat=p&typeid=i","cat":290631},{"id":110913,"n":"Sirop sport Grenadine - 60cl","p":2.46,"u":"4,10 €/L","img":"https://fd5-photos.leclercdrive.fr/image.ashx?id=1892348&use=l&cat=p&typeid=i","cat":295020},{"id":110917,"n":"Sirop sport Pêche - 60cl","p":1.96,"u":"3,27 €/L","img":"https://fd5-photos.leclercdrive.fr/image.ashx?id=2103127&use=l&cat=p&typeid=i","cat":295020},{"id":110919,"n":"Sirop sport Ice Tea - 60cl","p":1.84,"u":"3,07 €/L","img":"https://fd5-photos.leclercdrive.fr/image.ashx?id=2103133&use=l&cat=p&typeid=i","cat":295020},{"id":110928,"n":"Crème pamplemousse Giffard 16%vol - 50cl","p":5.5,"pp":4.95,"u":"9,90 €/L","img":"https://fd5-photos.leclercdrive.fr/image.ashx?id=2219156&use=l&cat=p&typeid=i","cat":286032},{"id":110940,"n":"Champagne blanc brut Jeanmaire Elysée-  75cl","p":15.5,"u":"20,67 €/L","img":"https://fd5-photos.leclercdrive.fr/image.ashx?id=1726568&use=l&cat=p&typeid=i","cat":284542},{"id":111085,"n":"Gourde bébé bio Babybio kiwi, Mangue, Coco 6 mois 360g","p":3.99,"u":"11,08 €/KG","img":"https://fd5-photos.leclercdrive.fr/image.ashx?id=2858237&use=l&cat=p&typeid=i","cat":312393},{"id":111207,"n":"Jenlain ambrée 75cl","p":2.56,"u":"3,41 €/L","img":"https://fd5-photos.leclercdrive.fr/image.ashx?id=2732848&use=l&cat=p&typeid=i","cat":334852},{"id":111211,"n":"Pain de mie La Boulangère Seigle graines - 500g","p":1.66,"u":"3,32 €/KG","img":"https://fd5-photos.leclercdrive.fr/image.ashx?id=2912425&use=l&cat=p&typeid=i","cat":284477},{"id":111354,"n":"Crevettes nature Assiette Bleue Décortiquées - 200g","p":6.93,"u":"34,65 €/KG","img":"https://fd5-photos.leclercdrive.fr/image.ashx?id=2399661&use=l&cat=p&typeid=i","cat":284343},{"id":111359,"n":"Rôti porc supérieur Bio Village 4 Tranches bio - 120g","p":2.54,"u":"21,17 €/KG","img":"https://fd5-photos.leclercdrive.fr/image.ashx?id=2837102&use=l&cat=p&typeid=i","cat":316009},{"id":111363,"n":"Allumettes Eco+ Nature - 2x100g","p":1.17,"u":"5,85 €/KG","img":"https://fd5-photos.leclercdrive.fr/image.ashx?id=2688255&use=l&cat=p&typeid=i","cat":316011},{"id":111365,"n":"Lardons Eco+ Fumés - 180g","p":1.32,"u":"7,33 €/KG","img":"https://fd5-photos.leclercdrive.fr/image.ashx?id=2805066&use=l&cat=p&typeid=i","cat":316011},{"id":111369,"n":"Allumettes Eco+ Fumées - 2x100g","p":1.16,"u":"5,80 €/KG","img":"https://fd5-photos.leclercdrive.fr/image.ashx?id=2688258&use=l&cat=p&typeid=i","cat":316011},{"id":111380,"n":"Piles Alcalines Energizer Max C/LR14 1.5V - x2","p":4.78,"u":"2,39 €/P","img":"https://fd5-photos.leclercdrive.fr/image.ashx?id=2850716&use=l&cat=p&typeid=i","cat":300572},{"id":111381,"n":"Piles Alcalines Energizer Max D/LR20 1.5V - x2","p":4.79,"u":"2,40 €/P","img":"https://fd5-photos.leclercdrive.fr/image.ashx?id=2855424&use=l&cat=p&typeid=i","cat":300572},{"id":111385,"n":"Croquette chat stérilisé Ultima Boeuf - 1.5kg","p":6.27,"u":"4,18 €/KG","img":"https://fd5-photos.leclercdrive.fr/image.ashx?id=2921903&use=l&cat=p&typeid=i","cat":284680},{"id":111414,"n":"Repas bébé Blédichef 12 mois  Spaghetti bolognaise - 230g","p":1.76,"u":"7,65 €/KG","img":"https://fd5-photos.leclercdrive.fr/image.ashx?id=2643491&use=l&cat=p&typeid=i","cat":312237},{"id":111415,"n":"Repas bébé Blédichef 12 mois Purée épinards saumon - 230g","p":1.56,"u":"6,24 €/KG","img":"https://fd5-photos.leclercdrive.fr/image.ashx?id=1710731&use=l&cat=p&typeid=i","cat":312237},{"id":111418,"n":"Repas bébé Blédichef 15 mois Risotto courgette saumon - 250g","p":1.72,"u":"6,88 €/KG","img":"https://fd5-photos.leclercdrive.fr/image.ashx?id=2643488&use=l&cat=p&typeid=i","cat":312238},{"id":111419,"n":"Repas bébé Blédichef 24 mois  Macaroni carotte boeuf - 250g","p":1.9,"u":"7,60 €/KG","img":"https://fd5-photos.leclercdrive.fr/image.ashx?id=2951593&use=l&cat=p&typeid=i","cat":312238},{"id":111420,"n":"Compotes Materne Coupelles  Pomme Nature - 12x100g","p":4.56,"u":"3,80 €/KG","img":"https://fd5-photos.leclercdrive.fr/image.ashx?id=3010867&use=l&cat=p&typeid=i","cat":284508},{"id":111422,"n":"Compotes Pom'Potes Gourdes  Pomm P. Frais P. Framb - 32x90g","p":11.33,"u":"3,93 €/KG","img":"https://fd5-photos.leclercdrive.fr/image.ashx?id=2870182&use=l&cat=p&typeid=i","cat":284508},{"id":111423,"n":"Compotes Materne Coupelles  Multivariétés Jaunes - 12x100g","p":4.2,"u":"3,50 €/KG","img":"https://fd5-photos.leclercdrive.fr/image.ashx?id=3012191&use=l&cat=p&typeid=i","cat":284508},{"id":111424,"n":"Repas bébé Blédichef 12 mois  Hachis parmentier - 230g","p":1.5,"u":"6,52 €/KG","img":"https://fd5-photos.leclercdrive.fr/image.ashx?id=2478571&use=l&cat=p&typeid=i","cat":312237},{"id":111425,"n":"Chips lentilles Vico Fines herbes - 85g","p":1.66,"u":"19,53 €/KG","img":"https://fd5-photos.leclercdrive.fr/image.ashx?id=3000096&use=l&cat=p&typeid=i","cat":284447},{"id":111426,"n":"Chips lentille Vico Tomate mozzarella - 85g","p":1.79,"u":"21,06 €/KG","img":"https://fd5-photos.leclercdrive.fr/image.ashx?id=2989255&use=l&cat=p&typeid=i","cat":284447},{"id":111428,"n":"Thé vert citron vert Twinings Gingembre - 20 sachets - 32g","p":3.1,"u":"96,88 €/KG","img":"https://fd5-photos.leclercdrive.fr/image.ashx?id=2893042&use=l&cat=p&typeid=i","cat":293233},{"id":111432,"n":"Plat bébé soir Blédichef 15mois Pomme de terre chou fleur -250g","p":1.83,"u":"7,32 €/KG","img":"https://fd5-photos.leclercdrive.fr/image.ashx?id=2479018&use=l&cat=p&typeid=i","cat":312239},{"id":111433,"n":"Repas bébé Blédichef 18 mois  Paëlla - 250g","p":1.9,"u":"7,60 €/KG","img":"https://fd5-photos.leclercdrive.fr/image.ashx?id=2951587&use=l&cat=p&typeid=i","cat":312238},{"id":111435,"n":"Repas bébé Blédichef 18 mois  Ratatouille poulet - 250g","p":2.02,"u":"8,08 €/KG","img":"https://fd5-photos.leclercdrive.fr/image.ashx?id=2951596&use=l&cat=p&typeid=i","cat":312238},{"id":111448,"n":"Snack Bio Village Lentilles bio - 60g","p":2.04,"u":"34,00 €/KG","img":"https://fd5-photos.leclercdrive.fr/image.ashx?id=1709361&use=l&cat=p&typeid=i","cat":284449},{"id":111449,"n":"Snack Bio Village Pois chiches bio - 60g","p":2.04,"u":"34,00 €/KG","img":"https://fd5-photos.leclercdrive.fr/image.ashx?id=1709364&use=l&cat=p&typeid=i","cat":284449},{"id":111454,"n":"Céréales Babybio Bio Dès 6 mois Céréales 3 fruits - 220g","p":4.24,"u":"19,27 €/KG","img":"https://fd5-photos.leclercdrive.fr/image.ashx?id=2837754&use=l&cat=p&typeid=i","cat":312225},{"id":111455,"n":"Pot bébé truite 6-9mois Babybio Carotte potimarron bio - 2x200g","p":3.48,"u":"8,70 €/KG","img":"https://fd5-photos.leclercdrive.fr/image.ashx?id=2857344&use=l&cat=p&typeid=i","cat":312236},{"id":111587,"n":"Café dosettes Tassimo L'Or XL Classique x16","p":4.6,"u":"33,82 €/KG","img":"https://fd5-photos.leclercdrive.fr/image.ashx?id=2100308&use=l&cat=p&typeid=i","cat":293240},{"id":111590,"n":"Capsules café L'Or Espresso Lungo Mattinata N°5 x10","p":3.55,"u":"68,27 €/KG","img":"https://fd5-photos.leclercdrive.fr/image.ashx?id=3002309&use=l&cat=p&typeid=i","cat":284749},{"id":111641,"n":"Pur jus d'ananas Bio Village Bio - 6x20cl","p":4.98,"u":"4,15 €/L","img":"https://fd5-photos.leclercdrive.fr/image.ashx?id=2595052&use=l&cat=p&typeid=i","cat":284916},{"id":111644,"n":"Nectar multifruits Bio Village Bio - 1.5L","p":1.92,"u":"1,28 €/L","img":"https://fd5-photos.leclercdrive.fr/image.ashx?id=2954130&use=l&cat=p&typeid=i","cat":284917},{"id":111645,"n":"Nectar de pomme Bio Village Bio - 1.5L","p":1.81,"u":"1,21 €/L","img":"https://fd5-photos.leclercdrive.fr/image.ashx?id=2954133&use=l&cat=p&typeid=i","cat":284522},{"id":111700,"n":"Citronnade Bio Village Bio - 1L","p":1.24,"u":"1,24 €/L","img":"https://fd5-photos.leclercdrive.fr/image.ashx?id=2655719&use=l&cat=p&typeid=i","cat":295018},{"id":111742,"n":"IGP du Var Minimi Vin Rosé 75cl","p":3.26,"u":"4,35 €/L","img":"https://fd5-photos.leclercdrive.fr/image.ashx?id=2686945&use=l&cat=p&typeid=i","cat":289558},{"id":111749,"n":"Dés de fromage aux noix Petit Marché - 120g","p":3.5,"u":"29,17 €/KG","img":"https://fd5-photos.leclercdrive.fr/image.ashx?id=2511558&use=l&cat=p&typeid=i","cat":314027},{"id":111785,"n":"Soda Pepsi Cola cerise sans sucres - 1.5L","p":1.84,"u":"1,23 €/L","img":"https://fd5-photos.leclercdrive.fr/image.ashx?id=2734924&use=l&cat=p&typeid=i","cat":284530},{"id":111828,"n":"Compote Charles & Alice Pommes Framboises - 4x100g","p":1.53,"u":"3,83 €/KG","img":"https://fd5-photos.leclercdrive.fr/image.ashx?id=2757341&use=l&cat=p&typeid=i","cat":284416},{"id":111829,"n":"Compote Charles & Alice Pommes Fraises - 4x100g","p":1.54,"u":"3,85 €/KG","img":"https://fd5-photos.leclercdrive.fr/image.ashx?id=2757338&use=l&cat=p&typeid=i","cat":284416},{"id":111832,"n":"Lotion Eau Précieuse 375ml","p":10.0,"u":"26,67 €/L","img":"https://fd5-photos.leclercdrive.fr/image.ashx?id=2057251&use=l&cat=p&typeid=i","cat":301587},{"id":111893,"n":"Crème anti-crevasses Primoplast Talons - 60ml","p":2.89,"u":"48,17 €/L","img":"https://fd5-photos.leclercdrive.fr/image.ashx?id=2856567&use=l&cat=p&typeid=i","cat":325354},{"id":111894,"n":"Coloration Perfect Mousse  Schwarzkopf - 668 noisette","p":7.45,"img":"https://fd5-photos.leclercdrive.fr/image.ashx?id=2856709&use=l&cat=p&typeid=i","cat":288899},{"id":111895,"n":"Coloration Perfect Mousse Schwarzkopf - 500 châtain","p":9.38,"img":"https://fd5-photos.leclercdrive.fr/image.ashx?id=2970882&use=l&cat=p&typeid=i","cat":288899},{"id":111897,"n":"Coloration Casting crème gloss Prune exquise N°316","p":8.48,"img":"https://fd5-photos.leclercdrive.fr/image.ashx?id=2869074&use=l&cat=p&typeid=i","cat":288899},{"id":111899,"n":"Coloration Perfect Mousse Schwarzkopf - 465 châtain choco","p":7.14,"img":"https://fd5-photos.leclercdrive.fr/image.ashx?id=2921555&use=l&cat=p&typeid=i","cat":288899},{"id":111901,"n":"Coloration Permanente Olia 4.15 Marron Glacé","p":8.57,"img":"https://fd5-photos.leclercdrive.fr/image.ashx?id=2471322&use=l&cat=p&typeid=i","cat":288899},{"id":111903,"n":"Coloration Permanente Olia 5.3 Chatain Clair Doré","p":8.57,"img":"https://fd5-photos.leclercdrive.fr/image.ashx?id=2520494&use=l&cat=p&typeid=i","cat":288899},{"id":111906,"n":"Déodorant compressé Ushuaïa Grenade - 100ml","p":4.09,"u":"40,90 €/L","img":"https://fd5-photos.leclercdrive.fr/image.ashx?id=2474608&use=l&cat=p&typeid=i","cat":284595},{"id":111907,"n":"Déodorant compressé Ushuaïa Fleur d'Oranger - 100ml","p":3.54,"u":"35,40 €/L","img":"https://fd5-photos.leclercdrive.fr/image.ashx?id=2474614&use=l&cat=p&typeid=i","cat":284595},{"id":111908,"n":"Huile d'amande douce Primoplast 100ml","p":3.25,"u":"32,50 €/L","img":"https://fd5-photos.leclercdrive.fr/image.ashx?id=2856573&use=l&cat=p&typeid=i","cat":284630},{"id":111910,"n":"Gommage tube Manava 150ml","p":1.99,"u":"13,27 €/L","img":"https://fd5-photos.leclercdrive.fr/image.ashx?id=2515691&use=l&cat=p&typeid=i","cat":284594},{"id":111911,"n":"Crème anti-rides Bionaïa Bio - 50ml","p":5.59,"u":"111,80 €/L","img":"https://fd5-photos.leclercdrive.fr/image.ashx?id=2436702&use=l&cat=p&typeid=i","cat":325345},{"id":111914,"n":"Bière ambrée Grimbergen 6,5° - 12x25cl","p":10.87,"u":"3,62 €/L","img":"https://fd5-photos.leclercdrive.fr/image.ashx?id=2294378&use=l&cat=p&typeid=i","cat":334852},{"id":111916,"n":"Shampooing Nat&Nove Bio Cheveux gras - 250ml","p":5.63,"u":"22,52 €/L","img":"https://fd5-photos.leclercdrive.fr/image.ashx?id=2520389&use=l&cat=p&typeid=i","cat":284606},{"id":111921,"n":"Dessert végétal soja Alpro Mangue sans sucres - 400g","p":2.18,"u":"5,45 €/KG","img":"https://fd5-photos.leclercdrive.fr/image.ashx?id=2976086&use=l&cat=p&typeid=i","cat":316071},{"id":111938,"n":"Bière blonde Affligem  Sans alcool - 6x25cl","p":4.61,"u":"3,07 €/L","img":"https://fd5-photos.leclercdrive.fr/image.ashx?id=2979695&use=l&cat=p&typeid=i","cat":334877},{"id":111972,"n":"Serviettes Discreet Tena Lady Extra Plus - x16","p":5.73,"u":"0,36 €/P","img":"https://fd5-photos.leclercdrive.fr/image.ashx?id=2597250&use=l&cat=p&typeid=i","cat":284628},{"id":111987,"n":"Repas bébé Blédichef 18 mois  Pâtes boeuf bourguignon - 250g","p":1.9,"u":"7,60 €/KG","img":"https://fd5-photos.leclercdrive.fr/image.ashx?id=2643746&use=l&cat=p&typeid=i","cat":312238},{"id":111988,"n":"Plat bébé soir Blédichef 18mois Pâtes carotte - 250g","p":1.57,"u":"6,28 €/KG","img":"https://fd5-photos.leclercdrive.fr/image.ashx?id=2479024&use=l&cat=p&typeid=i","cat":312239},{"id":111989,"n":"Plat bébé soir Blédichef 12mois Semoule carotte - 230g","p":1.82,"u":"7,91 €/KG","img":"https://fd5-photos.leclercdrive.fr/image.ashx?id=2852363&use=l&cat=p&typeid=i","cat":312239},{"id":111990,"n":"Plat bébé soir Blédichef 18mois Pâtes épinards carotte - 250g","p":1.96,"u":"7,84 €/KG","img":"https://fd5-photos.leclercdrive.fr/image.ashx?id=2479027&use=l&cat=p&typeid=i","cat":312239},{"id":112025,"n":"Fromage St Marcellin IGP 25%mg NRT - 80g","p":1.59,"u":"19,88 €/KG","img":"https://fd5-photos.leclercdrive.fr/image.ashx?id=2174738&use=l&cat=p&typeid=i","cat":329558},{"id":112026,"n":"Fromage Saint Félicien Dauphine NRT - 180g","p":2.65,"u":"14,72 €/KG","img":"https://fd5-photos.leclercdrive.fr/image.ashx?id=2600617&use=l&cat=p&typeid=i","cat":329558},{"id":112070,"n":"Galettes bio St Michel Au bon beurre - 130g","p":1.31,"u":"10,08 €/KG","img":"https://fd5-photos.leclercdrive.fr/image.ashx?id=2936236&use=l&cat=p&typeid=i","cat":284487},{"id":112125,"n":"Crème nutritive nuit So'bio Précieux Argan bio  - 50ml","p":15.04,"u":"300,80 €/L","img":"https://fd5-photos.leclercdrive.fr/image.ashx?id=2990715&use=l&cat=p&typeid=i","cat":325345},{"id":112126,"n":"Crème rose jour So'Bio Etic Précieux Argan bio - 50ml","p":13.73,"u":"274,60 €/L","img":"https://fd5-photos.leclercdrive.fr/image.ashx?id=2792687&use=l&cat=p&typeid=i","cat":325345},{"id":112143,"n":"Oignon rouge Panier du Primeur x4","p":1.79,"u":"0,45 €/P","img":"https://fd5-photos.leclercdrive.fr/image.ashx?id=2966490&use=l&cat=p&typeid=i","cat":284352},{"id":112145,"n":"Pomme de terre de consommation Eco+ 5kg","p":2.99,"u":"0,60 €/KG","img":"https://fd5-photos.leclercdrive.fr/image.ashx?id=2888926&use=l&cat=p&typeid=i","cat":284352},{"id":112153,"n":"Planta Fin Cuisson 79%MG - 500ml","p":2.25,"u":"4,50 €/L","img":"https://fd5-photos.leclercdrive.fr/image.ashx?id=2793083&use=l&cat=p&typeid=i","cat":315229},{"id":112210,"n":"Bière blonde Affligem 6x25cl","p":4.99,"u":"3,33 €/L","img":"https://fd5-photos.leclercdrive.fr/image.ashx?id=2530323&use=l&cat=p&typeid=i","cat":334852},{"id":112288,"n":"Coton Bocoton bio Maxi ovales - x40","p":1.9,"u":"0,05 €/P","img":"https://fd5-photos.leclercdrive.fr/image.ashx?id=2480307&use=l&cat=p&typeid=i","cat":284636},{"id":112291,"n":"Yaourt protéiné Hipro Myrtille 0%mg - 2x160g","p":2.02,"u":"6,31 €/KG","img":"https://fd5-photos.leclercdrive.fr/image.ashx?id=2800285&use=l&cat=p&typeid=i","cat":315000},{"id":112292,"n":"Yaourt protéiné Hipro Citron 0%mg - 2x160g","p":2.35,"u":"7,34 €/KG","img":"https://fd5-photos.leclercdrive.fr/image.ashx?id=2945415&use=l&cat=p&typeid=i","cat":315000},{"id":112293,"n":"Yaourt à boire protéiné Hipro Vanille cookie 0%mg - 300g","p":1.93,"u":"6,43 €/KG","img":"https://fd5-photos.leclercdrive.fr/image.ashx?id=2329753&use=l&cat=p&typeid=i","cat":315000},{"id":112294,"n":"Yaourt à boire protéiné Hipro Fraise framboise 0%mg - 300g","p":1.95,"u":"6,50 €/KG","img":"https://fd5-photos.leclercdrive.fr/image.ashx?id=2806060&use=l&cat=p&typeid=i","cat":315000},{"id":112374,"n":"Matière grasse Saint Hubert Sans sel - 50mg omega 3 - 250g","p":2.49,"u":"9,96 €/KG","img":"https://fd5-photos.leclercdrive.fr/image.ashx?id=3000120&use=l&cat=p&typeid=i","cat":315229},{"id":112388,"n":"Goupillon Mots d'Enfants Vert -bout éponge, rince tétine","p":2.45,"img":"https://fd5-photos.leclercdrive.fr/image.ashx?id=2693383&use=l&cat=p&typeid=i","cat":284742},{"id":112394,"n":"Gazpacho Alvalle 50 cl","p":2.23,"u":"4,46 €/L","img":"https://fd5-photos.leclercdrive.fr/image.ashx?id=2672533&use=l&cat=p&typeid=i","cat":287365},{"id":112412,"n":"Huile OPTIMA Tramier  Biologique 1l","p":6.93,"u":"6,93 €/L","img":"https://fd5-photos.leclercdrive.fr/image.ashx?id=2890472&use=l&cat=p&typeid=i","cat":284453},{"id":112471,"n":"Mousse Danette  Chocolat - 4x60g","p":1.51,"u":"6,29 €/KG","img":"https://fd5-photos.leclercdrive.fr/image.ashx?id=2964923&use=l&cat=p&typeid=i","cat":284417},{"id":112473,"n":"Mousse Danette Vanille - 4x60g","p":1.83,"u":"7,63 €/KG","img":"https://fd5-photos.leclercdrive.fr/image.ashx?id=2980860&use=l&cat=p&typeid=i","cat":284417},{"id":112503,"n":"Baume de nuit La Provençale Bio Anti-Âge regénérant - 50ml","p":10.57,"u":"211,40 €/L","img":"https://fd5-photos.leclercdrive.fr/image.ashx?id=2950360&use=l&cat=p&typeid=i","cat":325345},{"id":112557,"n":"Gnocchi à poêler Lustucru Fromage - 2x300g+ 300g offerts","p":3.19,"u":"3,54 €/KG","img":"https://fd5-photos.leclercdrive.fr/image.ashx?id=2192398&use=l&cat=p&typeid=i","cat":333682},{"id":112571,"n":"Bière Pietra blonde bio 33cl","p":2.45,"u":"7,42 €/L","img":"https://fd5-photos.leclercdrive.fr/image.ashx?id=1772187&use=l&cat=p&typeid=i","cat":334872},{"id":112572,"n":"Bière blanche Colomba 5%vol. - 6x25cl","p":9.84,"u":"6,56 €/L","img":"https://fd5-photos.leclercdrive.fr/image.ashx?id=2223430&use=l&cat=p&typeid=i","cat":334878},{"id":112583,"n":"Biscuits Milka Chocolat au lait - 150g","p":1.63,"u":"10,87 €/KG","img":"https://fd5-photos.leclercdrive.fr/image.ashx?id=2347326&use=l&cat=p&typeid=i","cat":284488},{"id":112621,"n":"Riz au lait La Laitière Vanille - 4x115g","p":1.47,"u":"3,20 €/KG","img":"https://fd5-photos.leclercdrive.fr/image.ashx?id=2661151&use=l&cat=p&typeid=i","cat":284418},{"id":112623,"n":"Riz au lait La Laitière Vanille - 8x115g","p":2.69,"u":"2,92 €/KG","img":"https://fd5-photos.leclercdrive.fr/image.ashx?id=2610783&use=l&cat=p&typeid=i","cat":284418},{"id":112624,"n":"Semoule au lait La Laitière Vanille - 4x115g","p":1.55,"u":"3,37 €/KG","img":"https://fd5-photos.leclercdrive.fr/image.ashx?id=2654578&use=l&cat=p&typeid=i","cat":284418},{"id":112662,"n":"Vin mousseux Charles Volner Soirée blanche - 75cl","p":4.9,"pp":3.23,"u":"4,31 €/L","img":"https://fd5-photos.leclercdrive.fr/image.ashx?id=1727814&use=l&cat=p&typeid=i","cat":284544},{"id":112679,"n":"Coffret Artisan Provençal 9 marrons - 160g","p":11.51,"u":"71,94 €/KG","img":"https://fd5-photos.leclercdrive.fr/image.ashx?id=1911453&use=l&cat=p&typeid=i","cat":327603},{"id":112695,"n":"Gianduiotti chocolat Novi 160g","p":5.02,"u":"31,38 €/KG","img":"https://fd5-photos.leclercdrive.fr/image.ashx?id=2615155&use=l&cat=p&typeid=i","cat":327595},{"id":112698,"n":"yaourt bifidus activia muesli quinoa amande chia -170g","p":2.06,"u":"12,12 €/KG","img":"https://fd5-photos.leclercdrive.fr/image.ashx?id=2965885&use=l&cat=p&typeid=i","cat":315000},{"id":112699,"n":"yaourt bifidus activia muesli framboise chia - 170g","p":1.79,"u":"10,53 €/KG","img":"https://fd5-photos.leclercdrive.fr/image.ashx?id=2965888&use=l&cat=p&typeid=i","cat":315000},{"id":112728,"n":"Coffret Mini feuilletés Blini Sapin - x32","p":5.08,"u":"0,16 €/P","img":"https://fd5-photos.leclercdrive.fr/image.ashx?id=2023847&use=l&cat=p&typeid=i","cat":319774},{"id":112729,"n":"Coffret Petits feuilletés Blini Mille et une nuits - x40","p":5.01,"u":"0,13 €/P","img":"https://fd5-photos.leclercdrive.fr/image.ashx?id=1728024&use=l&cat=p&typeid=i","cat":319774},{"id":112739,"n":"Mi-chaussette unie coton Dim 5 paires homme - 39/42","p":10.5,"u":"2,10 €/P","img":"https://fd5-photos.leclercdrive.fr/image.ashx?id=2156050&use=l&cat=p&typeid=i","cat":334130},{"id":112742,"n":"Mi-chaussette unie coton Dim 5 paires homme - 43/46","p":10.5,"u":"2,10 €/P","img":"https://fd5-photos.leclercdrive.fr/image.ashx?id=2156053&use=l&cat=p&typeid=i","cat":334130},{"id":112761,"n":"Kid Smile McCain 850g","p":2.28,"u":"2,68 €/KG","img":"https://fd5-photos.leclercdrive.fr/image.ashx?id=2745802&use=l&cat=p&typeid=i","cat":319792},{"id":112764,"n":"Potatoes aux herbes McCain Country Potatoes - 780g","p":2.47,"u":"3,17 €/KG","img":"https://fd5-photos.leclercdrive.fr/image.ashx?id=2973342&use=l&cat=p&typeid=i","cat":319791},{"id":112806,"n":"Soupe Liquide Liebig  10 Légumes & Crème fraiche - 1L","p":2.48,"u":"2,48 €/L","img":"https://fd5-photos.leclercdrive.fr/image.ashx?id=2941484&use=l&cat=p&typeid=i","cat":284462},{"id":112807,"n":"Soupe liquide Liebig  Légumes et vermicelles - 2x30cl","p":1.84,"u":"3,07 €/L","img":"https://fd5-photos.leclercdrive.fr/image.ashx?id=2164075&use=l&cat=p&typeid=i","cat":284462},{"id":112808,"n":"Soupe liquide Liebig légumes Et vermicelles - Brique 1L","p":2.0,"u":"2,00 €/L","img":"https://fd5-photos.leclercdrive.fr/image.ashx?id=2892142&use=l&cat=p&typeid=i","cat":284462},{"id":112811,"n":"Gel Lave-Vaisselle Sun Tout-en-1 Citron 52 Lavages","p":7.9,"u":"8,78 €/L","img":"https://fd5-photos.leclercdrive.fr/image.ashx?id=2356268&use=l&cat=p&typeid=i","cat":284656},{"id":112947,"n":"Tablette de Chocolat Côte d'Or Praliné lait cajou amande 200g","p":4.19,"u":"20,95 €/KG","img":"https://fd5-photos.leclercdrive.fr/image.ashx?id=2957773&use=l&cat=p&typeid=i","cat":284497},{"id":112971,"n":"Purée de pommes Charles & Alice Pomme Cerises - 6x97g","p":2.16,"u":"3,71 €/KG","img":"https://fd5-photos.leclercdrive.fr/image.ashx?id=2187514&use=l&cat=p&typeid=i","cat":284508},{"id":113057,"n":"IGP Pays d'Oc Merlot vin rouge Vieux Carion - BIB 5L","p":11.99,"u":"2,40 €/L","img":"https://fd5-photos.leclercdrive.fr/image.ashx?id=2930379&use=l&cat=p&typeid=i","cat":289560},{"id":113058,"n":"AOC Côtes du Rhône ss sulfites rouge Rives & Terrasses - 75cl","p":4.99,"u":"6,65 €/L","img":"https://fd5-photos.leclercdrive.fr/image.ashx?id=2846189&use=l&cat=p&typeid=i","cat":289556},{"id":113076,"n":"Papier cadeau Esquisse Bleu - Métallisé - 2m","p":0.79,"img":"https://fd5-photos.leclercdrive.fr/image.ashx?id=1274911&use=l&cat=p&typeid=i","cat":335914},{"id":113108,"n":"Tartine Grilletine de Pasquier Froment - x18 - 242g","p":1.81,"u":"7,48 €/KG","img":"https://fd5-photos.leclercdrive.fr/image.ashx?id=2333060&use=l&cat=p&typeid=i","cat":284479},{"id":113110,"n":"Tartine Grilletine de Pasquier Blé complet - x18 - 242g","p":1.46,"u":"6,03 €/KG","img":"https://fd5-photos.leclercdrive.fr/image.ashx?id=2333063&use=l&cat=p&typeid=i","cat":284479},{"id":113118,"n":"Dès de meule Les Croisés Fruitée - 150g","p":2.75,"u":"18,33 €/KG","img":"https://fd5-photos.leclercdrive.fr/image.ashx?id=1864494&use=l&cat=p&typeid=i","cat":314027},{"id":113120,"n":"Dès de chèvre Les Croisés 150g","p":2.89,"u":"19,27 €/KG","img":"https://fd5-photos.leclercdrive.fr/image.ashx?id=1728732&use=l&cat=p&typeid=i","cat":314027},{"id":113169,"n":"Haricot Coco  500g","p":3.15,"u":"6,30 €/KG","img":"https://fd5-photos.leclercdrive.fr/image.ashx?id=578701&use=l&cat=p&typeid=i","cat":284352},{"id":113287,"n":"Bière Ambree Jenlain 6x25cl","p":4.9,"u":"3,27 €/L","img":"https://fd5-photos.leclercdrive.fr/image.ashx?id=2504677&use=l&cat=p&typeid=i","cat":334852},{"id":113292,"n":"Boisson énergisante Monster Energy Punch Pipeline - 50CL","p":1.56,"u":"3,12 €/L","img":"https://fd5-photos.leclercdrive.fr/image.ashx?id=2207436&use=l&cat=p&typeid=i","cat":284533},{"id":113352,"n":"Serviettes Discreet Tena Lady Megapack - Normal - x30","p":6.94,"u":"0,23 €/P","img":"https://fd5-photos.leclercdrive.fr/image.ashx?id=2975440&use=l&cat=p&typeid=i","cat":284628},{"id":113358,"n":"Bière ambrée Leffe 6,6% - 12x25cl","p":10.7,"u":"3,57 €/L","img":"https://fd5-photos.leclercdrive.fr/image.ashx?id=2533985&use=l&cat=p&typeid=i","cat":334852},{"id":113412,"n":"Soupe liquide Knorr Patate Douce - 45cl","p":2.98,"u":"6,62 €/L","img":"https://fd5-photos.leclercdrive.fr/image.ashx?id=2646967&use=l&cat=p&typeid=i","cat":284462},{"id":113558,"n":"Compotes Pom'Potes Gourdes  5 Fruits Exotiques - 4x90g","p":2.21,"u":"6,14 €/KG","img":"https://fd5-photos.leclercdrive.fr/image.ashx?id=2990424&use=l&cat=p&typeid=i","cat":284508},{"id":113628,"n":"Cabillaud à l'oseille Marie 400g","p":5.59,"u":"13,98 €/KG","img":"https://fd5-photos.leclercdrive.fr/image.ashx?id=2996743&use=l&cat=p&typeid=i","cat":319786},{"id":113654,"n":"Xtrem Box Sodebo Radiatori Bœuf Poivre - 400g","p":3.28,"u":"8,20 €/KG","img":"https://fd5-photos.leclercdrive.fr/image.ashx?id=2643998&use=l&cat=p&typeid=i","cat":334983},{"id":113676,"n":"Dessert P'tit Brassé Nestlé bio Nature - dès 6 mois - 4x90g","p":2.06,"u":"5,72 €/KG","img":"https://fd5-photos.leclercdrive.fr/image.ashx?id=2674225&use=l&cat=p&typeid=i","cat":312392},{"id":113680,"n":"Brioche tressée Nature Harrys Sucre perlé sans additif - 500g","p":2.52,"u":"5,04 €/KG","img":"https://fd5-photos.leclercdrive.fr/image.ashx?id=2503013&use=l&cat=p&typeid=i","cat":284478},{"id":113686,"n":"Tablette de chocolat noir Lindt Citron Gingembre - 100g","p":2.37,"u":"23,70 €/KG","img":"https://fd5-photos.leclercdrive.fr/image.ashx?id=2956996&use=l&cat=p&typeid=i","cat":284956},{"id":113709,"n":"Crème dessert La Laitière Pot de crème caramel - 4x100g","p":2.1,"u":"5,25 €/KG","img":"https://fd5-photos.leclercdrive.fr/image.ashx?id=2849683&use=l&cat=p&typeid=i","cat":285041},{"id":113711,"n":"Filets de cabillaud Findus MSC - 600g","p":15.31,"u":"25,52 €/KG","img":"https://fd5-photos.leclercdrive.fr/image.ashx?id=2735350&use=l&cat=p&typeid=i","cat":319786},{"id":113731,"n":"Rasoir homme Bulldog Bambou - 1 pièce","p":10.06,"img":"https://fd5-photos.leclercdrive.fr/image.ashx?id=1733155&use=l&cat=p&typeid=i","cat":284616},{"id":113732,"n":"Lames de rasoir Bulldog 4 recharges - 5 lames","p":11.46,"img":"https://fd5-photos.leclercdrive.fr/image.ashx?id=1733158&use=l&cat=p&typeid=i","cat":284616},{"id":113743,"n":"Tenders Maître Coq Filet de poulet crusty - 380g","p":5.6,"u":"14,74 €/KG","img":"https://fd5-photos.leclercdrive.fr/image.ashx?id=2773412&use=l&cat=p&typeid=i","cat":333684},{"id":113754,"n":"Crème fraîche Yoplait Légère -12% matière grasse 450g","p":1.27,"u":"2,82 €/KG","img":"https://fd5-photos.leclercdrive.fr/image.ashx?id=2811032&use=l&cat=p&typeid=i","cat":284381},{"id":113756,"n":"Fromage blanc Calin Nature - 3,2%MG - 1kg","p":2.46,"u":"2,46 €/KG","img":"https://fd5-photos.leclercdrive.fr/image.ashx?id=2973727&use=l&cat=p&typeid=i","cat":284409},{"id":113771,"n":"Shirataki Gayelord Hauser Konjac avoine - 150g","p":2.08,"u":"13,87 €/KG","img":"https://fd5-photos.leclercdrive.fr/image.ashx?id=2156809&use=l&cat=p&typeid=i","cat":318652},{"id":113773,"n":"Tagliatelle Gayelord Hauser Sans rinçage, Konjac - 160g","p":1.87,"u":"11,69 €/KG","img":"https://fd5-photos.leclercdrive.fr/image.ashx?id=2827086&use=l&cat=p&typeid=i","cat":318652},{"id":113774,"n":"Assiette riz Bio Village Bio Légumes vert  12 mois 230g","p":1.45,"u":"6,30 €/KG","img":"https://fd5-photos.leclercdrive.fr/image.ashx?id=2900205&use=l&cat=p&typeid=i","cat":312237},{"id":113775,"n":"Assiette bio Bio Village Panais carotte riz 12 mois 230g","p":1.45,"u":"6,30 €/KG","img":"https://fd5-photos.leclercdrive.fr/image.ashx?id=2900208&use=l&cat=p&typeid=i","cat":312237},{"id":113776,"n":"Assiette pâtes bio Bio Village Epinard carotte 15 mois - 250g","p":1.75,"u":"7,00 €/KG","img":"https://fd5-photos.leclercdrive.fr/image.ashx?id=2900211&use=l&cat=p&typeid=i","cat":312238},{"id":113779,"n":"Assiette bio Bio Village Haricot vert dinde 12 mois 230g","p":1.45,"u":"6,30 €/KG","img":"https://fd5-photos.leclercdrive.fr/image.ashx?id=2900217&use=l&cat=p&typeid=i","cat":312237},{"id":113783,"n":"Assiette bio Bio Village Hachis parmentier 12 mois 230g","p":1.45,"u":"6,30 €/KG","img":"https://fd5-photos.leclercdrive.fr/image.ashx?id=2900220&use=l&cat=p&typeid=i","cat":312237},{"id":113786,"n":"Assiette Tajine Bio Village Bio  15 mois 250g","p":1.85,"u":"7,40 €/KG","img":"https://fd5-photos.leclercdrive.fr/image.ashx?id=2878756&use=l&cat=p&typeid=i","cat":312238},{"id":113787,"n":"Assiette pâtes bio Bio Village Légumes saumon 18 mois 260g","p":1.95,"u":"7,50 €/KG","img":"https://fd5-photos.leclercdrive.fr/image.ashx?id=2900232&use=l&cat=p&typeid=i","cat":312238},{"id":113789,"n":"Assiette bio Bio Village Pot au feu - 18 mois - 260g","p":1.89,"u":"7,27 €/KG","img":"https://fd5-photos.leclercdrive.fr/image.ashx?id=2900235&use=l&cat=p&typeid=i","cat":312238},{"id":113790,"n":"Assiette 12 mois Bio Village Spaghetti bolognaise bio - 230g","p":1.59,"u":"6,91 €/KG","img":"https://fd5-photos.leclercdrive.fr/image.ashx?id=2900238&use=l&cat=p&typeid=i","cat":312237},{"id":113792,"n":"Assiette bio 15mois Bio Village Legumes volaille basquaise 250g","p":1.79,"u":"7,16 €/KG","img":"https://fd5-photos.leclercdrive.fr/image.ashx?id=2900244&use=l&cat=p&typeid=i","cat":312238},{"id":113793,"n":"Assiette bio Bio Village Carotte boeuf pdt 15mois 250g","p":1.85,"u":"7,40 €/KG","img":"https://fd5-photos.leclercdrive.fr/image.ashx?id=2900241&use=l&cat=p&typeid=i","cat":312238},{"id":113794,"n":"Assiette bio Bio Village Tomate aubergine 18 mois 260g","p":1.85,"u":"7,12 €/KG","img":"https://fd5-photos.leclercdrive.fr/image.ashx?id=2900247&use=l&cat=p&typeid=i","cat":312238},{"id":113803,"n":"IGP Terres du midi vin rosé  Prieur Barsanne 12% vol - 75cl","p":2.99,"u":"3,99 €/L","img":"https://fd5-photos.leclercdrive.fr/image.ashx?id=2905925&use=l&cat=p&typeid=i","cat":289558},{"id":113805,"n":"IGP Terres du midi vin rosé  Prieur Barsanne 12% vol BIB 3L","p":7.99,"u":"2,66 €/L","img":"https://fd5-photos.leclercdrive.fr/image.ashx?id=2884264&use=l&cat=p&typeid=i","cat":289560},{"id":113806,"n":"Omelette norvégienne L'Angelys Vanille - 360g","p":10.31,"u":"28,64 €/KG","img":"https://fd5-photos.leclercdrive.fr/image.ashx?id=2921987&use=l&cat=p&typeid=i","cat":284266},{"id":113808,"n":"Crème dessert La Laitière Pot de crème vanille - 4x100g","p":2.12,"u":"5,30 €/KG","img":"https://fd5-photos.leclercdrive.fr/image.ashx?id=2875969&use=l&cat=p&typeid=i","cat":285041},{"id":113811,"n":"Crème dessert La Laitière Pot de crème chocolat - 4x100g","p":2.1,"u":"5,25 €/KG","img":"https://fd5-photos.leclercdrive.fr/image.ashx?id=2875966&use=l&cat=p&typeid=i","cat":285041},{"id":113838,"n":"AOC vin blanc Gewurztraminer Alsace Bio Rebmann - 75cl","p":7.75,"u":"10,33 €/L","img":"https://fd5-photos.leclercdrive.fr/image.ashx?id=2771142&use=l&cat=p&typeid=i","cat":289557},{"id":113839,"n":"AOC Coteaux Varois en Provence Rosé Bio Terres Ocrées - 75cl","p":4.99,"u":"6,65 €/L","img":"https://fd5-photos.leclercdrive.fr/image.ashx?id=2877490&use=l&cat=p&typeid=i","cat":289558},{"id":113851,"n":"100% pur Jus bio Bio Village Petit-déjeuner  - 1L","p":2.87,"u":"2,87 €/L","img":"https://fd5-photos.leclercdrive.fr/image.ashx?id=2901566&use=l&cat=p&typeid=i","cat":284521},{"id":113853,"n":"Vin d'Espagne blanc Sauvignon Bio Adrien Champaud - BIB 3L","p":8.99,"u":"3,00 €/L","img":"https://fd5-photos.leclercdrive.fr/image.ashx?id=2960568&use=l&cat=p&typeid=i","cat":289560},{"id":113854,"n":"Panaché Millbrau <0.5%vol - 10x25cl","p":2.45,"u":"0,98 €/L","img":"https://fd5-photos.leclercdrive.fr/image.ashx?id=2059071&use=l&cat=p&typeid=i","cat":334877},{"id":113855,"n":"Boisson thé Fresh Tea Pêche abricot - 1.5L","p":1.82,"u":"1,21 €/L","img":"https://fd5-photos.leclercdrive.fr/image.ashx?id=2622281&use=l&cat=p&typeid=i","cat":295019},{"id":113857,"n":"Crème Caramel La Laitière 8x100g","p":3.77,"u":"4,71 €/KG","img":"https://fd5-photos.leclercdrive.fr/image.ashx?id=2763094&use=l&cat=p&typeid=i","cat":285041},{"id":113858,"n":"Yaourt à la grecque YAOS Nature - 8x125g","p":3.14,"u":"3,14 €/KG","img":"https://fd5-photos.leclercdrive.fr/image.ashx?id=2418462&use=l&cat=p&typeid=i","cat":314999},{"id":113913,"n":"Eau micellaire douceur Jonzac Nettoyante bébé bio - 500ml","p":7.9,"u":"15,80 €/L","img":"https://fd5-photos.leclercdrive.fr/image.ashx?id=2461033&use=l&cat=p&typeid=i","cat":290425},{"id":113929,"n":"Soin anti-âge Normaderm Vichy 50ml","p":16.0,"u":"320,00 €/L","img":"https://fd5-photos.leclercdrive.fr/image.ashx?id=1950329&use=l&cat=p&typeid=i","cat":291168},{"id":113930,"n":"Déodorant bille 48h Vichy Anti-transpirant - 2x50ml","p":12.53,"u":"125,30 €/L","img":"https://fd5-photos.leclercdrive.fr/image.ashx?id=1971470&use=l&cat=p&typeid=i","cat":301593},{"id":113945,"n":"Déodorant Vichy Homme Vaporisateur Fraîcheur -2x100ml","p":12.53,"u":"62,65 €/L","img":"https://fd5-photos.leclercdrive.fr/image.ashx?id=2277557&use=l&cat=p&typeid=i","cat":301593},{"id":113947,"n":"Déodorant anti-traces Vichy Anti-transpirant bille - 2x50ml","p":14.78,"u":"147,80 €/L","img":"https://fd5-photos.leclercdrive.fr/image.ashx?id=1886058&use=l&cat=p&typeid=i","cat":301593},{"id":113969,"n":"Thon Albacore Le Savoureux Entier à l'Huile d'Olive - 80g","p":1.69,"u":"21,13 €/KG","img":"https://fd5-photos.leclercdrive.fr/image.ashx?id=2167919&use=l&cat=p&typeid=i","cat":303867},{"id":113971,"n":"Huile d'Olive Puget 25cl","p":3.64,"u":"14,56 €/L","img":"https://fd5-photos.leclercdrive.fr/image.ashx?id=2343297&use=l&cat=p&typeid=i","cat":284453},{"id":113973,"n":"Biscuits Baiocchi Mulino Bianco Chocolat noisette - 260g","p":2.34,"u":"9,00 €/KG","img":"https://fd5-photos.leclercdrive.fr/image.ashx?id=2787968&use=l&cat=p&typeid=i","cat":284488},{"id":113978,"n":"Dosettes Carte Noire Corsé n°7 - x48 - 336g","p":7.44,"u":"22,14 €/KG","img":"https://fd5-photos.leclercdrive.fr/image.ashx?id=2908792&use=l&cat=p&typeid=i","cat":293238},{"id":113980,"n":"Café dosettes Tassimo Grand-mère - Expresso x16","p":4.13,"u":"39,71 €/KG","img":"https://fd5-photos.leclercdrive.fr/image.ashx?id=1749617&use=l&cat=p&typeid=i","cat":293240},{"id":113990,"n":"Shampooing quotidien Pouxdoux Bio Puressentiel - 200ml","p":6.89,"u":"34,45 €/L","img":"https://fd5-photos.leclercdrive.fr/image.ashx?id=2988514&use=l&cat=p&typeid=i","cat":301248},{"id":113994,"n":"Lotion Anti-Poux&Lentes Pouxit XF - 200ml","p":18.95,"u":"94,75 €/L","img":"https://fd5-photos.leclercdrive.fr/image.ashx?id=2022027&use=l&cat=p&typeid=i","cat":301248},{"id":113998,"n":"Girasoli Lustucru Selection  Ricotta Epinard - 250g","p":2.38,"u":"9,52 €/KG","img":"https://fd5-photos.leclercdrive.fr/image.ashx?id=2974351&use=l&cat=p&typeid=i","cat":333682},{"id":114017,"n":"Bière blonde Heineken 5%vol - 12x33cl","p":8.73,"u":"2,20 €/L","img":"https://fd5-photos.leclercdrive.fr/image.ashx?id=3008125&use=l&cat=p&typeid=i","cat":334853},{"id":114018,"n":"Bière blonde Heineken 5%vol - Boite 4x50cl","p":4.64,"u":"2,32 €/L","img":"https://fd5-photos.leclercdrive.fr/image.ashx?id=3008122&use=l&cat=p&typeid=i","cat":334853},{"id":114020,"n":"Bière aromatisée  Desperados 5.9%vol - Boite 50cl","p":1.79,"u":"3,58 €/L","img":"https://fd5-photos.leclercdrive.fr/image.ashx?id=2977303&use=l&cat=p&typeid=i","cat":334853},{"id":114022,"n":"Bière blonde 1664 6x33cl","p":5.27,"u":"2,66 €/L","img":"https://fd5-photos.leclercdrive.fr/image.ashx?id=2246614&use=l&cat=p&typeid=i","cat":334873},{"id":114023,"n":"Thon au naturel Petit Navire Démarche Responsable - 280g","p":4.16,"u":"14,86 €/KG","img":"https://fd5-photos.leclercdrive.fr/image.ashx?id=2909974&use=l&cat=p&typeid=i","cat":303867},{"id":114047,"n":"Plat bébé soir Blédichef 12mois Macaroni courgette - 2x230g","p":3.43,"u":"7,46 €/KG","img":"https://fd5-photos.leclercdrive.fr/image.ashx?id=2560690&use=l&cat=p&typeid=i","cat":312239},{"id":114080,"n":"Duo de Poivrons Olabe Jaune et Rouge - 190g","p":2.44,"u":"12,84 €/KG","img":"https://fd5-photos.leclercdrive.fr/image.ashx?id=2740079&use=l&cat=p&typeid=i","cat":312608},{"id":114091,"n":"Lait corps satinant Inell 250ml","p":2.5,"u":"10,00 €/L","img":"https://fd5-photos.leclercdrive.fr/image.ashx?id=2691697&use=l&cat=p&typeid=i","cat":325349},{"id":114092,"n":"Brosse à dents bambou Dentamyl Médium - 1 pièce","p":1.95,"img":"https://fd5-photos.leclercdrive.fr/image.ashx?id=2783495&use=l&cat=p&typeid=i","cat":284614},{"id":114093,"n":"Brosse à dents bambou Dentamyl Souple - 1 pièce","p":1.95,"img":"https://fd5-photos.leclercdrive.fr/image.ashx?id=2790997&use=l&cat=p&typeid=i","cat":284614},{"id":114094,"n":"Shampooing douche Petit Manava Pêche abricot - 500ml","p":2.19,"u":"4,38 €/L","img":"https://fd5-photos.leclercdrive.fr/image.ashx?id=2410636&use=l&cat=p&typeid=i","cat":284606},{"id":114095,"n":"Mouchoirs blancs 3 plis Caresse Boîte - x150","p":1.65,"u":"0,01 €/P","img":"https://fd5-photos.leclercdrive.fr/image.ashx?id=2779298&use=l&cat=p&typeid=i","cat":284638},{"id":114096,"n":"Culotte Chorys Taille XL - x10","p":10.31,"u":"1,03 €/P","img":"https://fd5-photos.leclercdrive.fr/image.ashx?id=2623016&use=l&cat=p&typeid=i","cat":284628},{"id":114098,"n":"Lingettes Pampers Freshclean - 3x52","p":5.42,"u":"0,03 €/P","img":"https://fd5-photos.leclercdrive.fr/image.ashx?id=2964066&use=l&cat=p&typeid=i","cat":284738},{"id":114101,"n":"Culottes Mots d'enfants T4 : 8/15kg - x42","p":9.75,"u":"0,23 €/P","img":"https://fd5-photos.leclercdrive.fr/image.ashx?id=2907234&use=l&cat=p&typeid=i","cat":290633},{"id":114102,"n":"Change culottes Mots d'enfants T5 : 12/18kg - x40","p":9.75,"u":"0,24 €/P","img":"https://fd5-photos.leclercdrive.fr/image.ashx?id=2907237&use=l&cat=p&typeid=i","cat":290633},{"id":114103,"n":"Change culottes Mots d'enfants T6 : +16kg - x36","p":9.75,"u":"0,27 €/P","img":"https://fd5-photos.leclercdrive.fr/image.ashx?id=2907240&use=l&cat=p&typeid=i","cat":290633},{"id":114152,"n":"Pâtes bio Jardin Bio Bon tuyaux semi-complets - 500g","p":1.93,"u":"3,86 €/KG","img":"https://fd5-photos.leclercdrive.fr/image.ashx?id=2963190&use=l&cat=p&typeid=i","cat":284427},{"id":114156,"n":"Huile vierge coco Jardin Bio  Bio - 460g","p":6.79,"u":"14,76 €/KG","img":"https://fd5-photos.leclercdrive.fr/image.ashx?id=2790036&use=l&cat=p&typeid=i","cat":284453},{"id":114187,"n":"Barres amandes Toblerone 360g","p":7.1,"u":"19,72 €/KG","img":"https://fd5-photos.leclercdrive.fr/image.ashx?id=2912650&use=l&cat=p&typeid=i","cat":327595},{"id":114190,"n":"Chocolat Mon Chéri cerise Etui Noël - 262g","p":9.02,"u":"34,43 €/KG","img":"https://fd5-photos.leclercdrive.fr/image.ashx?id=2940501&use=l&cat=p&typeid=i","cat":327601},{"id":114238,"n":"Yaourt gourde Délisse Vanille/framboise - 6x90g","p":2.97,"u":"33,00 €/KG","img":"https://fd5-photos.leclercdrive.fr/image.ashx?id=2705089&use=l&cat=p&typeid=i","cat":284415},{"id":114239,"n":"Chiffonnade de Jambon Cru Presto - 80g","p":4.93,"u":"61,63 €/KG","img":"https://fd5-photos.leclercdrive.fr/image.ashx?id=2918919&use=l&cat=p&typeid=i","cat":316007},{"id":114242,"n":"Taboulé Oriental Pierre Martinet - 510g","p":2.38,"u":"4,67 €/KG","img":"https://fd5-photos.leclercdrive.fr/image.ashx?id=2684491&use=l&cat=p&typeid=i","cat":333657},{"id":114337,"n":"AOP Muscadet Sèvres et Maine Domaine Salmon - 75cl","p":7.2,"u":"9,60 €/L","img":"https://fd5-photos.leclercdrive.fr/image.ashx?id=2689010&use=l&cat=p&typeid=i","cat":289557},{"id":114378,"n":"Sorbet fruits Citron coulis Limoncello Salge - 750ml","p":6.23,"u":"8,31 €/KG","img":"https://fd5-photos.leclercdrive.fr/image.ashx?id=1989420&use=l&cat=p&typeid=i","cat":284263},{"id":114381,"n":"Gâteau glacé Salge Meringue Nuts - 600g","p":17.08,"pp":11.27,"u":"18,78 €/KG","img":"https://fd5-photos.leclercdrive.fr/image.ashx?id=2060745&use=l&cat=p&typeid=i","cat":284266},{"id":114400,"n":"Thon entier MSC Pêche Océan A l'huile - 104g","p":1.73,"u":"16,63 €/KG","img":"https://fd5-photos.leclercdrive.fr/image.ashx?id=2942208&use=l&cat=p&typeid=i","cat":303867},{"id":114406,"n":"Taboulé Pierre Martinet Oriental à l'huile d'olive 310g","p":1.33,"u":"4,29 €/KG","img":"https://fd5-photos.leclercdrive.fr/image.ashx?id=2432241&use=l&cat=p&typeid=i","cat":333657},{"id":114411,"n":"Dès de cheddar  Les Croisés 150g","p":2.19,"u":"14,60 €/KG","img":"https://fd5-photos.leclercdrive.fr/image.ashx?id=2965822&use=l&cat=p&typeid=i","cat":314027},{"id":114486,"n":"Boisson énergisante Crazy Tiger 1.5L","p":2.69,"u":"1,79 €/L","img":"https://fd5-photos.leclercdrive.fr/image.ashx?id=2735968&use=l&cat=p&typeid=i","cat":284533},{"id":114522,"n":"Bière blonde Leffe Triple 8,5% - 12x25cl","p":11.13,"u":"3,71 €/L","img":"https://fd5-photos.leclercdrive.fr/image.ashx?id=2548294&use=l&cat=p&typeid=i","cat":334852},{"id":114652,"n":"Mouchoirs blanc 2 plis Caresse Boîte mouchoirs papier - x180","p":1.69,"u":"0,01 €/P","img":"https://fd5-photos.leclercdrive.fr/image.ashx?id=2752640&use=l&cat=p&typeid=i","cat":284638},{"id":114701,"n":"Choco-Mix Seeberger 150g","p":4.54,"u":"30,27 €/KG","img":"https://fd5-photos.leclercdrive.fr/image.ashx?id=1868002&use=l&cat=p&typeid=i","cat":284357},{"id":114784,"n":"Comté fromage bloc Les Croisés 350g","p":4.75,"u":"13,57 €/KG","img":"https://fd5-photos.leclercdrive.fr/image.ashx?id=1749677&use=l&cat=p&typeid=i","cat":314034},{"id":114805,"n":"Coeur Coulant Bonne Maman Chocolat - 2x80g","p":3.15,"u":"19,69 €/KG","img":"https://fd5-photos.leclercdrive.fr/image.ashx?id=2912326&use=l&cat=p&typeid=i","cat":284419},{"id":114807,"n":"Dessert Fruitier Andros Poire Williams morceaux 4x100g","p":2.57,"u":"6,43 €/KG","img":"https://fd5-photos.leclercdrive.fr/image.ashx?id=2908198&use=l&cat=p&typeid=i","cat":284416},{"id":114810,"n":"Parmigiano Reg AOP Casa Azzurra Râpé -  200g","p":4.42,"u":"22,10 €/KG","img":"https://fd5-photos.leclercdrive.fr/image.ashx?id=2261957&use=l&cat=p&typeid=i","cat":314035},{"id":114890,"n":"Fromage Comté NRT AOP 15 mois 200g","p":4.44,"u":"22,20 €/KG","img":"https://fd5-photos.leclercdrive.fr/image.ashx?id=2272030&use=l&cat=p&typeid=i","cat":314034},{"id":114956,"n":"Skyr Myrtille Délisse 450g","p":2.78,"u":"6,18 €/KG","img":"https://fd5-photos.leclercdrive.fr/image.ashx?id=2992552&use=l&cat=p&typeid=i","cat":315000},{"id":114970,"n":"Beurrier tendre Président Doux - 82% MG - 125g","p":1.87,"u":"14,96 €/KG","img":"https://fd5-photos.leclercdrive.fr/image.ashx?id=2917435&use=l&cat=p&typeid=i","cat":284379},{"id":115011,"n":"Lingettes bébé Mots d'enfants à l'eau - x60","p":1.66,"u":"0,03 €/P","img":"https://fd5-photos.leclercdrive.fr/image.ashx?id=3014293&use=l&cat=p&typeid=i","cat":284738},{"id":115013,"n":"Liquide vaisselle Uni Vert Ecologique citron - 750ml","p":1.59,"u":"2,12 €/L","img":"https://fd5-photos.leclercdrive.fr/image.ashx?id=2999517&use=l&cat=p&typeid=i","cat":284655},{"id":115014,"n":"Lingette micro fibres Mamison Ecran - 1 pièce","p":1.96,"img":"https://fd5-photos.leclercdrive.fr/image.ashx?id=2595113&use=l&cat=p&typeid=i","cat":325358},{"id":115016,"n":"Protège slip Chorys Ultra mini discret - x28","p":1.57,"u":"0,06 €/P","img":"https://fd5-photos.leclercdrive.fr/image.ashx?id=2003029&use=l&cat=p&typeid=i","cat":284625},{"id":115017,"n":"Protège slip Chorys Ultra mini long - x24","p":1.7,"u":"0,07 €/P","img":"https://fd5-photos.leclercdrive.fr/image.ashx?id=1962795&use=l&cat=p&typeid=i","cat":284628},{"id":115026,"n":"Jeu vidéo : Pokémon épée Console : Switch","p":49.9,"u":"Dont 0,02 € d'éco-part.","img":"https://fd5-photos.leclercdrive.fr/image.ashx?id=1756819&use=l&cat=p&typeid=i","cat":300553},{"id":115027,"n":"Jeu vidéo : Pokémon bouclier Console : Switch","p":49.9,"img":"https://fd5-photos.leclercdrive.fr/image.ashx?id=1756822&use=l&cat=p&typeid=i","cat":300553},{"id":115070,"n":"Tarte tatin pommes Bonne Maman 2x120g","p":2.56,"u":"10,67 €/KG","img":"https://fd5-photos.leclercdrive.fr/image.ashx?id=2879092&use=l&cat=p&typeid=i","cat":284419},{"id":115072,"n":"Girasoli Lustucru Selection  Cèpes Ricotta - 250g","p":2.95,"u":"11,80 €/KG","img":"https://fd5-photos.leclercdrive.fr/image.ashx?id=2974599&use=l&cat=p&typeid=i","cat":333682},{"id":115078,"n":"Penne poulet pesto Marie 280g","p":3.31,"u":"11,82 €/KG","img":"https://fd5-photos.leclercdrive.fr/image.ashx?id=2796752&use=l&cat=p&typeid=i","cat":333665},{"id":115080,"n":"Nuggets de Poulet Père Dodu  Sans antibio x10 - 200g","p":3.91,"u":"19,55 €/KG","img":"https://fd5-photos.leclercdrive.fr/image.ashx?id=2957212&use=l&cat=p&typeid=i","cat":333684},{"id":115093,"n":"Mozzarella vache Casa Azzurra Râpée - 150g","p":2.25,"u":"15,00 €/KG","img":"https://fd5-photos.leclercdrive.fr/image.ashx?id=1757239&use=l&cat=p&typeid=i","cat":314035},{"id":115094,"n":"Emmental Rapé Français Entremont - 500g","p":5.1,"u":"10,20 €/KG","img":"https://fd5-photos.leclercdrive.fr/image.ashx?id=2983159&use=l&cat=p&typeid=i","cat":314035},{"id":115113,"n":"Tirlibibi Haribo Boîte bonbons - 750g","p":4.12,"u":"5,49 €/KG","img":"https://fd5-photos.leclercdrive.fr/image.ashx?id=2806922&use=l&cat=p&typeid=i","cat":304250},{"id":115114,"n":"Polka Haribo Sachet bonbons - 300g","p":1.33,"u":"4,43 €/KG","img":"https://fd5-photos.leclercdrive.fr/image.ashx?id=2982414&use=l&cat=p&typeid=i","cat":304250},{"id":115115,"n":"Les Schtroumpfs Haribo Sachet bonbons - 300g","p":1.41,"u":"4,70 €/KG","img":"https://fd5-photos.leclercdrive.fr/image.ashx?id=2788475&use=l&cat=p&typeid=i","cat":304250},{"id":115116,"n":"Chamallows Haribo Guimauves   - 300g","p":1.51,"u":"5,03 €/KG","img":"https://fd5-photos.leclercdrive.fr/image.ashx?id=2984937&use=l&cat=p&typeid=i","cat":304250},{"id":115122,"n":"Spaghetti Lustucru 3mn - 500g","p":1.45,"u":"2,90 €/KG","img":"https://fd5-photos.leclercdrive.fr/image.ashx?id=2103832&use=l&cat=p&typeid=i","cat":284427},{"id":115123,"n":"Terrine chien Bio Boeuf - 300g","p":1.69,"u":"5,63 €/KG","img":"https://fd5-photos.leclercdrive.fr/image.ashx?id=2333805&use=l&cat=p&typeid=i","cat":284673},{"id":115124,"n":"Terrine chien Bio Poulet légume - 300g","p":1.62,"u":"5,40 €/KG","img":"https://fd5-photos.leclercdrive.fr/image.ashx?id=2333808&use=l&cat=p&typeid=i","cat":284673},{"id":115125,"n":"Terrines pour chat Plénima Au saumon bio - 100g","p":0.62,"u":"6,20 €/KG","img":"https://fd5-photos.leclercdrive.fr/image.ashx?id=2333811&use=l&cat=p&typeid=i","cat":285601},{"id":115126,"n":"Terrines pour chats Plénima Boeuf bio  - 100g","p":0.65,"u":"6,50 €/KG","img":"https://fd5-photos.leclercdrive.fr/image.ashx?id=2619752&use=l&cat=p&typeid=i","cat":285601},{"id":115127,"n":"Pain burger Epi d'Or Brioché x4 - 300g","p":1.38,"u":"4,60 €/KG","img":"https://fd5-photos.leclercdrive.fr/image.ashx?id=1958880&use=l&cat=p&typeid=i","cat":325067},{"id":115128,"n":"Pain de mie Epi d'Or Grandes tranches nature - 550g","p":1.31,"u":"2,38 €/KG","img":"https://fd5-photos.leclercdrive.fr/image.ashx?id=2860775&use=l&cat=p&typeid=i","cat":284477},{"id":115152,"n":"Eau florale Bio Naïa Rose bio - 200ml","p":3.95,"u":"19,75 €/L","img":"https://fd5-photos.leclercdrive.fr/image.ashx?id=2610253&use=l&cat=p&typeid=i","cat":325345},{"id":115153,"n":"Cernaux de noix 275g Daco Bello","p":4.88,"u":"17,75 €/KG","img":"https://fd5-photos.leclercdrive.fr/image.ashx?id=2518139&use=l&cat=p&typeid=i","cat":284357},{"id":115154,"n":"Noisette décortiquée 275g Daco Bello - 275g","p":5.69,"u":"20,69 €/KG","img":"https://fd5-photos.leclercdrive.fr/image.ashx?id=2518142&use=l&cat=p&typeid=i","cat":284357},{"id":115155,"n":"Gommage visage Bio Naïa Bio - 75ml","p":2.49,"u":"33,20 €/L","img":"https://fd5-photos.leclercdrive.fr/image.ashx?id=2436690&use=l&cat=p&typeid=i","cat":325346},{"id":115156,"n":"Stick lèvres Bio Naïa Bio - 1 pièce","p":1.85,"img":"https://fd5-photos.leclercdrive.fr/image.ashx?id=2518837&use=l&cat=p&typeid=i","cat":285485},{"id":115158,"n":"Gelée bio Bio Naïa A l'aloe vera bio - 200ml","p":3.99,"u":"19,95 €/L","img":"https://fd5-photos.leclercdrive.fr/image.ashx?id=2436699&use=l&cat=p&typeid=i","cat":325350},{"id":115163,"n":"Infusion Twinings Ayurveda gingembre miel et citron x20","p":2.94,"u":"91,88 €/KG","img":"https://fd5-photos.leclercdrive.fr/image.ashx?id=2893036&use=l&cat=p&typeid=i","cat":293234},{"id":115248,"n":"Argile modelante Men Expert Look décoiffé - 75ml","p":5.99,"u":"79,87 €/L","img":"https://fd5-photos.leclercdrive.fr/image.ashx?id=2347624&use=l&cat=p&typeid=i","cat":284609},{"id":115251,"n":"Déodorant compressé Ushuaïa Vanille - 100ml","p":3.54,"u":"35,40 €/L","img":"https://fd5-photos.leclercdrive.fr/image.ashx?id=2555715&use=l&cat=p&typeid=i","cat":284595},{"id":115252,"n":"Soin yeux La Provençale Bio  Anti-Âge Hydratant - 15ml","p":12.6,"u":"840,00 €/L","img":"https://fd5-photos.leclercdrive.fr/image.ashx?id=3014560&use=l&cat=p&typeid=i","cat":325345},{"id":115274,"n":"Masque tissu Inell Coup d'éclat - 1 pièce","p":1.82,"img":"https://fd5-photos.leclercdrive.fr/image.ashx?id=2691691&use=l&cat=p&typeid=i","cat":325346},{"id":115276,"n":"Crèmes main Inell Anti-taches - 75ml","p":2.99,"u":"39,87 €/L","img":"https://fd5-photos.leclercdrive.fr/image.ashx?id=2498949&use=l&cat=p&typeid=i","cat":325354},{"id":115278,"n":"Gressins traditionnels Artesani 300g","p":2.0,"u":"6,67 €/KG","img":"https://fd5-photos.leclercdrive.fr/image.ashx?id=2475852&use=l&cat=p&typeid=i","cat":289010},{"id":115280,"n":"Gressins Florelli Au Sésame Artesani - 300g","p":2.2,"u":"7,33 €/KG","img":"https://fd5-photos.leclercdrive.fr/image.ashx?id=2475858&use=l&cat=p&typeid=i","cat":289010},{"id":115320,"n":"Capsules café Plantation Equilibré n°6 - x10 - 52g","p":2.19,"u":"42,12 €/KG","img":"https://fd5-photos.leclercdrive.fr/image.ashx?id=2891785&use=l&cat=p&typeid=i","cat":284749},{"id":115321,"n":"Capsules café Plantation Intense n°10 - x10 - 52g","p":2.19,"u":"42,12 €/KG","img":"https://fd5-photos.leclercdrive.fr/image.ashx?id=2908855&use=l&cat=p&typeid=i","cat":284749},{"id":115323,"n":"Capsules café Plantation Subtil n°5 - x10 - 52g","p":2.25,"u":"43,27 €/KG","img":"https://fd5-photos.leclercdrive.fr/image.ashx?id=2943106&use=l&cat=p&typeid=i","cat":284749},{"id":115324,"n":"Capsules café Plantation Décaféiné n°5 -  x10 - 52g","p":2.39,"u":"45,96 €/KG","img":"https://fd5-photos.leclercdrive.fr/image.ashx?id=2918472&use=l&cat=p&typeid=i","cat":284749},{"id":115325,"n":"Merlu Blanc panés Findus MSC - x10 - 510g","p":5.51,"u":"551,00 €/L","img":"https://fd5-photos.leclercdrive.fr/image.ashx?id=2865857&use=l&cat=p&typeid=i","cat":319788},{"id":115326,"n":"Capsules café Plantation Lungo Délicat n°4 - x10 - 52g","p":2.35,"u":"45,19 €/KG","img":"https://fd5-photos.leclercdrive.fr/image.ashx?id=2943109&use=l&cat=p&typeid=i","cat":284749},{"id":115327,"n":"Café Soluble NESCAFÉ Spécial Filtre Décaféiné, 100g","p":5.84,"u":"58,40 €/KG","img":"https://fd5-photos.leclercdrive.fr/image.ashx?id=2864068&use=l&cat=p&typeid=i","cat":284843},{"id":115328,"n":"Capsules café Plantation  Ristretto n°12 - x10 - 52g","p":2.24,"u":"43,08 €/KG","img":"https://fd5-photos.leclercdrive.fr/image.ashx?id=2418116&use=l&cat=p&typeid=i","cat":284749},{"id":115332,"n":"Capsules café Plantation Brésil n°7 - x10 - 52g","p":2.39,"u":"45,96 €/KG","img":"https://fd5-photos.leclercdrive.fr/image.ashx?id=2929879&use=l&cat=p&typeid=i","cat":284749},{"id":115345,"n":"Capsules café Plantation Café vanille n°6 - x10 - 52g","p":2.39,"u":"45,96 €/KG","img":"https://fd5-photos.leclercdrive.fr/image.ashx?id=2918475&use=l&cat=p&typeid=i","cat":284749},{"id":115348,"n":"Capsules café Plantation Noisette n°7 - x10 - 52g","p":2.39,"u":"45,96 €/KG","img":"https://fd5-photos.leclercdrive.fr/image.ashx?id=2908858&use=l&cat=p&typeid=i","cat":284749},{"id":115349,"n":"Capsules café Plantation Intense n°10 - x30 - 156g","p":5.19,"u":"33,27 €/KG","img":"https://fd5-photos.leclercdrive.fr/image.ashx?id=2865095&use=l&cat=p&typeid=i","cat":284749},{"id":115350,"n":"Capsules café Plantation Equilibré N°6 - x30 - 156g","p":5.19,"u":"33,27 €/KG","img":"https://fd5-photos.leclercdrive.fr/image.ashx?id=2852249&use=l&cat=p&typeid=i","cat":284749},{"id":115351,"n":"Capsules café Plantation Espresso Forte n°8 - x10 - 52g","p":2.35,"u":"45,19 €/KG","img":"https://fd5-photos.leclercdrive.fr/image.ashx?id=2918478&use=l&cat=p&typeid=i","cat":284749},{"id":115354,"n":"Morilles Borde bocal 150g","p":14.99,"pp":9.89,"u":"65,93 €/KG","img":"https://fd5-photos.leclercdrive.fr/image.ashx?id=2731093&use=l&cat=p&typeid=i","cat":312610},{"id":115355,"n":"Girolles Borde 175g","p":5.25,"u":"30,00 €/KG","img":"https://fd5-photos.leclercdrive.fr/image.ashx?id=2312804&use=l&cat=p&typeid=i","cat":312610},{"id":115357,"n":"Tablette De Chocolat A Patisser Pralinoise Praline - 180g","p":2.77,"u":"15,39 €/KG","img":"https://fd5-photos.leclercdrive.fr/image.ashx?id=2890265&use=l&cat=p&typeid=i","cat":285562},{"id":115359,"n":"Pancakes Nature Epi d'Or x18 - 360g","p":1.69,"u":"4,69 €/KG","img":"https://fd5-photos.leclercdrive.fr/image.ashx?id=2860763&use=l&cat=p&typeid=i","cat":284495},{"id":115363,"n":"Lait bébé en poudre Blédilait 1er âge 0-6 mois 900g","p":13.84,"u":"15,38 €/KG","img":"https://fd5-photos.leclercdrive.fr/image.ashx?id=2855052&use=l&cat=p&typeid=i","cat":284726},{"id":115364,"n":"Lait bébé en poudre Blédilait 2e âge 6-12 mois 900g","p":12.89,"u":"14,32 €/KG","img":"https://fd5-photos.leclercdrive.fr/image.ashx?id=2616853&use=l&cat=p&typeid=i","cat":284727},{"id":115367,"n":"Biscuits roses de Reims NRT 200g","p":3.69,"u":"18,45 €/KG","img":"https://fd5-photos.leclercdrive.fr/image.ashx?id=2943112&use=l&cat=p&typeid=i","cat":284487},{"id":115377,"n":"Cornichons Rustica Verre décoré - 100g","p":1.86,"u":"18,60 €/KG","img":"https://fd5-photos.leclercdrive.fr/image.ashx?id=3004648&use=l&cat=p&typeid=i","cat":284458},{"id":115421,"n":"Pruneaux Maison Roucadil Mi-cuits - 500g","p":5.48,"u":"10,96 €/KG","img":"https://fd5-photos.leclercdrive.fr/image.ashx?id=2213832&use=l&cat=p&typeid=i","cat":284357},{"id":115455,"n":"Bougies d'anniversaire Vahiné Bleues - blister de 16 bougies","p":1.42,"u":"0,09 €/P","img":"https://fd5-photos.leclercdrive.fr/image.ashx?id=1584569&use=l&cat=p&typeid=i","cat":284504},{"id":115457,"n":"Frites de Patate Douce McCain 500g","p":3.67,"u":"7,34 €/KG","img":"https://fd5-photos.leclercdrive.fr/image.ashx?id=2840632&use=l&cat=p&typeid=i","cat":319791},{"id":115463,"n":"Litière chats Tranquille Carbonite - 7.1kg","p":6.78,"u":"0,95 €/KG","img":"https://fd5-photos.leclercdrive.fr/image.ashx?id=2421871&use=l&cat=p&typeid=i","cat":284683},{"id":115488,"n":"Bière blonde 1664 5,5° - 12x25cl","p":7.48,"u":"2,49 €/L","img":"https://fd5-photos.leclercdrive.fr/image.ashx?id=2215566&use=l&cat=p&typeid=i","cat":334873},{"id":115492,"n":"Bière blonde 1664 5,5° - 6x25cl","p":3.9,"u":"2,60 €/L","img":"https://fd5-photos.leclercdrive.fr/image.ashx?id=2215572&use=l&cat=p&typeid=i","cat":334873},{"id":115502,"n":"Persil et Ail Rustica 75g","p":1.99,"u":"26,53 €/KG","img":"https://fd5-photos.leclercdrive.fr/image.ashx?id=2365493&use=l&cat=p&typeid=i","cat":319804},{"id":115505,"n":"Fromage Fourme d'Ambert NRT  AOP - 250g","p":3.23,"u":"12,92 €/KG","img":"https://fd5-photos.leclercdrive.fr/image.ashx?id=2459397&use=l&cat=p&typeid=i","cat":314032},{"id":115507,"n":"Mini Samoussas Table du Monde Boeuf poulet - 220g","p":3.31,"u":"15,05 €/KG","img":"https://fd5-photos.leclercdrive.fr/image.ashx?id=2947350&use=l&cat=p&typeid=i","cat":333673},{"id":115521,"n":"Gants de ménage Eco+ Réutilisable taille M - x2","p":1.19,"u":"0,60 €/P","img":"https://fd5-photos.leclercdrive.fr/image.ashx?id=1759090&use=l&cat=p&typeid=i","cat":284668},{"id":115523,"n":"Gants de ménage Eco+ Réutilisables - Taille L - x2","p":1.19,"u":"0,60 €/P","img":"https://fd5-photos.leclercdrive.fr/image.ashx?id=2466196&use=l&cat=p&typeid=i","cat":284668},{"id":115526,"n":"Serviette incontinence Chorys Maxi nuit - x12","p":3.99,"u":"0,33 €/P","img":"https://fd5-photos.leclercdrive.fr/image.ashx?id=2586028&use=l&cat=p&typeid=i","cat":284628},{"id":115528,"n":"Alcool 90° Primoplast 100ml","p":2.19,"u":"21,90 €/L","img":"https://fd5-photos.leclercdrive.fr/image.ashx?id=2856570&use=l&cat=p&typeid=i","cat":284630},{"id":115529,"n":"Bloc WC Uni Vert Ball - 55g","p":1.99,"u":"36,18 €/KG","img":"https://fd5-photos.leclercdrive.fr/image.ashx?id=2568801&use=l&cat=p&typeid=i","cat":284662},{"id":115646,"n":"Croc'Tou Choc chocolat Bio Lucien Georgelin - 375g","p":3.41,"u":"9,09 €/KG","img":"https://fd5-photos.leclercdrive.fr/image.ashx?id=2130586&use=l&cat=p&typeid=i","cat":309513},{"id":115689,"n":"La Grillée Garden Gourmet Soja et Blé 150g","p":3.03,"u":"20,20 €/KG","img":"https://fd5-photos.leclercdrive.fr/image.ashx?id=2988689&use=l&cat=p&typeid=i","cat":316036},{"id":115690,"n":"Sauce aigre douce pimentée Tables du Monde - 300g","p":1.62,"u":"5,40 €/KG","img":"https://fd5-photos.leclercdrive.fr/image.ashx?id=2920214&use=l&cat=p&typeid=i","cat":288992},{"id":115761,"n":"Tablette de chocolat Lindt Noir 100% Cacao - 50g","p":2.58,"u":"51,60 €/KG","img":"https://fd5-photos.leclercdrive.fr/image.ashx?id=2397773&use=l&cat=p&typeid=i","cat":284956},{"id":115771,"n":"Lait bébé en poudre Gallia Calisma 2e âge 6-12mois 2x600g","p":18.86,"u":"15,72 €/KG","img":"https://fd5-photos.leclercdrive.fr/image.ashx?id=2935750&use=l&cat=p&typeid=i","cat":284727},{"id":115772,"n":"Pâte à tartiner Bio Village Aux noisette bio - 600g","p":4.16,"u":"6,93 €/KG","img":"https://fd5-photos.leclercdrive.fr/image.ashx?id=2977201&use=l&cat=p&typeid=i","cat":284481},{"id":115773,"n":"Lait bébé en poudre Gallia Calisma 1er âge 0-6 mois 2x600g","p":22.67,"u":"18,89 €/KG","img":"https://fd5-photos.leclercdrive.fr/image.ashx?id=2953755&use=l&cat=p&typeid=i","cat":284726},{"id":115780,"n":"AOC Châteauneuf-du-Pape vin rouge Rives & Terrasses - 75cl","p":16.99,"u":"22,65 €/L","img":"https://fd5-photos.leclercdrive.fr/image.ashx?id=2994824&use=l&cat=p&typeid=i","cat":289556},{"id":115787,"n":"AOC Coteaux d'Aix-en-Provence vin rosé Terres Ocrées - 75cl","p":4.49,"u":"5,99 €/L","img":"https://fd5-photos.leclercdrive.fr/image.ashx?id=2900172&use=l&cat=p&typeid=i","cat":289558},{"id":115788,"n":"AOC Crémant de Loire brut rosé Les Caractères - 75cl","p":5.35,"u":"7,13 €/L","img":"https://fd5-photos.leclercdrive.fr/image.ashx?id=2895792&use=l&cat=p&typeid=i","cat":284545},{"id":115821,"n":"Confiture mirabelle Bonne Maman Intense - 335g","p":2.23,"u":"6,66 €/KG","img":"https://fd5-photos.leclercdrive.fr/image.ashx?id=2341026&use=l&cat=p&typeid=i","cat":284480},{"id":115823,"n":"Sauce à la Truffe Bénédicta Gamme Gourmet - 260g","p":3.9,"u":"15,00 €/KG","img":"https://fd5-photos.leclercdrive.fr/image.ashx?id=2616183&use=l&cat=p&typeid=i","cat":318430},{"id":115850,"n":"Compote Charles & Alice Pommes Passion - 4x97g","p":1.64,"u":"4,23 €/KG","img":"https://fd5-photos.leclercdrive.fr/image.ashx?id=2757692&use=l&cat=p&typeid=i","cat":284416},{"id":115874,"n":"Dessert fruitier pomme pêche Andros x4","p":1.64,"u":"4,10 €/KG","img":"https://fd5-photos.leclercdrive.fr/image.ashx?id=2968100&use=l&cat=p&typeid=i","cat":284416},{"id":115905,"n":"Yaourt brassé Perle de Lait Coco - 8x125g","p":3.44,"u":"3,44 €/KG","img":"https://fd5-photos.leclercdrive.fr/image.ashx?id=2989204&use=l&cat=p&typeid=i","cat":314999},{"id":115906,"n":"Yaourt aromatisé Perle de Lait sur Lit de Framboise - 4x125g","p":2.2,"u":"4,78 €/P","img":"https://fd5-photos.leclercdrive.fr/image.ashx?id=2989207&use=l&cat=p&typeid=i","cat":314999},{"id":115907,"n":"Yaourt aromatisé Perle de Lait sur Lit de Caramel - 4x125g","p":2.2,"u":"4,40 €/KG","img":"https://fd5-photos.leclercdrive.fr/image.ashx?id=2989216&use=l&cat=p&typeid=i","cat":314999},{"id":115910,"n":"Yaourt brassé Perle de Lait Vanille - 8x125g","p":3.26,"u":"3,26 €/KG","img":"https://fd5-photos.leclercdrive.fr/image.ashx?id=2990568&use=l&cat=p&typeid=i","cat":314999},{"id":115958,"n":"Poelée de cèpes Magda Au beurre persillé - 300g","p":3.98,"pp":2.63,"u":"8,77 €/KG","img":"https://fd5-photos.leclercdrive.fr/image.ashx?id=2790015&use=l&cat=p&typeid=i","cat":319823},{"id":115970,"n":"Girolles à la crème Magda 300g","p":3.98,"pp":2.63,"u":"8,77 €/KG","img":"https://fd5-photos.leclercdrive.fr/image.ashx?id=2411117&use=l&cat=p&typeid=i","cat":319805},{"id":115986,"n":"Pain surprise de campagne Côté Table x32 - 460g","p":8.5,"u":"18,48 €/KG","img":"https://fd5-photos.leclercdrive.fr/image.ashx?id=2776466&use=l&cat=p&typeid=i","cat":319774},{"id":115989,"n":"Pain Surprise Suédois  x32 - 360g","p":7.11,"u":"19,75 €/KG","img":"https://fd5-photos.leclercdrive.fr/image.ashx?id=2598710&use=l&cat=p&typeid=i","cat":319774},{"id":115991,"n":"Squidgies Haribo Sachet bonbons - 200g","p":1.73,"u":"8,65 €/KG","img":"https://fd5-photos.leclercdrive.fr/image.ashx?id=2984934&use=l&cat=p&typeid=i","cat":304250},{"id":116002,"n":"Porto Cruz Blanc - 18%vol - 75cl","p":7.21,"u":"9,61 €/L","img":"https://fd5-photos.leclercdrive.fr/image.ashx?id=2535822&use=l&cat=p&typeid=i","cat":284913},{"id":116010,"n":"Biscotte Pasquier Blé sans sucre ajoutés - 300g","p":1.69,"u":"5,63 €/KG","img":"https://fd5-photos.leclercdrive.fr/image.ashx?id=2507952&use=l&cat=p&typeid=i","cat":284479},{"id":116011,"n":"Biscotte Pasquier Froment sans sucre - 300g","p":1.76,"u":"5,87 €/KG","img":"https://fd5-photos.leclercdrive.fr/image.ashx?id=2507955&use=l&cat=p&typeid=i","cat":284479},{"id":116096,"n":"Shampooing douche Petit Manava Fraise cerise - 250ml","p":1.35,"u":"5,40 €/L","img":"https://fd5-photos.leclercdrive.fr/image.ashx?id=1763207&use=l&cat=p&typeid=i","cat":284606},{"id":116107,"n":"Vin pétillant italien Martini Prosecco 11,5° - 75cl","p":8.19,"u":"10,92 €/L","img":"https://fd5-photos.leclercdrive.fr/image.ashx?id=2973324&use=l&cat=p&typeid=i","cat":289461},{"id":116114,"n":"Shampooing douche Petit Manava Pêche banane - 250ml","p":1.35,"u":"5,40 €/L","img":"https://fd5-photos.leclercdrive.fr/image.ashx?id=2440458&use=l&cat=p&typeid=i","cat":284606},{"id":116166,"n":"Adoucissant concentré Hyperdou Rosée du matin x60 - 1.5L","p":3.95,"u":"2,63 €/L","img":"https://fd5-photos.leclercdrive.fr/image.ashx?id=2602916&use=l&cat=p&typeid=i","cat":284650},{"id":116168,"n":"Adoucissant concentré Hyperdou Fraîcheur fleurie x60 - 1.5L","p":3.95,"u":"2,63 €/L","img":"https://fd5-photos.leclercdrive.fr/image.ashx?id=2602931&use=l&cat=p&typeid=i","cat":284650},{"id":116169,"n":"Adoucissant concentré Hyperdou Coucher soleil x60 - 1.5L","p":3.95,"u":"2,63 €/L","img":"https://fd5-photos.leclercdrive.fr/image.ashx?id=2602937&use=l&cat=p&typeid=i","cat":284650},{"id":116170,"n":"Adoucissant concentré Hyperdou Fraîcheur x75 - 1.95L","p":3.61,"u":"1,85 €/L","img":"https://fd5-photos.leclercdrive.fr/image.ashx?id=2602949&use=l&cat=p&typeid=i","cat":284650},{"id":116171,"n":"Adoucissant concentré Hyperdou Pur Caresse x75 - 1.95L","p":3.65,"u":"1,87 €/L","img":"https://fd5-photos.leclercdrive.fr/image.ashx?id=2614512&use=l&cat=p&typeid=i","cat":284650},{"id":116172,"n":"Lingettes bio Bionaïa Démaquillantes - x25","p":1.04,"u":"0,04 €/P","img":"https://fd5-photos.leclercdrive.fr/image.ashx?id=2515500&use=l&cat=p&typeid=i","cat":284603},{"id":116179,"n":"Crème visage hydratante Mixa Peaux Sensibles bio - 100ml","p":7.48,"u":"74,80 €/L","img":"https://fd5-photos.leclercdrive.fr/image.ashx?id=2423208&use=l&cat=p&typeid=i","cat":325345},{"id":116199,"n":"Vin blanc pétillant Roche Mazet Brut Chardonnay - 75cl","p":4.5,"pp":2.97,"u":"3,96 €/L","img":"https://fd5-photos.leclercdrive.fr/image.ashx?id=2475615&use=l&cat=p&typeid=i","cat":284544},{"id":116221,"n":"Crème de jour L'Oréal Paris  Revitalift Anti-âge - 50ml","p":14.52,"u":"290,40 €/L","img":"https://fd5-photos.leclercdrive.fr/image.ashx?id=2926581&use=l&cat=p&typeid=i","cat":325345},{"id":116222,"n":"IGP Pays d'Oc rosé Roche Mazet Syrah - 75cl","p":4.5,"pp":2.97,"u":"3,96 €/L","img":"https://fd5-photos.leclercdrive.fr/image.ashx?id=2475612&use=l&cat=p&typeid=i","cat":289558},{"id":116224,"n":"Porto Tawny Cruz 18%vol - 75cl","p":7.21,"u":"9,61 €/L","img":"https://fd5-photos.leclercdrive.fr/image.ashx?id=2536373&use=l&cat=p&typeid=i","cat":284913},{"id":116227,"n":"Pétillant Muscat Roche Mazet Demi-sec blanc - 75cl","p":4.5,"pp":2.97,"u":"3,96 €/L","img":"https://fd5-photos.leclercdrive.fr/image.ashx?id=2475618&use=l&cat=p&typeid=i","cat":284544},{"id":116228,"n":"Crème Visage Jour Nivea Hydratante  - 50ml","p":6.8,"u":"136,00 €/L","img":"https://fd5-photos.leclercdrive.fr/image.ashx?id=2945736&use=l&cat=p&typeid=i","cat":325345},{"id":116239,"n":"Crème Cicalfate+ Avène Réparatrice protectrice - 40ml","p":7.6,"u":"190,00 €/L","img":"https://fd5-photos.leclercdrive.fr/image.ashx?id=2895229&use=l&cat=p&typeid=i","cat":290421},{"id":116240,"n":"Lait bébé liquide Blédilait croissance 1-3 ans 6x1L","p":13.14,"u":"2,19 €/L","img":"https://fd5-photos.leclercdrive.fr/image.ashx?id=2685799&use=l&cat=p&typeid=i","cat":284728},{"id":116250,"n":"LLait bébé en poudre Gallia Calisma 1er âge  0-6 mois 700g","p":13.86,"u":"19,80 €/KG","img":"https://fd5-photos.leclercdrive.fr/image.ashx?id=2479718&use=l&cat=p&typeid=i","cat":284726},{"id":116254,"n":"Lait bébé en poudre Calisma Bio Gallia croissance 10 mois 800g","p":16.09,"u":"20,11 €/KG","img":"https://fd5-photos.leclercdrive.fr/image.ashx?id=2760325&use=l&cat=p&typeid=i","cat":290219},{"id":116257,"n":"Lait bébé en poudre Calisma Bio Gallia 2e âge 6-12 mois 800g","p":18.37,"u":"22,96 €/KG","img":"https://fd5-photos.leclercdrive.fr/image.ashx?id=2760328&use=l&cat=p&typeid=i","cat":284727},{"id":116316,"n":"AOC Gewurztraminer vendanges Tardives Ruhlmann 50cl","p":19.8,"u":"39,60 €/L","img":"https://fd5-photos.leclercdrive.fr/image.ashx?id=2378135&use=l&cat=p&typeid=i","cat":289557},{"id":116321,"n":"Soupe liquide Liebig tomates  Et vermicelles - Brique 1L","p":2.0,"u":"2,00 €/L","img":"https://fd5-photos.leclercdrive.fr/image.ashx?id=2941481&use=l&cat=p&typeid=i","cat":284462},{"id":116325,"n":"Velouté Bio Liebig 6 légumes - 75cl","p":2.81,"u":"3,75 €/L","img":"https://fd5-photos.leclercdrive.fr/image.ashx?id=2842561&use=l&cat=p&typeid=i","cat":284462},{"id":116339,"n":"Test de grossesse Mercurochrome 1 pièce","p":4.35,"img":"https://fd5-photos.leclercdrive.fr/image.ashx?id=2806958&use=l&cat=p&typeid=i","cat":324482},{"id":116361,"n":"Sauce napoletana Barilla 400g","p":1.65,"u":"4,13 €/KG","img":"https://fd5-photos.leclercdrive.fr/image.ashx?id=2832512&use=l&cat=p&typeid=i","cat":287599},{"id":116387,"n":"Pâte à tartiner Poulain  Cacao noisette - 400g","p":3.43,"u":"8,58 €/KG","img":"https://fd5-photos.leclercdrive.fr/image.ashx?id=2806354&use=l&cat=p&typeid=i","cat":284481},{"id":116406,"n":"Apéro de la mer  330g","p":4.83,"u":"14,64 €/KG","img":"https://fd5-photos.leclercdrive.fr/image.ashx?id=2109602&use=l&cat=p&typeid=i","cat":285191},{"id":116432,"n":"Parmentier de saumon Fleury Michon - 300g","p":3.32,"u":"11,07 €/KG","img":"https://fd5-photos.leclercdrive.fr/image.ashx?id=2662349&use=l&cat=p&typeid=i","cat":333665},{"id":116458,"n":"Crème émolliente Dexyane Ducray Anti-grattage - 200ml","p":13.8,"u":"69,00 €/L","img":"https://fd5-photos.leclercdrive.fr/image.ashx?id=2415984&use=l&cat=p&typeid=i","cat":290421},{"id":116493,"n":"Soin Effaclar La Roche Posay Duo  SPF30 - 40ml","p":14.98,"u":"374,50 €/L","img":"https://fd5-photos.leclercdrive.fr/image.ashx?id=2087002&use=l&cat=p&typeid=i","cat":291166},{"id":116520,"n":"Crème émolliente Ictyane Ducray Nutritive visage/corps - 200ml","p":10.4,"u":"52,00 €/L","img":"https://fd5-photos.leclercdrive.fr/image.ashx?id=2968883&use=l&cat=p&typeid=i","cat":290421},{"id":116523,"n":"Crème hydratante teintée Avène Hydrance BB Riche SPF30 - 40ml","p":16.49,"u":"412,25 €/L","img":"https://fd5-photos.leclercdrive.fr/image.ashx?id=2968271&use=l&cat=p&typeid=i","cat":291171},{"id":116526,"n":"Perle de Lait Yoplait Marron - 4x125g","p":2.25,"u":"4,50 €/KG","img":"https://fd5-photos.leclercdrive.fr/image.ashx?id=2990565&use=l&cat=p&typeid=i","cat":314999},{"id":116553,"n":"Soin rénovation La Roche-Posay Effaclar K  Peaux grasses -40ml","p":14.89,"u":"372,25 €/L","img":"https://fd5-photos.leclercdrive.fr/image.ashx?id=2165140&use=l&cat=p&typeid=i","cat":291166},{"id":116557,"n":"Mouche bébé Prohinel  x2 embouts jetables","p":6.19,"img":"https://fd5-photos.leclercdrive.fr/image.ashx?id=2918817&use=l&cat=p&typeid=i","cat":289435},{"id":116581,"n":"Frites au four Bio Bio Village - 600g","p":1.99,"u":"3,32 €/KG","img":"https://fd5-photos.leclercdrive.fr/image.ashx?id=2436329&use=l&cat=p&typeid=i","cat":319791},{"id":116583,"n":"Pâte a tartiner Bio Village Aux noisettes bio - 350g","p":2.45,"u":"7,00 €/KG","img":"https://fd5-photos.leclercdrive.fr/image.ashx?id=2977198&use=l&cat=p&typeid=i","cat":284481},{"id":116584,"n":"Confiture extra bio Bio Village Framboises - 370g","p":2.79,"u":"7,54 €/KG","img":"https://fd5-photos.leclercdrive.fr/image.ashx?id=2965635&use=l&cat=p&typeid=i","cat":284480},{"id":116610,"n":"Pains au lait bio Pasquier x8 - 280g","p":2.13,"u":"7,61 €/KG","img":"https://fd5-photos.leclercdrive.fr/image.ashx?id=2858210&use=l&cat=p&typeid=i","cat":293505},{"id":116705,"n":"Bonbons La Vosgienne Cassis - 36g","p":0.96,"u":"26,67 €/KG","img":"https://fd5-photos.leclercdrive.fr/image.ashx?id=1885101&use=l&cat=p&typeid=i","cat":304252},{"id":116706,"n":"Yaourt à la grecque YAOS Nature lit de marrons 4x125g","p":3.65,"u":"7,30 €/KG","img":"https://fd5-photos.leclercdrive.fr/image.ashx?id=3007939&use=l&cat=p&typeid=i","cat":314999},{"id":116720,"n":"Tarte citron meringuée  Bonne Maman - 2x90g","p":2.05,"u":"11,39 €/KG","img":"https://fd5-photos.leclercdrive.fr/image.ashx?id=2878777&use=l&cat=p&typeid=i","cat":284419},{"id":116751,"n":"Sojasun mandarine citron vert 4x100g","p":1.57,"u":"3,93 €/KG","img":"https://fd5-photos.leclercdrive.fr/image.ashx?id=2355683&use=l&cat=p&typeid=i","cat":316071},{"id":116785,"n":"Croc Dog Dès 4 ans","p":17.9,"img":"https://fd5-photos.leclercdrive.fr/image.ashx?id=1792216&use=l&cat=p&typeid=i","cat":334378},{"id":116822,"n":"Compotée Bonne Maman Nectarines blanches - 2x130g","p":2.92,"u":"11,23 €/KG","img":"https://fd5-photos.leclercdrive.fr/image.ashx?id=2874027&use=l&cat=p&typeid=i","cat":284416},{"id":116875,"n":"Salade & Cie Sodebo Palerme Jambon Speck Chèvre Pâtes 320g","p":4.68,"u":"14,63 €/KG","img":"https://fd5-photos.leclercdrive.fr/image.ashx?id=2771933&use=l&cat=p&typeid=i","cat":333657},{"id":116889,"n":"Gourde Pomme Figues bio Babybio - 360g","p":3.96,"u":"11,00 €/KG","img":"https://fd5-photos.leclercdrive.fr/image.ashx?id=2827548&use=l&cat=p&typeid=i","cat":312393},{"id":116953,"n":"Rosette de Lyon 9 tranches - 80g","p":1.34,"u":"16,75 €/KG","img":"https://fd5-photos.leclercdrive.fr/image.ashx?id=2913244&use=l&cat=p&typeid=i","cat":316007},{"id":116958,"n":"Chorizo Espagnol Merle 16 tranches - 80g","p":1.29,"u":"16,13 €/KG","img":"https://fd5-photos.leclercdrive.fr/image.ashx?id=2913259&use=l&cat=p&typeid=i","cat":316007},{"id":116967,"n":"Carottes filière  Panier du Primeur - 1kg","p":1.49,"u":"1,49 €/KG","img":"https://fd5-photos.leclercdrive.fr/image.ashx?id=2920229&use=l&cat=p&typeid=i","cat":284352},{"id":116985,"n":"Parmesan Râpé Giovanni Ferrari  22 mois AOP - 60g","p":1.7,"u":"28,33 €/KG","img":"https://fd5-photos.leclercdrive.fr/image.ashx?id=3002297&use=l&cat=p&typeid=i","cat":314035},{"id":117084,"n":"Dalles mousses animaux Dès 10 mois","p":8.95,"img":"https://fd5-photos.leclercdrive.fr/image.ashx?id=1791910&use=l&cat=p&typeid=i","cat":334379},{"id":117131,"n":"Bouillon Cube Maggi Bouquet garni - 100g","p":1.65,"u":"16,50 €/KG","img":"https://fd5-photos.leclercdrive.fr/image.ashx?id=2697306&use=l&cat=p&typeid=i","cat":288379},{"id":117132,"n":"Bouillon kub légumes Maggi -25% sel - 120g","p":1.36,"u":"11,33 €/KG","img":"https://fd5-photos.leclercdrive.fr/image.ashx?id=2758443&use=l&cat=p&typeid=i","cat":288379},{"id":117156,"n":"Yaourt à boire Actimel nature sans sucres - 6x100g","p":2.75,"u":"4,58 €/KG","img":"https://fd5-photos.leclercdrive.fr/image.ashx?id=2103484&use=l&cat=p&typeid=i","cat":284415},{"id":117200,"n":"Eau gazeuse Orezza Aromatisée mure - 6x33cl","p":5.96,"u":"3,01 €/L","img":"https://fd5-photos.leclercdrive.fr/image.ashx?id=2108588&use=l&cat=p&typeid=i","cat":284536},{"id":117201,"n":"Eau gazeuse Orezza  Clementine - 6x33cl","p":5.88,"u":"2,97 €/L","img":"https://fd5-photos.leclercdrive.fr/image.ashx?id=2108585&use=l&cat=p&typeid=i","cat":284536},{"id":117208,"n":"Biscuit chocolat Baiocchi Mulino Bianco - 168g","p":2.65,"u":"15,77 €/KG","img":"https://fd5-photos.leclercdrive.fr/image.ashx?id=1914372&use=l&cat=p&typeid=i","cat":284488},{"id":117222,"n":"Lotion eau précieuse Pureté de la peau - 2x375ml","p":18.0,"u":"24,00 €/L","img":"https://fd5-photos.leclercdrive.fr/image.ashx?id=2057254&use=l&cat=p&typeid=i","cat":301587},{"id":117223,"n":"IGP Spaghettone Garofalo XXL - 500g","p":1.88,"u":"3,76 €/KG","img":"https://fd5-photos.leclercdrive.fr/image.ashx?id=3009167&use=l&cat=p&typeid=i","cat":284427},{"id":117225,"n":"Sirop Moulin de Valdonne Grenadine - 70cl","p":2.76,"u":"3,94 €/L","img":"https://fd5-photos.leclercdrive.fr/image.ashx?id=2170610&use=l&cat=p&typeid=i","cat":295020},{"id":117226,"n":"Chocolat noir Lindt Sensation crispy céréales 140g","p":2.85,"u":"20,36 €/KG","img":"https://fd5-photos.leclercdrive.fr/image.ashx?id=2208915&use=l&cat=p&typeid=i","cat":304238},{"id":117235,"n":"Sirop Moulin de Valdonne Pêche abricot - 70cl","p":3.68,"u":"5,26 €/L","img":"https://fd5-photos.leclercdrive.fr/image.ashx?id=2170613&use=l&cat=p&typeid=i","cat":295020},{"id":117238,"n":"Shampooing bio Bio naïa Cheveux secs abimés - 250ml","p":1.8,"u":"7,20 €/L","img":"https://fd5-photos.leclercdrive.fr/image.ashx?id=2512481&use=l&cat=p&typeid=i","cat":284606},{"id":117239,"n":"Tablette de chocolat noir Lindt Eclat caramel - 70% - 100g","p":3.05,"u":"30,50 €/KG","img":"https://fd5-photos.leclercdrive.fr/image.ashx?id=2423358&use=l&cat=p&typeid=i","cat":284956},{"id":117242,"n":"Biscuit coco pavot GERBLE BIO  Bio - 4x3, 132g","p":1.82,"u":"13,79 €/KG","img":"https://fd5-photos.leclercdrive.fr/image.ashx?id=2664052&use=l&cat=p&typeid=i","cat":284487},{"id":117246,"n":"Biscuits Gerblé Bio Citron gingembre - 132g","p":1.9,"u":"14,39 €/KG","img":"https://fd5-photos.leclercdrive.fr/image.ashx?id=2662871&use=l&cat=p&typeid=i","cat":318651},{"id":117248,"n":"Biscuits Gerblé Bio Amande cranberry - 132g","p":1.95,"u":"14,77 €/KG","img":"https://fd5-photos.leclercdrive.fr/image.ashx?id=2662868&use=l&cat=p&typeid=i","cat":318651},{"id":117252,"n":"Mouliné Régal Soupe Légumes d'autrefois - 1L","p":1.65,"u":"1,65 €/L","img":"https://fd5-photos.leclercdrive.fr/image.ashx?id=2607590&use=l&cat=p&typeid=i","cat":284462},{"id":117283,"n":"Petits pois Notre Jardin Sans sel ajouté - 280g","p":0.9,"u":"3,21 €/KG","img":"https://fd5-photos.leclercdrive.fr/image.ashx?id=3002638&use=l&cat=p&typeid=i","cat":312607},{"id":117297,"n":"Haricots verts Notre Jardin Sans sel ajouté - 225g","p":0.88,"u":"3,91 €/KG","img":"https://fd5-photos.leclercdrive.fr/image.ashx?id=3002644&use=l&cat=p&typeid=i","cat":312606},{"id":117307,"n":"Crevettes cuites Bio Equateur L'Atelier Poissonnerie - 300g","p":5.0,"u":"16,67 €/KG","img":"https://fd5-photos.leclercdrive.fr/image.ashx?id=2652098&use=l&cat=p&typeid=i","cat":284343},{"id":117330,"n":"Champignon Notre Jardin Emincé Sans sel ajouté - 230g","p":1.18,"u":"5,13 €/KG","img":"https://fd5-photos.leclercdrive.fr/image.ashx?id=1792507&use=l&cat=p&typeid=i","cat":312610},{"id":117379,"n":"Pois chiches Bio D'Aucy 340g","p":2.9,"u":"8,53 €/KG","img":"https://fd5-photos.leclercdrive.fr/image.ashx?id=2562193&use=l&cat=p&typeid=i","cat":312609},{"id":117400,"n":"Yaourt Grec Delta 10% MG Nature - 1kg","p":4.95,"u":"4,95 €/KG","img":"https://fd5-photos.leclercdrive.fr/image.ashx?id=2532189&use=l&cat=p&typeid=i","cat":314999},{"id":117403,"n":"Poêlée de légumes Bonduelle La Parisienne - 750g","p":2.94,"u":"3,92 €/KG","img":"https://fd5-photos.leclercdrive.fr/image.ashx?id=2907908&use=l&cat=p&typeid=i","cat":319823},{"id":117404,"n":"La Poêlée Rustique Bonduelle 750g","p":3.48,"u":"4,64 €/KG","img":"https://fd5-photos.leclercdrive.fr/image.ashx?id=2910055&use=l&cat=p&typeid=i","cat":319823},{"id":117405,"n":"Poêlée méditerranéenne  Bonduelle - 750g","p":3.19,"u":"4,25 €/KG","img":"https://fd5-photos.leclercdrive.fr/image.ashx?id=2962113&use=l&cat=p&typeid=i","cat":319823},{"id":117407,"n":"Poêlée à la paysanne Bonduelle 750g","p":3.57,"u":"4,76 €/KG","img":"https://fd5-photos.leclercdrive.fr/image.ashx?id=2907911&use=l&cat=p&typeid=i","cat":319823},{"id":117408,"n":"Yaourt nature ferme C'est Qui Le Patron - 8x125g","p":2.24,"u":"2,24 €/KG","img":"https://fd5-photos.leclercdrive.fr/image.ashx?id=2672386&use=l&cat=p&typeid=i","cat":284409},{"id":117570,"n":"Galettes de riz Tables du monde Sachet - 100g","p":2.25,"u":"22,50 €/KG","img":"https://fd5-photos.leclercdrive.fr/image.ashx?id=2920223&use=l&cat=p&typeid=i","cat":288992},{"id":117648,"n":"Boulettes végétales Végé - 200g","p":2.59,"u":"12,95 €/KG","img":"https://fd5-photos.leclercdrive.fr/image.ashx?id=2866253&use=l&cat=p&typeid=i","cat":316036},{"id":117657,"n":"IGP Foie gras Maison Montfort Canard Entier Sélection - 320g","p":26.95,"u":"84,22 €/KG","img":"https://fd5-photos.leclercdrive.fr/image.ashx?id=2730982&use=l&cat=p&typeid=i","cat":316008},{"id":117668,"n":"Pizza Dolce Sodebo Margherita Tomate Marinées 400g","p":4.7,"u":"11,75 €/KG","img":"https://fd5-photos.leclercdrive.fr/image.ashx?id=2921642&use=l&cat=p&typeid=i","cat":333679},{"id":117669,"n":"IGP Foie gras Maison Montfort Canard Excellent Torchon - 380g","p":40.69,"u":"107,08 €/KG","img":"https://fd5-photos.leclercdrive.fr/image.ashx?id=2324603&use=l&cat=p&typeid=i","cat":316008},{"id":117675,"n":"Bisque hormard bleu NRT 490g","p":3.41,"u":"6,96 €/KG","img":"https://fd5-photos.leclercdrive.fr/image.ashx?id=2954160&use=l&cat=p&typeid=i","cat":285192},{"id":117679,"n":"Chicche Battaglioni Pomme de terre - 500g","p":3.57,"u":"7,14 €/KG","img":"https://fd5-photos.leclercdrive.fr/image.ashx?id=1913141&use=l&cat=p&typeid=i","cat":284427},{"id":117705,"n":"Ras El Hanout Ducros Epices couscous - 38g","p":1.86,"u":"48,95 €/KG","img":"https://fd5-photos.leclercdrive.fr/image.ashx?id=2559490&use=l&cat=p&typeid=i","cat":298297},{"id":117719,"n":"Mini blinis Bio Village Bio - x16 - 135g","p":1.65,"u":"12,22 €/KG","img":"https://fd5-photos.leclercdrive.fr/image.ashx?id=1907492&use=l&cat=p&typeid=i","cat":315999},{"id":117721,"n":"Truite Fumée  Ronde des Mers  4 tranches - 120g","p":4.3,"u":"35,83 €/KG","img":"https://fd5-photos.leclercdrive.fr/image.ashx?id=2084096&use=l&cat=p&typeid=i","cat":285188},{"id":117724,"n":"Plateau 4 fromages Nos Régions ont du talent 775g","p":11.95,"u":"15,42 €/KG","img":"https://fd5-photos.leclercdrive.fr/image.ashx?id=1860952&use=l&cat=p&typeid=i","cat":314036},{"id":117728,"n":"Plateau 4 fromages  Nos Régions ont du Talent 850g","p":16.5,"u":"19,41 €/KG","img":"https://fd5-photos.leclercdrive.fr/image.ashx?id=1860955&use=l&cat=p&typeid=i","cat":314036},{"id":117731,"n":"Plateau 5 fromages NRT 900g","p":18.5,"u":"20,56 €/KG","img":"https://fd5-photos.leclercdrive.fr/image.ashx?id=1858655&use=l&cat=p&typeid=i","cat":327294},{"id":117828,"n":"Lardons fumés au bois CharcuFine du Forez - 140g","p":1.34,"u":"9,57 €/KG","img":"https://fd5-photos.leclercdrive.fr/image.ashx?id=2913268&use=l&cat=p&typeid=i","cat":316011},{"id":117829,"n":"Lardons natures  Charcufine du Forez - 140g","p":1.2,"u":"8,57 €/KG","img":"https://fd5-photos.leclercdrive.fr/image.ashx?id=2913271&use=l&cat=p&typeid=i","cat":316011},{"id":117880,"n":"Teinture textile Ideal Tout en un Noir - 230g","p":3.48,"u":"15,13 €/KG","img":"https://fd5-photos.leclercdrive.fr/image.ashx?id=2669046&use=l&cat=p&typeid=i","cat":284651},{"id":117881,"n":"Teinture textile Ideal Tout en un Bleu marine - 230g","p":3.02,"u":"13,13 €/KG","img":"https://fd5-photos.leclercdrive.fr/image.ashx?id=1848946&use=l&cat=p&typeid=i","cat":284651},{"id":118038,"n":"AOP Alsace Gewurztraminer Nos Vignerons ont du Talent - 75cl","p":8.99,"u":"11,99 €/L","img":"https://fd5-photos.leclercdrive.fr/image.ashx?id=2566203&use=l&cat=p&typeid=i","cat":289557},{"id":118113,"n":"Sauce soja Bio Village Bio - 150ml","p":1.99,"u":"13,27 €/L","img":"https://fd5-photos.leclercdrive.fr/image.ashx?id=2913772&use=l&cat=p&typeid=i","cat":288992},{"id":118116,"n":"Sauce soja sucrée Bio Village Bio - 150ml","p":1.99,"u":"13,27 €/L","img":"https://fd5-photos.leclercdrive.fr/image.ashx?id=2913775&use=l&cat=p&typeid=i","cat":288992},{"id":118117,"n":"Riz cuisiné Teppanyaki Poulet et légumes - 300g","p":3.57,"u":"11,90 €/KG","img":"https://fd5-photos.leclercdrive.fr/image.ashx?id=2533901&use=l&cat=p&typeid=i","cat":284254},{"id":118193,"n":"Beurre Bocage Doux - 60%MG - 250g","p":2.22,"u":"8,88 €/KG","img":"https://fd5-photos.leclercdrive.fr/image.ashx?id=2752891&use=l&cat=p&typeid=i","cat":284379},{"id":118200,"n":"Gel fibre Got2B Coup de tête - 100ml","p":4.58,"u":"45,80 €/L","img":"https://fd5-photos.leclercdrive.fr/image.ashx?id=2443853&use=l&cat=p&typeid=i","cat":284620},{"id":118202,"n":"Coloration Perfect Mousse n°400 Expresso givré - X1","p":7.45,"img":"https://fd5-photos.leclercdrive.fr/image.ashx?id=1919738&use=l&cat=p&typeid=i","cat":288899},{"id":118205,"n":"Coloration Perfect Mousse n°586 Acajou - 1pièce","p":7.22,"img":"https://fd5-photos.leclercdrive.fr/image.ashx?id=3000665&use=l&cat=p&typeid=i","cat":288899},{"id":118208,"n":"Coloration Perfec Mousse N°210 noir - x1","p":7.45,"img":"https://fd5-photos.leclercdrive.fr/image.ashx?id=1919756&use=l&cat=p&typeid=i","cat":288899},{"id":118209,"n":"Coloration Perfect Mousse N°365 Brownie - X1","p":7.36,"img":"https://fd5-photos.leclercdrive.fr/image.ashx?id=2921558&use=l&cat=p&typeid=i","cat":288899},{"id":118214,"n":"Gel coiffant Got2B Pâte en pot - 100ml","p":5.65,"u":"56,50 €/L","img":"https://fd5-photos.leclercdrive.fr/image.ashx?id=2986257&use=l&cat=p&typeid=i","cat":284620},{"id":118217,"n":"Mini coquilles Saint-Jacques  Tipiak x8 - 100g","p":3.75,"u":"37,50 €/KG","img":"https://fd5-photos.leclercdrive.fr/image.ashx?id=2484212&use=l&cat=p&typeid=i","cat":319775},{"id":118220,"n":"Mini croustillants Tipiak Saint Jacques - x10 - 120g","p":3.75,"u":"31,25 €/KG","img":"https://fd5-photos.leclercdrive.fr/image.ashx?id=2484209&use=l&cat=p&typeid=i","cat":319774},{"id":118222,"n":"Cire Got2B Pot de colle en tube - 75ml","p":5.53,"u":"73,73 €/L","img":"https://fd5-photos.leclercdrive.fr/image.ashx?id=2886750&use=l&cat=p&typeid=i","cat":284620},{"id":118226,"n":"Couronne d'Occitanie NRT Anis -175g","p":1.95,"u":"11,14 €/KG","img":"https://fd5-photos.leclercdrive.fr/image.ashx?id=2622344&use=l&cat=p&typeid=i","cat":284487},{"id":118227,"n":"Couronne d'Occitanie NRT Abricot -175g","p":1.95,"u":"11,14 €/KG","img":"https://fd5-photos.leclercdrive.fr/image.ashx?id=2704909&use=l&cat=p&typeid=i","cat":284487},{"id":118272,"n":"Suprêmes soufflés Saint-Jean Cèpes girolles x4 - 480g","p":4.39,"u":"9,15 €/KG","img":"https://fd5-photos.leclercdrive.fr/image.ashx?id=2357335&use=l&cat=p&typeid=i","cat":333682},{"id":118282,"n":"Cordon bleu Marie Coquillettes - 280g","p":3.51,"u":"12,54 €/KG","img":"https://fd5-photos.leclercdrive.fr/image.ashx?id=2317495&use=l&cat=p&typeid=i","cat":333665},{"id":118289,"n":"Canard confit Marie Ecrasé de pomme de terre 300g","p":3.91,"u":"13,03 €/KG","img":"https://fd5-photos.leclercdrive.fr/image.ashx?id=2799886&use=l&cat=p&typeid=i","cat":333665},{"id":118318,"n":"Fromage Raclette Les Croisés Truffe - 200g","p":4.7,"u":"23,50 €/KG","img":"https://fd5-photos.leclercdrive.fr/image.ashx?id=2793293&use=l&cat=p&typeid=i","cat":314037},{"id":118349,"n":"Légumes et céréales Bonduelle Patates douces boulgour 500g","p":3.74,"u":"7,48 €/KG","img":"https://fd5-photos.leclercdrive.fr/image.ashx?id=2876170&use=l&cat=p&typeid=i","cat":319823},{"id":118408,"n":"Lait bébé en poudre Galliagest 1er âge 0-6 mois 820g","p":18.53,"u":"22,60 €/KG","img":"https://fd5-photos.leclercdrive.fr/image.ashx?id=2983054&use=l&cat=p&typeid=i","cat":284726},{"id":118412,"n":"Lait bébé en poudre Galliagest 2 âge 6-12 mois 820g","p":18.37,"u":"22,40 €/KG","img":"https://fd5-photos.leclercdrive.fr/image.ashx?id=2771666&use=l&cat=p&typeid=i","cat":284727},{"id":118414,"n":"Lait bébé en poudre Blédilait 1er âge 0-6 mois 820g","p":14.45,"u":"17,62 €/KG","img":"https://fd5-photos.leclercdrive.fr/image.ashx?id=2500051&use=l&cat=p&typeid=i","cat":284726},{"id":118442,"n":"Bonbons Tic Tac Menthe extra fraîche x100 - 49g","p":1.79,"u":"36,53 €/KG","img":"https://fd5-photos.leclercdrive.fr/image.ashx?id=2737243&use=l&cat=p&typeid=i","cat":304256},{"id":118447,"n":"Soupe deshydratée Knorr Tomate mozzarella - 75cl","p":1.37,"u":"1,83 €/L","img":"https://fd5-photos.leclercdrive.fr/image.ashx?id=2788919&use=l&cat=p&typeid=i","cat":284463},{"id":118485,"n":"Préservatifs Skyn Manix Elite - x10","p":10.15,"u":"1,02 €/P","img":"https://fd5-photos.leclercdrive.fr/image.ashx?id=2861051&use=l&cat=p&typeid=i","cat":284631},{"id":118488,"n":"Préservatifs Skyn Manix Intense feel - x10","p":6.92,"u":"0,69 €/P","img":"https://fd5-photos.leclercdrive.fr/image.ashx?id=2861069&use=l&cat=p&typeid=i","cat":284631},{"id":118491,"n":"Gel lubrifiant Manix Fraise - 80ml","p":4.77,"img":"https://fd5-photos.leclercdrive.fr/image.ashx?id=2968334&use=l&cat=p&typeid=i","cat":285160},{"id":118492,"n":"Gel lubrifiant Manix Pure - 80ml","p":5.2,"u":"65,00 €/L","img":"https://fd5-photos.leclercdrive.fr/image.ashx?id=2886160&use=l&cat=p&typeid=i","cat":285160},{"id":118513,"n":"Désinfectant Sanytol Pistolet 4 actions - 500ml","p":3.08,"u":"6,16 €/L","img":"https://fd5-photos.leclercdrive.fr/image.ashx?id=2590749&use=l&cat=p&typeid=i","cat":325357},{"id":118536,"n":"Boules inox Eco+ x2","p":0.24,"u":"0,12 €/P","img":"https://fd5-photos.leclercdrive.fr/image.ashx?id=2984483&use=l&cat=p&typeid=i","cat":284667},{"id":118581,"n":"Sacs poubelle 50L Alfapac Maxi poids - x10","p":2.62,"u":"0,26 €/P","img":"https://fd5-photos.leclercdrive.fr/image.ashx?id=2526899&use=l&cat=p&typeid=i","cat":285168},{"id":118583,"n":"Tampons Uni Vert Normal digital - x16","p":1.63,"u":"0,10 €/P","img":"https://fd5-photos.leclercdrive.fr/image.ashx?id=2896901&use=l&cat=p&typeid=i","cat":284626},{"id":118766,"n":"Filet de colin d'Alaska Findus MSC - x6 filets - 600g","p":8.28,"u":"828,00 €/L","img":"https://fd5-photos.leclercdrive.fr/image.ashx?id=2735353&use=l&cat=p&typeid=i","cat":319786},{"id":118820,"n":"Chocolats Ferrero Collection Assortiments x48 - 518g","p":15.16,"u":"29,27 €/KG","img":"https://fd5-photos.leclercdrive.fr/image.ashx?id=2940510&use=l&cat=p&typeid=i","cat":327595},{"id":119022,"n":"Fromage Le Mottin  Crémeux - 185g","p":2.54,"u":"13,73 €/KG","img":"https://fd5-photos.leclercdrive.fr/image.ashx?id=2415574&use=l&cat=p&typeid=i","cat":329558},{"id":119075,"n":"Edulcorant Ginko Mini sweets x400 - 4.8g","p":3.27,"u":"654,00 €/KG","img":"https://fd5-photos.leclercdrive.fr/image.ashx?id=1860603&use=l&cat=p&typeid=i","cat":324846},{"id":119079,"n":"Lubrifiant Manix Skyn All night long - 80ml","p":6.61,"u":"82,63 €/L","img":"https://fd5-photos.leclercdrive.fr/image.ashx?id=1860657&use=l&cat=p&typeid=i","cat":285160},{"id":119104,"n":"Chili con carne Paul et Louise 800g","p":4.07,"u":"5,09 €/KG","img":"https://fd5-photos.leclercdrive.fr/image.ashx?id=3008488&use=l&cat=p&typeid=i","cat":325094},{"id":119105,"n":"Nouille de riz Suzi Wan 160g","p":1.86,"u":"11,63 €/KG","img":"https://fd5-photos.leclercdrive.fr/image.ashx?id=3002180&use=l&cat=p&typeid=i","cat":288992},{"id":119123,"n":"Barre de céréales Nature Valley Crunchy multi variétés X5-210g","p":2.98,"u":"14,19 €/KG","img":"https://fd5-photos.leclercdrive.fr/image.ashx?id=2616270&use=l&cat=p&typeid=i","cat":285869},{"id":119136,"n":"Fromage de tête au jambon VPF L'Atelier Charcuterie - 170g","p":2.59,"u":"15,24 €/KG","img":"https://fd5-photos.leclercdrive.fr/image.ashx?id=2999556&use=l&cat=p&typeid=i","cat":316008},{"id":119176,"n":"Patate douce 1kg","p":3.45,"u":"3,45 €/KG","img":"https://fd5-photos.leclercdrive.fr/image.ashx?id=1632509&use=l&cat=p&typeid=i","cat":284352},{"id":119185,"n":"Bougie vanille Uni Vert 30h - 130g","p":3.99,"u":"30,69 €/KG","img":"https://fd5-photos.leclercdrive.fr/image.ashx?id=2670347&use=l&cat=p&typeid=i","cat":284666},{"id":119199,"n":"Cornichon  Kuhne Rondelles pour burger - 185g","p":2.01,"u":"10,86 €/KG","img":"https://fd5-photos.leclercdrive.fr/image.ashx?id=2109521&use=l&cat=p&typeid=i","cat":284458},{"id":119259,"n":"Couches Love & Green Hypoallergéniques Taille 3- x52","p":14.89,"u":"0,29 €/P","img":"https://fd5-photos.leclercdrive.fr/image.ashx?id=2798138&use=l&cat=p&typeid=i","cat":284737},{"id":119262,"n":"Sauce bolognaise Panzani 100% Pur Bœuf - 400G","p":2.12,"u":"5,30 €/KG","img":"https://fd5-photos.leclercdrive.fr/image.ashx?id=2984754&use=l&cat=p&typeid=i","cat":287599},{"id":119263,"n":"Couches Love & Green Hypoallergéniques Taille 5- x40","p":18.49,"u":"0,46 €/P","img":"https://fd5-photos.leclercdrive.fr/image.ashx?id=2799527&use=l&cat=p&typeid=i","cat":284737},{"id":119264,"n":"Sauce Bolognaise Panzani 100% Pur Bœuf - 650G","p":3.31,"u":"5,09 €/KG","img":"https://fd5-photos.leclercdrive.fr/image.ashx?id=2977933&use=l&cat=p&typeid=i","cat":287599},{"id":119267,"n":"Café moulu Plantation Noir intense - 3x250g","p":10.19,"u":"13,59 €/KG","img":"https://fd5-photos.leclercdrive.fr/image.ashx?id=2607587&use=l&cat=p&typeid=i","cat":284750},{"id":119271,"n":"Haricots rouge Notre Jardin 3x125g","p":1.91,"u":"5,09 €/KG","img":"https://fd5-photos.leclercdrive.fr/image.ashx?id=2988111&use=l&cat=p&typeid=i","cat":312606},{"id":119273,"n":"Carottes Notre Jardin 3x130g","p":2.25,"u":"5,77 €/KG","img":"https://fd5-photos.leclercdrive.fr/image.ashx?id=2537364&use=l&cat=p&typeid=i","cat":312607},{"id":119275,"n":"Haricots blancs Notre Jardin 3x125g","p":1.98,"u":"5,28 €/KG","img":"https://fd5-photos.leclercdrive.fr/image.ashx?id=3002632&use=l&cat=p&typeid=i","cat":312606},{"id":119284,"n":"Protège slips Love & Green Hypoallergéniques 0% - x30","p":2.72,"u":"0,09 €/P","img":"https://fd5-photos.leclercdrive.fr/image.ashx?id=2811356&use=l&cat=p&typeid=i","cat":284625},{"id":119287,"n":"Protège lingerie bio Tadam Dermo-sensitif normal - x24","p":2.58,"img":"https://fd5-photos.leclercdrive.fr/image.ashx?id=2754764&use=l&cat=p&typeid=i","cat":284625},{"id":119332,"n":"Tampon digital Uni Vert Ecolo super - x16","p":1.9,"u":"0,12 €/P","img":"https://fd5-photos.leclercdrive.fr/image.ashx?id=2939085&use=l&cat=p&typeid=i","cat":284626},{"id":119337,"n":"Crème légère jour So Bio Etic Anti-âge argan bio - 50ml","p":11.16,"u":"223,20 €/L","img":"https://fd5-photos.leclercdrive.fr/image.ashx?id=2788730&use=l&cat=p&typeid=i","cat":325345},{"id":119339,"n":"Gel nettoyant Uni Vert Entretien canalisations - 1L","p":3.9,"u":"3,90 €/L","img":"https://fd5-photos.leclercdrive.fr/image.ashx?id=2593471&use=l&cat=p&typeid=i","cat":284908},{"id":119510,"n":"Blancs de poireaux filière Panier du Primeur - 500g","p":2.99,"u":"5,98 €/KG","img":"https://fd5-photos.leclercdrive.fr/image.ashx?id=2925180&use=l&cat=p&typeid=i","cat":284352},{"id":119558,"n":"Compotes Materne Coupelles Pomme Nature - 16x100g","p":3.8,"u":"2,38 €/KG","img":"https://fd5-photos.leclercdrive.fr/image.ashx?id=3010840&use=l&cat=p&typeid=i","cat":284508},{"id":119559,"n":"Compotes Materne Coupelles  Multivariétés Rouges - 16x100g","p":4.99,"u":"3,12 €/KG","img":"https://fd5-photos.leclercdrive.fr/image.ashx?id=3010843&use=l&cat=p&typeid=i","cat":284508},{"id":119560,"n":"Compotes Materne Coupelles  Multivariétés Jaunes - 16x100g","p":4.08,"u":"2,55 €/KG","img":"https://fd5-photos.leclercdrive.fr/image.ashx?id=3010846&use=l&cat=p&typeid=i","cat":284508},{"id":119563,"n":"Compotes Materne Coupelles Pomme Pêche Abricot - 4x100g","p":1.44,"u":"3,60 €/KG","img":"https://fd5-photos.leclercdrive.fr/image.ashx?id=3010864&use=l&cat=p&typeid=i","cat":284508},{"id":119571,"n":"Douceur de Brebis vanille 4x100g - Le Petit Basque","p":2.72,"u":"6,80 €/KG","img":"https://fd5-photos.leclercdrive.fr/image.ashx?id=2248093&use=l&cat=p&typeid=i","cat":314998},{"id":119709,"n":"Fromage Persillée Saint Agur  125g","p":2.29,"u":"18,32 €/KG","img":"https://fd5-photos.leclercdrive.fr/image.ashx?id=2981515&use=l&cat=p&typeid=i","cat":314032},{"id":119728,"n":"Blanc poulet fumé 6 Tranches - 180g","p":2.24,"u":"12,44 €/KG","img":"https://fd5-photos.leclercdrive.fr/image.ashx?id=2970474&use=l&cat=p&typeid=i","cat":316010},{"id":119743,"n":"Emmental français Entremont Portion - 500g","p":6.72,"u":"13,44 €/KG","img":"https://fd5-photos.leclercdrive.fr/image.ashx?id=2966980&use=l&cat=p&typeid=i","cat":314034},{"id":119767,"n":"Eau micellaire bio Bionaïa 400ml","p":3.73,"u":"9,33 €/L","img":"https://fd5-photos.leclercdrive.fr/image.ashx?id=2376055&use=l&cat=p&typeid=i","cat":284603},{"id":119797,"n":"Comté fromage bloc Les Croisés 200g","p":2.85,"u":"14,25 €/KG","img":"https://fd5-photos.leclercdrive.fr/image.ashx?id=2856585&use=l&cat=p&typeid=i","cat":314034},{"id":119800,"n":"Yaourt Enfant Petits Filous Aromatisé à la Vanille - 6x100g","p":2.75,"u":"4,58 €/KG","img":"https://fd5-photos.leclercdrive.fr/image.ashx?id=2748431&use=l&cat=p&typeid=i","cat":284415},{"id":119886,"n":"Yaourt grec nature Délisse 1kg","p":4.75,"u":"4,75 €/KG","img":"https://fd5-photos.leclercdrive.fr/image.ashx?id=2885137&use=l&cat=p&typeid=i","cat":314999},{"id":119890,"n":"Cotons Demak'Up Cocoon Disques à démaquiller - x85","p":1.74,"u":"0,02 €/P","img":"https://fd5-photos.leclercdrive.fr/image.ashx?id=2745271&use=l&cat=p&typeid=i","cat":285593},{"id":119893,"n":"Skyr Nature Délisse 450g","p":1.89,"u":"4,20 €/KG","img":"https://fd5-photos.leclercdrive.fr/image.ashx?id=2992549&use=l&cat=p&typeid=i","cat":315000},{"id":119928,"n":"Cannellonis aux crevettes Maison Briau - 750g","p":8.82,"u":"11,76 €/KG","img":"https://fd5-photos.leclercdrive.fr/image.ashx?id=2842765&use=l&cat=p&typeid=i","cat":285340},{"id":119940,"n":"Mini candy play Copains Copines 180g","p":1.49,"u":"8,28 €/KG","img":"https://fd5-photos.leclercdrive.fr/image.ashx?id=2589861&use=l&cat=p&typeid=i","cat":304250},{"id":119941,"n":"Fromage à Tartiner Tartare Ail et Fines Herbes 10P - 160g","p":1.93,"u":"12,06 €/KG","img":"https://fd5-photos.leclercdrive.fr/image.ashx?id=2867410&use=l&cat=p&typeid=i","cat":314029},{"id":119943,"n":"Soupe 10 légumes Liebig A la crème - x2 - 60cl","p":2.01,"u":"3,35 €/L","img":"https://fd5-photos.leclercdrive.fr/image.ashx?id=2892139&use=l&cat=p&typeid=i","cat":284462},{"id":119954,"n":"Crevettes Delpierre ASC décortiquées - 100g","p":3.62,"u":"36,20 €/KG","img":"https://fd5-photos.leclercdrive.fr/image.ashx?id=2870530&use=l&cat=p&typeid=i","cat":284343},{"id":119956,"n":"Filets de limande du Nord MSC L'Atelier Poissonnerie x2 200g","p":3.39,"u":"16,95 €/KG","img":"https://fd5-photos.leclercdrive.fr/image.ashx?id=2652101&use=l&cat=p&typeid=i","cat":284344},{"id":119957,"n":"Acras de morue Maison Briau A la créole ciboule piment 200g","p":2.59,"u":"12,95 €/KG","img":"https://fd5-photos.leclercdrive.fr/image.ashx?id=2959469&use=l&cat=p&typeid=i","cat":333673},{"id":119958,"n":"Filets de colin d'Alaska Meunière MSC x2 - 200g","p":2.99,"u":"14,95 €/KG","img":"https://fd5-photos.leclercdrive.fr/image.ashx?id=2652107&use=l&cat=p&typeid=i","cat":284344},{"id":119959,"n":"Filets de limande du Nord MSC L'Atelier Poissonnerie x4 400g","p":6.49,"u":"16,23 €/KG","img":"https://fd5-photos.leclercdrive.fr/image.ashx?id=2855292&use=l&cat=p&typeid=i","cat":284344},{"id":119960,"n":"Filets de colin pané d'Alaska MSC sans arrêtes x2 - 220g","p":2.99,"u":"13,59 €/KG","img":"https://fd5-photos.leclercdrive.fr/image.ashx?id=2652110&use=l&cat=p&typeid=i","cat":284344},{"id":119962,"n":"Tielles gourmandes de Sète Pêcheries Sétoises x2 - 150g","p":3.24,"u":"21,60 €/KG","img":"https://fd5-photos.leclercdrive.fr/image.ashx?id=2944813&use=l&cat=p&typeid=i","cat":285094},{"id":119963,"n":"Pavés de saumon de Norvège ASC L'Atelier Poissonnerie x2 250g","p":5.99,"u":"23,96 €/KG","img":"https://fd5-photos.leclercdrive.fr/image.ashx?id=2340590&use=l&cat=p&typeid=i","cat":284342},{"id":119964,"n":"Pavé de saumon ASC L'Atelier Poissonnerie x6 -750g","p":16.45,"u":"21,93 €/KG","img":"https://fd5-photos.leclercdrive.fr/image.ashx?id=2349929&use=l&cat=p&typeid=i","cat":284342},{"id":119965,"n":"Pavés de saumon ASC Norvège L'Atelier Poissonnerie x4 -500g","p":10.99,"u":"21,98 €/KG","img":"https://fd5-photos.leclercdrive.fr/image.ashx?id=2349926&use=l&cat=p&typeid=i","cat":284342},{"id":119967,"n":"Pavés de saumon LR Ecosse L'Atelier Poissonnerie x2 -250g","p":8.99,"u":"35,96 €/KG","img":"https://fd5-photos.leclercdrive.fr/image.ashx?id=2349923&use=l&cat=p&typeid=i","cat":284342},{"id":120119,"n":"Betterave crue Chioggia 1p","p":0.7,"img":"https://fd5-photos.leclercdrive.fr/image.ashx?id=1872148&use=l&cat=p&typeid=i","cat":284352},{"id":120224,"n":"Cristaux de soude Clair 500g","p":1.93,"u":"3,86 €/KG","img":"https://fd5-photos.leclercdrive.fr/image.ashx?id=2822144&use=l&cat=p&typeid=i","cat":325365},{"id":120225,"n":"Percarbonate de sodium Clair 500g","p":2.99,"u":"5,98 €/KG","img":"https://fd5-photos.leclercdrive.fr/image.ashx?id=2822141&use=l&cat=p&typeid=i","cat":325365},{"id":120233,"n":"Céréales cruesli Quaker Mélange de noix - 450g","p":2.57,"u":"5,71 €/KG","img":"https://fd5-photos.leclercdrive.fr/image.ashx?id=2212147&use=l&cat=p&typeid=i","cat":309512},{"id":120253,"n":"Masque argile 2 en 1 Neutrogena Purifiant skin detox - 150ml","p":3.84,"u":"25,60 €/L","img":"https://fd5-photos.leclercdrive.fr/image.ashx?id=2180852&use=l&cat=p&typeid=i","cat":325346},{"id":120261,"n":"Lessive liquide Epsil Anti-transfert - 40 lavages 2L","p":5.99,"u":"3,00 €/L","img":"https://fd5-photos.leclercdrive.fr/image.ashx?id=2838936&use=l&cat=p&typeid=i","cat":284640},{"id":120266,"n":"Galettes de riz Tanoshi Vietnam x10 - 100g","p":3.04,"u":"3,04 €/KG","img":"https://fd5-photos.leclercdrive.fr/image.ashx?id=2999982&use=l&cat=p&typeid=i","cat":288992},{"id":120289,"n":"Capsules Nescafé Dolce Gusto Café au lait 30 capsules","p":7.73,"u":"25,77 €/KG","img":"https://fd5-photos.leclercdrive.fr/image.ashx?id=2849262&use=l&cat=p&typeid=i","cat":293239},{"id":120331,"n":"Eau gazeuse minérale Salvetat Pauvre en sodium - 6x1,15L","p":3.16,"u":"0,46 €/L","img":"https://fd5-photos.leclercdrive.fr/image.ashx?id=2578693&use=l&cat=p&typeid=i","cat":284536},{"id":120335,"n":"Eau gazeuse aromatisée Salvetat citron - 1,15L","p":1.09,"u":"0,95 €/L","img":"https://fd5-photos.leclercdrive.fr/image.ashx?id=2279753&use=l&cat=p&typeid=i","cat":284536},{"id":120348,"n":"Purée 4 mois Bio Village Pomme pruneaux bio - 4x100g","p":1.69,"u":"4,23 €/KG","img":"https://fd5-photos.leclercdrive.fr/image.ashx?id=2704837&use=l&cat=p&typeid=i","cat":312387},{"id":120349,"n":"Purée 4 mois Bio Village Pomme Abricot bio - 4x100g","p":1.89,"u":"4,73 €/KG","img":"https://fd5-photos.leclercdrive.fr/image.ashx?id=2704690&use=l&cat=p&typeid=i","cat":312387},{"id":120350,"n":"Purée 4 mois Bio Village Pomme coing bio - 4x100g","p":1.79,"u":"4,48 €/KG","img":"https://fd5-photos.leclercdrive.fr/image.ashx?id=2704840&use=l&cat=p&typeid=i","cat":312387},{"id":120351,"n":"Purée 4 mois Bio Village Pomme myrtilles bio - 4x100g","p":1.99,"u":"4,98 €/KG","img":"https://fd5-photos.leclercdrive.fr/image.ashx?id=2704843&use=l&cat=p&typeid=i","cat":312387},{"id":120401,"n":"Boisson aux fruits Oasis Tropical - 4x2L","p":9.89,"u":"1,24 €/L","img":"https://fd5-photos.leclercdrive.fr/image.ashx?id=3011089&use=l&cat=p&typeid=i","cat":295018},{"id":120402,"n":"Nettoyant multi surface Romarin L'Arbre vert - 1L","p":1.9,"u":"1,90 €/L","img":"https://fd5-photos.leclercdrive.fr/image.ashx?id=2948063&use=l&cat=p&typeid=i","cat":325357},{"id":120403,"n":"Adoucissant L'Arbre Vert Souffle de pureté x53 - 800ml","p":2.68,"u":"3,35 €/L","img":"https://fd5-photos.leclercdrive.fr/image.ashx?id=3001386&use=l&cat=p&typeid=i","cat":284650},{"id":120426,"n":"Protège slip écolo Uni vert Normal - x30","p":2.12,"u":"0,07 €/P","img":"https://fd5-photos.leclercdrive.fr/image.ashx?id=2799787&use=l&cat=p&typeid=i","cat":284625},{"id":120428,"n":"Serviette ecolo Uni Vert Normal - x14","p":1.79,"u":"0,13 €/P","img":"https://fd5-photos.leclercdrive.fr/image.ashx?id=2831589&use=l&cat=p&typeid=i","cat":284624},{"id":120429,"n":"Serviette écolo Uni vert Super+ - x12","p":1.55,"u":"0,13 €/P","img":"https://fd5-photos.leclercdrive.fr/image.ashx?id=2820445&use=l&cat=p&typeid=i","cat":284624},{"id":120430,"n":"Serviette écolo Uni Vert Nuit + - x10","p":1.79,"u":"0,18 €/P","img":"https://fd5-photos.leclercdrive.fr/image.ashx?id=2806780&use=l&cat=p&typeid=i","cat":284624},{"id":120485,"n":"Mascara Volume L'Oréal Paris Millions de Cils Extra Black","p":10.79,"pp":7.12,"img":"https://fd5-photos.leclercdrive.fr/image.ashx?id=2419170&use=l&cat=p&typeid=i","cat":287029},{"id":120488,"n":"Riz parfumé Comptoir du Grain Basmati -1kg","p":2.48,"u":"2,48 €/KG","img":"https://fd5-photos.leclercdrive.fr/image.ashx?id=2923399&use=l&cat=p&typeid=i","cat":284428},{"id":120491,"n":"Pain de mie extra moelleux Epi d'or - 280g","p":0.7,"u":"2,50 €/KG","img":"https://fd5-photos.leclercdrive.fr/image.ashx?id=2992555&use=l&cat=p&typeid=i","cat":284477},{"id":120492,"n":"Céréales fourrées P'tit Déli Chocolat noisette - 450g","p":2.19,"u":"4,87 €/KG","img":"https://fd5-photos.leclercdrive.fr/image.ashx?id=2819636&use=l&cat=p&typeid=i","cat":309513},{"id":120505,"n":"Mascara Waterproof L'OréalParis Millions de Cils Noir","p":13.9,"u":"514,81 €/KG","img":"https://fd5-photos.leclercdrive.fr/image.ashx?id=2278076&use=l&cat=p&typeid=i","cat":287029},{"id":120512,"n":"Fond de Teint L'Oréal Paris Accord Parfait 4.N Beige","p":13.62,"img":"https://fd5-photos.leclercdrive.fr/image.ashx?id=2937352&use=l&cat=p&typeid=i","cat":287029},{"id":120519,"n":"Correcteur anticerne Maybelline Instant Anti-Age 02 Beige Nu","p":10.31,"img":"https://fd5-photos.leclercdrive.fr/image.ashx?id=2423172&use=l&cat=p&typeid=i","cat":287029},{"id":120520,"n":"Mascara Maybelline  Cils Sensational Extra-noir","p":7.72,"img":"https://fd5-photos.leclercdrive.fr/image.ashx?id=2377784&use=l&cat=p&typeid=i","cat":287029},{"id":120548,"n":"CD : Brigitte Fontaine Album : Terre neuve","p":6.99,"img":"https://fd5-photos.leclercdrive.fr/image.ashx?id=1871743&use=l&cat=p&typeid=i","cat":300554},{"id":120582,"n":"Oeufs Bio Corsoeuf x10","p":6.35,"u":"0,64 €/P","img":"https://fd5-photos.leclercdrive.fr/image.ashx?id=2039722&use=l&cat=p&typeid=i","cat":284378},{"id":120586,"n":"Wraps Poco Loco  Blé maïs - 380g","p":2.55,"u":"6,71 €/KG","img":"https://fd5-photos.leclercdrive.fr/image.ashx?id=1874447&use=l&cat=p&typeid=i","cat":288993},{"id":120587,"n":"Friandise pour chat Dentalife Saumon - 40g","p":1.54,"u":"38,50 €/KG","img":"https://fd5-photos.leclercdrive.fr/image.ashx?id=2468638&use=l&cat=p&typeid=i","cat":285285},{"id":120601,"n":"Fromage à tartiner Boursin Trio de Noix - 150g","p":2.74,"u":"18,27 €/P","img":"https://fd5-photos.leclercdrive.fr/image.ashx?id=2964434&use=l&cat=p&typeid=i","cat":314029},{"id":120660,"n":"Purée 4 mois Bio Village Fruits verger bio - 4x100g","p":1.89,"u":"4,73 €/KG","img":"https://fd5-photos.leclercdrive.fr/image.ashx?id=2704846&use=l&cat=p&typeid=i","cat":312387},{"id":120661,"n":"Purée 4 mois Bio Village Pomme Fraise Banane bio -4x100g","p":1.69,"u":"4,23 €/KG","img":"https://fd5-photos.leclercdrive.fr/image.ashx?id=2704849&use=l&cat=p&typeid=i","cat":312387},{"id":120663,"n":"Purée 6 mois Bio Village Pomme carotte mangue bio-4x100g","p":1.79,"u":"4,48 €/KG","img":"https://fd5-photos.leclercdrive.fr/image.ashx?id=2704852&use=l&cat=p&typeid=i","cat":312388},{"id":120665,"n":"Purée 6 mois Bio Village Pomme Biscuit bio - 4x100g","p":1.79,"u":"4,48 €/KG","img":"https://fd5-photos.leclercdrive.fr/image.ashx?id=2704855&use=l&cat=p&typeid=i","cat":312388},{"id":120669,"n":"Assiette 18 mois Bio Village Blanquette dinde bio - 260g","p":1.89,"u":"7,27 €/KG","img":"https://fd5-photos.leclercdrive.fr/image.ashx?id=2900229&use=l&cat=p&typeid=i","cat":312238},{"id":120676,"n":"Shampooing Arbre Vert Peaux sensibles - 250ml","p":2.25,"u":"9,00 €/L","img":"https://fd5-photos.leclercdrive.fr/image.ashx?id=2175909&use=l&cat=p&typeid=i","cat":284606},{"id":120679,"n":"Petits pots bébé P'TIT SOUPER Petits pois pâtes 12M+ - 2x200g","p":1.71,"u":"4,28 €/KG","img":"https://fd5-photos.leclercdrive.fr/image.ashx?id=2526517&use=l&cat=p&typeid=i","cat":312239},{"id":120681,"n":"Petits pots bébé P'TIT SOUPER Légumes Pâtes 8M+ - 2x200g","p":1.93,"u":"4,83 €/KG","img":"https://fd5-photos.leclercdrive.fr/image.ashx?id=2526520&use=l&cat=p&typeid=i","cat":312239},{"id":120683,"n":"Petits pots bébé P'TITE RECETTE Bœuf bourguignon 12M+ - 2x200g","p":1.93,"u":"4,83 €/KG","img":"https://fd5-photos.leclercdrive.fr/image.ashx?id=2525714&use=l&cat=p&typeid=i","cat":312237},{"id":120688,"n":"Gel douche argan So Bio Etic Nutrition bio - 650ml","p":6.68,"u":"10,28 €/L","img":"https://fd5-photos.leclercdrive.fr/image.ashx?id=2891583&use=l&cat=p&typeid=i","cat":284594},{"id":120690,"n":"Shampoing Nateïs Cheveux fragiles - 250ml","p":1.27,"u":"5,08 €/L","img":"https://fd5-photos.leclercdrive.fr/image.ashx?id=1889803&use=l&cat=p&typeid=i","cat":284606},{"id":120691,"n":"Après-shampoing Nateïs Cheveux fragiles - 250ml","p":1.35,"u":"5,40 €/L","img":"https://fd5-photos.leclercdrive.fr/image.ashx?id=2626844&use=l&cat=p&typeid=i","cat":284607},{"id":120692,"n":"Pur jus d'orange Bio Village Bio - 2L","p":4.75,"u":"2,38 €/L","img":"https://fd5-photos.leclercdrive.fr/image.ashx?id=2751922&use=l&cat=p&typeid=i","cat":284521},{"id":120694,"n":"Jus de pomme bio Bio Village 1L","p":1.29,"u":"1,29 €/L","img":"https://fd5-photos.leclercdrive.fr/image.ashx?id=2958783&use=l&cat=p&typeid=i","cat":284522},{"id":120720,"n":"Spaghetti Garofalo 500g","p":1.89,"u":"3,78 €/KG","img":"https://fd5-photos.leclercdrive.fr/image.ashx?id=2111496&use=l&cat=p&typeid=i","cat":284427},{"id":120731,"n":"IGP Pâtes conchiglioni Garofalo 500g","p":2.83,"u":"5,66 €/KG","img":"https://fd5-photos.leclercdrive.fr/image.ashx?id=3009161&use=l&cat=p&typeid=i","cat":284427},{"id":120741,"n":"Jus d'orange Bio Village Bio A base de concentré - 1L","p":2.19,"u":"2,19 €/L","img":"https://fd5-photos.leclercdrive.fr/image.ashx?id=2958777&use=l&cat=p&typeid=i","cat":284521},{"id":120744,"n":"Barre de céréales Nature Valley Sweet & Salty cacahuète x5-150g","p":2.62,"u":"17,47 €/KG","img":"https://fd5-photos.leclercdrive.fr/image.ashx?id=2737711&use=l&cat=p&typeid=i","cat":285869},{"id":120797,"n":"Cubes de filets de poulet Volandrie - 450g","p":5.09,"u":"11,31 €/KG","img":"https://fd5-photos.leclercdrive.fr/image.ashx?id=2647901&use=l&cat=p&typeid=i","cat":284336},{"id":120798,"n":"Filet de poulet jaune Volandrie Extra tendre - 300g","p":3.8,"pp":3.04,"u":"10,13 €/KG","img":"https://fd5-photos.leclercdrive.fr/image.ashx?id=2714894&use=l&cat=p&typeid=i","cat":284336},{"id":120799,"n":"Filet de poulet jaune Volandrie 300g","p":3.69,"u":"12,30 €/KG","img":"https://fd5-photos.leclercdrive.fr/image.ashx?id=2647910&use=l&cat=p&typeid=i","cat":284336},{"id":120800,"n":"Filet de poulet blanc Volandrie Extra tendre - 300g","p":3.8,"u":"12,67 €/KG","img":"https://fd5-photos.leclercdrive.fr/image.ashx?id=2647904&use=l&cat=p&typeid=i","cat":284336},{"id":120801,"n":"Filets poulet blanc Volandrie 300g","p":3.69,"u":"12,30 €/KG","img":"https://fd5-photos.leclercdrive.fr/image.ashx?id=2647907&use=l&cat=p&typeid=i","cat":284336},{"id":120822,"n":"Tablette de chocolat noir Lindt Croquant Noisette - 150g","p":4.46,"u":"29,73 €/KG","img":"https://fd5-photos.leclercdrive.fr/image.ashx?id=1877963&use=l&cat=p&typeid=i","cat":284956},{"id":120823,"n":"Tablette de chocolat noir Lindt Excellence Figue intense - 100g","p":3.06,"u":"30,60 €/KG","img":"https://fd5-photos.leclercdrive.fr/image.ashx?id=2209206&use=l&cat=p&typeid=i","cat":284956},{"id":120827,"n":"Bonbon Surfizz XL Lutti 200g","p":2.06,"u":"10,30 €/KG","img":"https://fd5-photos.leclercdrive.fr/image.ashx?id=2964840&use=l&cat=p&typeid=i","cat":304250},{"id":120829,"n":"Poêle 28cm Easy Cook'n Clean Tous feux sauf induction","p":19.9,"img":"https://fd5-photos.leclercdrive.fr/image.ashx?id=2531859&use=l&cat=p&typeid=i","cat":298490},{"id":120832,"n":"Casserole Easy Cook'n Clean 20cm Tous feux sauf induction","p":16.9,"img":"https://fd5-photos.leclercdrive.fr/image.ashx?id=2606921&use=l&cat=p&typeid=i","cat":298490},{"id":120843,"n":"Chicorée Soluble Ricoré  Aux Céréales - 250g","p":4.36,"u":"17,44 €/KG","img":"https://fd5-photos.leclercdrive.fr/image.ashx?id=2979611&use=l&cat=p&typeid=i","cat":284843},{"id":120847,"n":"Bonbon colabizz Lutti Acidulé goût cola - 275g","p":2.01,"u":"7,31 €/KG","img":"https://fd5-photos.leclercdrive.fr/image.ashx?id=2551042&use=l&cat=p&typeid=i","cat":304250},{"id":120851,"n":"Réglisse Lutti O'Tablo Rafraichissante - 200g","p":1.28,"u":"6,40 €/KG","img":"https://fd5-photos.leclercdrive.fr/image.ashx?id=2817425&use=l&cat=p&typeid=i","cat":304250},{"id":120853,"n":"Bonbons Lutti Scoubifizz Piquants Fruits - 180g","p":1.57,"u":"8,72 €/KG","img":"https://fd5-photos.leclercdrive.fr/image.ashx?id=2964837&use=l&cat=p&typeid=i","cat":304250},{"id":120855,"n":"Bonbons Lutti Filitubs xl Piquants - 180g","p":2.05,"u":"11,39 €/KG","img":"https://fd5-photos.leclercdrive.fr/image.ashx?id=2817440&use=l&cat=p&typeid=i","cat":304250},{"id":120856,"n":"Bonbon guimauve Lutti Koala - 185g","p":1.56,"u":"8,43 €/KG","img":"https://fd5-photos.leclercdrive.fr/image.ashx?id=2817443&use=l&cat=p&typeid=i","cat":304250},{"id":120857,"n":"Bonbons Carambar Mini Fête Assortiment - 326g","p":2.68,"u":"8,22 €/KG","img":"https://fd5-photos.leclercdrive.fr/image.ashx?id=2972035&use=l&cat=p&typeid=i","cat":304250},{"id":120859,"n":"Goms saveurs Lpqc 265g","p":2.34,"u":"8,83 €/KG","img":"https://fd5-photos.leclercdrive.fr/image.ashx?id=2844957&use=l&cat=p&typeid=i","cat":304250},{"id":120864,"n":"Bonbons Lutti Flexifizz Piquants Fraise - 225g","p":1.73,"u":"7,69 €/KG","img":"https://fd5-photos.leclercdrive.fr/image.ashx?id=2806396&use=l&cat=p&typeid=i","cat":304250},{"id":120865,"n":"Poudre chocolatée NESQUIK Sticks  - 12x13.5g","p":3.0,"u":"18,52 €/KG","img":"https://fd5-photos.leclercdrive.fr/image.ashx?id=3005302&use=l&cat=p&typeid=i","cat":293235},{"id":120869,"n":"Poudre d'amande Bio Village Doypack bio - 100g","p":2.5,"u":"25,00 €/KG","img":"https://fd5-photos.leclercdrive.fr/image.ashx?id=1873546&use=l&cat=p&typeid=i","cat":284504},{"id":120872,"n":"Pépites chocolat Bio Village Bio - 100g","p":2.22,"u":"22,20 €/KG","img":"https://fd5-photos.leclercdrive.fr/image.ashx?id=2590544&use=l&cat=p&typeid=i","cat":284504},{"id":120890,"n":"Chiffonnade de chorizo 80g","p":3.66,"u":"45,75 €/KG","img":"https://fd5-photos.leclercdrive.fr/image.ashx?id=2484389&use=l&cat=p&typeid=i","cat":316006},{"id":120891,"n":"Chiffonnade de Serrano 80g","p":4.16,"u":"52,00 €/KG","img":"https://fd5-photos.leclercdrive.fr/image.ashx?id=2484392&use=l&cat=p&typeid=i","cat":316007},{"id":120906,"n":"Crevette cuite 60/80 Equat ASC L'Atelier Poissonnerie - 500g","p":6.55,"u":"13,10 €/KG","img":"https://fd5-photos.leclercdrive.fr/image.ashx?id=2652116&use=l&cat=p&typeid=i","cat":284343},{"id":120940,"n":"Solution micellaire Bioderma ABCDerm H2O - 1L","p":9.99,"u":"9,99 €/L","img":"https://fd5-photos.leclercdrive.fr/image.ashx?id=2956514&use=l&cat=p&typeid=i","cat":290425},{"id":121028,"n":"Crème mains réparatrice Mixa Zones Fragilisées - 50ml","p":6.56,"u":"131,20 €/L","img":"https://fd5-photos.leclercdrive.fr/image.ashx?id=2335919&use=l&cat=p&typeid=i","cat":325350},{"id":121119,"n":"Canistrelli d'Afa Clémentines - 350g","p":3.5,"u":"10,00 €/KG","img":"https://fd5-photos.leclercdrive.fr/image.ashx?id=1877090&use=l&cat=p&typeid=i","cat":284487},{"id":121120,"n":"Canistrelli d'Afa Nature - 350g","p":3.82,"u":"10,91 €/KG","img":"https://fd5-photos.leclercdrive.fr/image.ashx?id=2021610&use=l&cat=p&typeid=i","cat":284487},{"id":121123,"n":"Canistrelli d'Afa Vin blanc AOC - 350g","p":4.12,"u":"11,77 €/KG","img":"https://fd5-photos.leclercdrive.fr/image.ashx?id=2479808&use=l&cat=p&typeid=i","cat":284487},{"id":121125,"n":"Canistrelli d'Afa Amandes - 350g","p":3.5,"u":"10,00 €/KG","img":"https://fd5-photos.leclercdrive.fr/image.ashx?id=2454202&use=l&cat=p&typeid=i","cat":284487},{"id":121127,"n":"Canistrelli d'Afa Citron - 350g","p":4.14,"u":"11,83 €/KG","img":"https://fd5-photos.leclercdrive.fr/image.ashx?id=2453460&use=l&cat=p&typeid=i","cat":284487},{"id":121128,"n":"Canistrelli d'Afa Assortiment - 350g","p":3.9,"u":"11,14 €/KG","img":"https://fd5-photos.leclercdrive.fr/image.ashx?id=2453466&use=l&cat=p&typeid=i","cat":284487},{"id":121130,"n":"Canistrelli d'Afa Chocolat - 350g","p":3.5,"u":"10,00 €/KG","img":"https://fd5-photos.leclercdrive.fr/image.ashx?id=2453463&use=l&cat=p&typeid=i","cat":284487},{"id":121131,"n":"Canistrelli d'Afa Chataignes - 350g","p":3.81,"u":"10,89 €/KG","img":"https://fd5-photos.leclercdrive.fr/image.ashx?id=2453457&use=l&cat=p&typeid=i","cat":284487},{"id":121132,"n":"Canistrelli d'Afa Anis - 350g","p":3.98,"u":"11,37 €/KG","img":"https://fd5-photos.leclercdrive.fr/image.ashx?id=1877078&use=l&cat=p&typeid=i","cat":284487},{"id":121134,"n":"Canistrelli d'Afa Nature - 1 kg","p":8.63,"u":"8,63 €/KG","img":"https://fd5-photos.leclercdrive.fr/image.ashx?id=1887996&use=l&cat=p&typeid=i","cat":284487},{"id":121157,"n":"Foie gras de canard Delpeyrat Entier - 270g","p":46.43,"u":"171,96 €/KG","img":"https://fd5-photos.leclercdrive.fr/image.ashx?id=2906082&use=l&cat=p&typeid=i","cat":316008},{"id":121176,"n":"Sachet d'amandes décortiquées Holyfruits - 500g","p":7.07,"u":"14,14 €/KG","img":"https://fd5-photos.leclercdrive.fr/image.ashx?id=2620341&use=l&cat=p&typeid=i","cat":284357},{"id":121188,"n":"Tablette de chocolat noir Lindt Eclat Orange - 70% - 100g","p":3.3,"u":"33,00 €/KG","img":"https://fd5-photos.leclercdrive.fr/image.ashx?id=2209215&use=l&cat=p&typeid=i","cat":284956},{"id":121235,"n":"Pandoro beurre La Fornareta 750g","p":7.62,"u":"10,16 €/KG","img":"https://fd5-photos.leclercdrive.fr/image.ashx?id=1879780&use=l&cat=p&typeid=i","cat":289010},{"id":121237,"n":"Compotes Pom'Potes Gourdes  5 Fruits Rouges - 4x90g","p":2.43,"u":"6,75 €/KG","img":"https://fd5-photos.leclercdrive.fr/image.ashx?id=3010885&use=l&cat=p&typeid=i","cat":284508},{"id":121241,"n":"Pizza 5 formaggi Turini 380g","p":3.19,"u":"8,39 €/KG","img":"https://fd5-photos.leclercdrive.fr/image.ashx?id=2888950&use=l&cat=p&typeid=i","cat":333679},{"id":121242,"n":"Pizza Turini Prosciutto - 400g","p":2.89,"u":"7,23 €/KG","img":"https://fd5-photos.leclercdrive.fr/image.ashx?id=2619740&use=l&cat=p&typeid=i","cat":333679},{"id":121243,"n":"Pizza Speck Turini 380g","p":2.99,"u":"7,87 €/KG","img":"https://fd5-photos.leclercdrive.fr/image.ashx?id=2888956&use=l&cat=p&typeid=i","cat":333679},{"id":121265,"n":"Chocolat en poudre Poulain 1848 Boîte - 450g","p":4.13,"u":"9,18 €/KG","img":"https://fd5-photos.leclercdrive.fr/image.ashx?id=2867122&use=l&cat=p&typeid=i","cat":293235},{"id":121268,"n":"Miel d'acacia Lune de miel 500g","p":6.36,"u":"12,72 €/KG","img":"https://fd5-photos.leclercdrive.fr/image.ashx?id=3004837&use=l&cat=p&typeid=i","cat":287643},{"id":121270,"n":"Miel de fleurs liquide 500g","p":5.08,"u":"10,16 €/KG","img":"https://fd5-photos.leclercdrive.fr/image.ashx?id=2315910&use=l&cat=p&typeid=i","cat":287643},{"id":121271,"n":"Miel l'Apiculteur crémeux  et onctueux - 1kg","p":11.8,"u":"11,80 €/KG","img":"https://fd5-photos.leclercdrive.fr/image.ashx?id=2838253&use=l&cat=p&typeid=i","cat":287643},{"id":121272,"n":"Miel d'acacia Lune de Miel 375g","p":4.35,"u":"11,60 €/KG","img":"https://fd5-photos.leclercdrive.fr/image.ashx?id=2984865&use=l&cat=p&typeid=i","cat":287643},{"id":121274,"n":"Compotes Pom'Potes Gourdes  Pomme Fraise - 4x90g","p":2.05,"u":"5,69 €/KG","img":"https://fd5-photos.leclercdrive.fr/image.ashx?id=3010897&use=l&cat=p&typeid=i","cat":284508},{"id":121276,"n":"Compotes Pom'Potes Gourdes BIO  Pomme Nature - 4x90g","p":2.5,"u":"6,94 €/KG","img":"https://fd5-photos.leclercdrive.fr/image.ashx?id=2949814&use=l&cat=p&typeid=i","cat":284508},{"id":121315,"n":"Haché Happy Family Charal 20x80g - 1,6kg","p":18.13,"u":"11,33 €/KG","img":"https://fd5-photos.leclercdrive.fr/image.ashx?id=2739776&use=l&cat=p&typeid=i","cat":319778},{"id":121356,"n":"Dentifrice Original Parodontax Complete protect - 75ml","p":5.24,"u":"69,87 €/L","img":"https://fd5-photos.leclercdrive.fr/image.ashx?id=2546749&use=l&cat=p&typeid=i","cat":284612},{"id":121358,"n":"Dentifrice Blancheur Parodontax Complete protect - 75ml","p":5.42,"u":"72,27 €/L","img":"https://fd5-photos.leclercdrive.fr/image.ashx?id=2896393&use=l&cat=p&typeid=i","cat":284612},{"id":121387,"n":"Lingettes Mots d'Enfants Toilettes bio - x60","p":2.17,"u":"0,04 €/P","img":"https://fd5-photos.leclercdrive.fr/image.ashx?id=2856579&use=l&cat=p&typeid=i","cat":284738},{"id":121388,"n":"Sacs poubelle 20L Elembal Poignées coulissantes - x20","p":2.05,"u":"0,10 €/P","img":"https://fd5-photos.leclercdrive.fr/image.ashx?id=2958753&use=l&cat=p&typeid=i","cat":285168},{"id":121438,"n":"Sérum repulpant L'Oréal Paris Revitalift Anti-rides - 30ml","p":17.93,"u":"597,67 €/L","img":"https://fd5-photos.leclercdrive.fr/image.ashx?id=2926584&use=l&cat=p&typeid=i","cat":325345},{"id":121444,"n":"Délices soufflés Quenelles Emmental de Savoie - 4x100g","p":3.02,"u":"7,55 €/KG","img":"https://fd5-photos.leclercdrive.fr/image.ashx?id=2842645&use=l&cat=p&typeid=i","cat":333682},{"id":121446,"n":"Peaches Haribo  Sachet bonbons - 250g","p":2.21,"u":"8,84 €/KG","img":"https://fd5-photos.leclercdrive.fr/image.ashx?id=2984925&use=l&cat=p&typeid=i","cat":304250},{"id":121447,"n":"Flanbolo Haribo Sachet bonbons - 200g","p":1.99,"u":"9,95 €/KG","img":"https://fd5-photos.leclercdrive.fr/image.ashx?id=2806117&use=l&cat=p&typeid=i","cat":304250},{"id":121492,"n":"Mini shampooing voyage Nateïs Tilleul Pomme - 100ml","p":1.09,"u":"10,90 €/L","img":"https://fd5-photos.leclercdrive.fr/image.ashx?id=2626841&use=l&cat=p&typeid=i","cat":284606},{"id":121493,"n":"Gel nettoyant Syphon Javel canalisation - 1L","p":2.98,"u":"2,98 €/L","img":"https://fd5-photos.leclercdrive.fr/image.ashx?id=2917659&use=l&cat=p&typeid=i","cat":284908},{"id":121551,"n":"Crêpière Tefal Easy Cook'n Clean 25cm","p":13.9,"img":"https://fd5-photos.leclercdrive.fr/image.ashx?id=1882055&use=l&cat=p&typeid=i","cat":298490},{"id":121567,"n":"Cahier 48 pages Seyes Esquisse Bleu - 24x32cm","p":1.19,"img":"https://fd5-photos.leclercdrive.fr/image.ashx?id=1931673&use=l&cat=p&typeid=i","cat":284697},{"id":121568,"n":"Cahier 48 pages Seyes Esquisse Bleu - 17x22cm","p":0.69,"img":"https://fd5-photos.leclercdrive.fr/image.ashx?id=1931682&use=l&cat=p&typeid=i","cat":284697},{"id":121569,"n":"Cahier 48 pages Seyes Esquisse Jaune - 17x22cm","p":0.69,"img":"https://fd5-photos.leclercdrive.fr/image.ashx?id=1931658&use=l&cat=p&typeid=i","cat":284697},{"id":121570,"n":"Cahier 48 pages Seyes Esquisse Rouge - 17x22cm","p":0.69,"img":"https://fd5-photos.leclercdrive.fr/image.ashx?id=1931655&use=l&cat=p&typeid=i","cat":284697},{"id":121571,"n":"Cahier 48 pages Seyes Esquisse Vert - 17x22cm","p":0.69,"img":"https://fd5-photos.leclercdrive.fr/image.ashx?id=1931778&use=l&cat=p&typeid=i","cat":284697},{"id":121572,"n":"Cahier 48 pages Seyes Esquisse Jaune - 24x32cm","p":1.19,"img":"https://fd5-photos.leclercdrive.fr/image.ashx?id=1931664&use=l&cat=p&typeid=i","cat":284697},{"id":121573,"n":"Cahier 48 pages Seyes Esquisse Bleu - 24x32cm Polypropylène","p":1.29,"img":"https://fd5-photos.leclercdrive.fr/image.ashx?id=1931679&use=l&cat=p&typeid=i","cat":284697},{"id":121574,"n":"Cahier 48 pages Seyes Esquisse Jaune - 24x32cm Polypropylène","p":1.29,"img":"https://fd5-photos.leclercdrive.fr/image.ashx?id=1931688&use=l&cat=p&typeid=i","cat":284697},{"id":121575,"n":"Cahier 48 pages Seyes Esquisse Rouge - 24x32cm Polypropylène","p":1.29,"img":"https://fd5-photos.leclercdrive.fr/image.ashx?id=1931685&use=l&cat=p&typeid=i","cat":284697},{"id":121576,"n":"Cahier 48 pages Seyes Esquisse Vert - 24x32cm Polypropylène","p":1.29,"img":"https://fd5-photos.leclercdrive.fr/image.ashx?id=1938516&use=l&cat=p&typeid=i","cat":284697},{"id":121577,"n":"Cahier 48 pages Seyes Esquisse Rouge - 24x32cm","p":1.19,"img":"https://fd5-photos.leclercdrive.fr/image.ashx?id=1931676&use=l&cat=p&typeid=i","cat":284697},{"id":121578,"n":"Cahier 48 pages Seyes Esquisse Vert - 24x32cm","p":1.19,"img":"https://fd5-photos.leclercdrive.fr/image.ashx?id=1931784&use=l&cat=p&typeid=i","cat":284697},{"id":121579,"n":"Cahier 96 pages 5x5 Esquisse Bleu - 24x32cm","p":1.39,"img":"https://fd5-photos.leclercdrive.fr/image.ashx?id=1931724&use=l&cat=p&typeid=i","cat":284697},{"id":121580,"n":"Cahier 96 pages Seyes Esquisse Bleu - 17x22cm","p":0.79,"img":"https://fd5-photos.leclercdrive.fr/image.ashx?id=1931739&use=l&cat=p&typeid=i","cat":284697},{"id":121581,"n":"Cahier 96 pages Seyes Esquisse Vert - 17x22cm Polypropylène","p":0.89,"img":"https://fd5-photos.leclercdrive.fr/image.ashx?id=1931763&use=l&cat=p&typeid=i","cat":284697},{"id":121582,"n":"Cahier 96 pages 5x5 Esquisse Bleu - 21x29.7cm","p":1.1,"img":"https://fd5-photos.leclercdrive.fr/image.ashx?id=1931697&use=l&cat=p&typeid=i","cat":284697},{"id":121583,"n":"Cahier 96 pages 5x5 Esquisse Jaune - 24x32cm","p":1.39,"img":"https://fd5-photos.leclercdrive.fr/image.ashx?id=1931712&use=l&cat=p&typeid=i","cat":284697},{"id":121584,"n":"Cahier 96 pages 5x5 Esquisse Jaune - 21x29.7cm","p":1.1,"img":"https://fd5-photos.leclercdrive.fr/image.ashx?id=1931691&use=l&cat=p&typeid=i","cat":284697},{"id":121585,"n":"Cahier 96 pages 5x5 Esquisse Rouge - 24x32cm","p":1.39,"img":"https://fd5-photos.leclercdrive.fr/image.ashx?id=1931718&use=l&cat=p&typeid=i","cat":284697},{"id":121586,"n":"Cahier 96 pages 5x5 Esquisse Rouge - 21x29.7cm","p":1.1,"img":"https://fd5-photos.leclercdrive.fr/image.ashx?id=1931694&use=l&cat=p&typeid=i","cat":284697},{"id":121588,"n":"Cahier 96 pages 5x5 Esquisse Vert - 24x32cm","p":1.39,"img":"https://fd5-photos.leclercdrive.fr/image.ashx?id=1931766&use=l&cat=p&typeid=i","cat":284697},{"id":121590,"n":"Cahier 96 pages 5x5 Esquisse Vert - 21x29.7cm","p":1.1,"img":"https://fd5-photos.leclercdrive.fr/image.ashx?id=1931775&use=l&cat=p&typeid=i","cat":284697},{"id":121591,"n":"Cahier 96 pages 5x5 Esquisse Bleu - 24x32cm","p":1.49,"img":"https://fd5-photos.leclercdrive.fr/image.ashx?id=1931709&use=l&cat=p&typeid=i","cat":284697},{"id":121596,"n":"Cahier 96 pages 5x5 Esquisse Vert - 24x32cm Polypropylène","p":1.49,"img":"https://fd5-photos.leclercdrive.fr/image.ashx?id=1931772&use=l&cat=p&typeid=i","cat":284697},{"id":121598,"n":"Cahier 96 pages Seyes Esquisse Bleu - 24x32cm","p":1.39,"img":"https://fd5-photos.leclercdrive.fr/image.ashx?id=1931721&use=l&cat=p&typeid=i","cat":284697},{"id":121599,"n":"Cahier 96 pages Seyes Esquisse Bleu - 21x29.7cm Polypropylène","p":1.29,"img":"https://fd5-photos.leclercdrive.fr/image.ashx?id=1931706&use=l&cat=p&typeid=i","cat":284697},{"id":121605,"n":"Cahier 96 pages Seyes Esquisse Bleu - 21x29.7cm","p":1.1,"img":"https://fd5-photos.leclercdrive.fr/image.ashx?id=1931661&use=l&cat=p&typeid=i","cat":284697},{"id":121612,"n":"Cahier 96 pages Seyes Esquisse Jaune - 24x32cm","p":1.39,"img":"https://fd5-photos.leclercdrive.fr/image.ashx?id=1931733&use=l&cat=p&typeid=i","cat":284697},{"id":121613,"n":"Cahier 96 pages Seyes Esquisse Jaune - 17x22cm","p":0.79,"img":"https://fd5-photos.leclercdrive.fr/image.ashx?id=1931742&use=l&cat=p&typeid=i","cat":284697},{"id":121614,"n":"Cahier 96 pages 5x5 Esquisse Jaune - 24x32cm Polypropylène","p":1.49,"img":"https://fd5-photos.leclercdrive.fr/image.ashx?id=1931700&use=l&cat=p&typeid=i","cat":284697},{"id":121615,"n":"Cahier 96 pages Seyes Esquisse Jaune - 21x29.7cm","p":1.1,"img":"https://fd5-photos.leclercdrive.fr/image.ashx?id=1931670&use=l&cat=p&typeid=i","cat":284697},{"id":121616,"n":"Cahier 96 pages Seyes Esquisse Rouge - 17x22cm","p":0.79,"img":"https://fd5-photos.leclercdrive.fr/image.ashx?id=1931736&use=l&cat=p&typeid=i","cat":284697},{"id":121617,"n":"Cahier 96 pages Seyes Esquisse Rouge - 24x32cm","p":1.39,"img":"https://fd5-photos.leclercdrive.fr/image.ashx?id=1931727&use=l&cat=p&typeid=i","cat":284697},{"id":121618,"n":"Cahier 96 pages Seyes Esquisse Rouge - 21x29.7cm Polypropylène","p":1.29,"img":"https://fd5-photos.leclercdrive.fr/image.ashx?id=1931730&use=l&cat=p&typeid=i","cat":284697},{"id":121619,"n":"Cahier 96 pages Seyes Esquisse Rouge - 21x29.7cm","p":1.1,"img":"https://fd5-photos.leclercdrive.fr/image.ashx?id=1931667&use=l&cat=p&typeid=i","cat":284697},{"id":121620,"n":"Cahier 96 pages Seyes Esquisse Vert - 17x22cm","p":0.79,"img":"https://fd5-photos.leclercdrive.fr/image.ashx?id=1931760&use=l&cat=p&typeid=i","cat":284697},{"id":121621,"n":"Cahier 96 pages Seyes Esquisse Vert - 24x32cm","p":1.39,"img":"https://fd5-photos.leclercdrive.fr/image.ashx?id=1931757&use=l&cat=p&typeid=i","cat":284697},{"id":121622,"n":"Cahier 96 pages Seyes Esquisse Vert - 21x29.7cm","p":1.1,"img":"https://fd5-photos.leclercdrive.fr/image.ashx?id=1931781&use=l&cat=p&typeid=i","cat":284697},{"id":121624,"n":"Cahier 96 pages Seyes Esquisse Bleu - 17x22cm Polypropylène","p":0.89,"img":"https://fd5-photos.leclercdrive.fr/image.ashx?id=1931748&use=l&cat=p&typeid=i","cat":284697},{"id":121626,"n":"Cahier 96 pages Seyes Esquisse Jaune - 21x29.7cm Polypropylène","p":1.29,"img":"https://fd5-photos.leclercdrive.fr/image.ashx?id=1931715&use=l&cat=p&typeid=i","cat":284697},{"id":121627,"n":"Cahier 96 pages Seyes Esquisse Jaune - 17x22cm Polypropylène","p":0.89,"img":"https://fd5-photos.leclercdrive.fr/image.ashx?id=1931745&use=l&cat=p&typeid=i","cat":284697},{"id":121628,"n":"Cahier 96 pages Seyes Esquisse Jaune - 24x32cm Polypropylène","p":1.49,"img":"https://fd5-photos.leclercdrive.fr/image.ashx?id=1931646&use=l&cat=p&typeid=i","cat":284697},{"id":121629,"n":"Cahier 96 pages Seyes Esquisse Rouge - 17x22cm Polypropylène","p":0.89,"img":"https://fd5-photos.leclercdrive.fr/image.ashx?id=1931751&use=l&cat=p&typeid=i","cat":284697},{"id":121631,"n":"Cahier 96 pages Seyes Esquisse Vert - 21x29.7cm Polypropylène","p":1.29,"img":"https://fd5-photos.leclercdrive.fr/image.ashx?id=1931754&use=l&cat=p&typeid=i","cat":284697},{"id":121699,"n":"Farine semi-complète Bio Bio Village - 1kg","p":1.45,"u":"1,45 €/KG","img":"https://fd5-photos.leclercdrive.fr/image.ashx?id=2989745&use=l&cat=p&typeid=i","cat":284503},{"id":121730,"n":"Velouté gourmand  La Potagère carotte lentille - Bio - 2x30cl","p":2.78,"u":"4,63 €/L","img":"https://fd5-photos.leclercdrive.fr/image.ashx?id=1953110&use=l&cat=p&typeid=i","cat":284462},{"id":121771,"n":"Blu-ray : à couteaux tirés Comédie/Drame/Policier/Thriller","p":14.99,"img":"https://fd5-photos.leclercdrive.fr/image.ashx?id=1879501&use=l&cat=p&typeid=i","cat":300555},{"id":121777,"n":"Noix de cajou Tokapi Miel & sel - 125g","p":2.28,"u":"18,24 €/KG","img":"https://fd5-photos.leclercdrive.fr/image.ashx?id=2793899&use=l&cat=p&typeid=i","cat":284448},{"id":121847,"n":"CD : Alicia Keys Album : Alicia","p":14.99,"img":"https://fd5-photos.leclercdrive.fr/image.ashx?id=1879474&use=l&cat=p&typeid=i","cat":300554},{"id":121864,"n":"Thé Earl Grey Yaté x25- 45g","p":0.82,"u":"18,22 €/KG","img":"https://fd5-photos.leclercdrive.fr/image.ashx?id=2684748&use=l&cat=p&typeid=i","cat":293233},{"id":121878,"n":"Pâté aux pruneaux d'Agen Nos Régions Ont Du Talent -180g","p":1.99,"u":"11,06 €/KG","img":"https://fd5-photos.leclercdrive.fr/image.ashx?id=2560518&use=l&cat=p&typeid=i","cat":305149},{"id":121906,"n":"Pâte tartiner Canistrelli Sans huile de palme - 250g","p":4.5,"u":"18,00 €/KG","img":"https://fd5-photos.leclercdrive.fr/image.ashx?id=2021622&use=l&cat=p&typeid=i","cat":284481},{"id":121929,"n":"Vin rouge Cuvée Vignola","p":11.95,"u":"15,93 €/L","img":"https://fd5-photos.leclercdrive.fr/image.ashx?id=2061687&use=l&cat=p&typeid=i","cat":289556},{"id":121945,"n":"Vin rosé Cuvée Vignola","p":12.89,"u":"17,19 €/L","img":"https://fd5-photos.leclercdrive.fr/image.ashx?id=2062474&use=l&cat=p&typeid=i","cat":289558},{"id":121956,"n":"Vin blanc Clos Alivu","p":12.81,"u":"17,08 €/L","img":"https://fd5-photos.leclercdrive.fr/image.ashx?id=2061717&use=l&cat=p&typeid=i","cat":289557},{"id":121957,"n":"Vin blanc Cuvée Vignola","p":13.37,"u":"17,83 €/L","img":"https://fd5-photos.leclercdrive.fr/image.ashx?id=2061690&use=l&cat=p&typeid=i","cat":289557},{"id":121992,"n":"Secret de mousse La laitière Chocolat Lait et Blanc - 4x59 g","p":1.74,"u":"7,37 €/KG","img":"https://fd5-photos.leclercdrive.fr/image.ashx?id=2729782&use=l&cat=p&typeid=i","cat":284417},{"id":122013,"n":"Seau de popcorn Movies Pop Caramel - 350g","p":3.19,"u":"9,11 €/KG","img":"https://fd5-photos.leclercdrive.fr/image.ashx?id=2735764&use=l&cat=p&typeid=i","cat":304249},{"id":122040,"n":"Douche crème Le Petit Olivier Lait de karité - 750ml","p":4.31,"u":"5,75 €/L","img":"https://fd5-photos.leclercdrive.fr/image.ashx?id=2144851&use=l&cat=p&typeid=i","cat":284594},{"id":122057,"n":"Filet Poulet Fermier x2 La Nouvelle Agriculture - 280g","p":8.29,"u":"29,61 €/KG","img":"https://fd5-photos.leclercdrive.fr/image.ashx?id=2095938&use=l&cat=p&typeid=i","cat":284336},{"id":122059,"n":"Cuisse Poulet  La Nouvelle Agriculture x2-550g","p":7.08,"u":"12,87 €/KG","img":"https://fd5-photos.leclercdrive.fr/image.ashx?id=2095944&use=l&cat=p&typeid=i","cat":284336},{"id":122065,"n":"Biscuit pépite Nat&Vie Chocolat au lait - 200g","p":1.16,"u":"5,80 €/KG","img":"https://fd5-photos.leclercdrive.fr/image.ashx?id=1879927&use=l&cat=p&typeid=i","cat":318651},{"id":122074,"n":"Biscuit pavot Nat&Vie Citron - 200g","p":1.29,"u":"6,45 €/KG","img":"https://fd5-photos.leclercdrive.fr/image.ashx?id=1879930&use=l&cat=p&typeid=i","cat":318651},{"id":122089,"n":"Mini lunettes bio Bio Village  Fraise - 156g","p":1.99,"u":"12,76 €/KG","img":"https://fd5-photos.leclercdrive.fr/image.ashx?id=2353381&use=l&cat=p&typeid=i","cat":284489},{"id":122092,"n":"Goûter bio Bio Village Fourrage cacao - 185g","p":2.06,"u":"11,14 €/KG","img":"https://fd5-photos.leclercdrive.fr/image.ashx?id=1879942&use=l&cat=p&typeid=i","cat":284488},{"id":122094,"n":"Barre bio Bio village Chocolat coeur au lait - 125g","p":3.35,"u":"26,80 €/KG","img":"https://fd5-photos.leclercdrive.fr/image.ashx?id=2176095&use=l&cat=p&typeid=i","cat":284488},{"id":122099,"n":"Biscuit goûter Nat&Vie Aux raisins  - 200g","p":0.79,"u":"3,95 €/GK","img":"https://fd5-photos.leclercdrive.fr/image.ashx?id=1879972&use=l&cat=p&typeid=i","cat":318651},{"id":122100,"n":"Biscuit goûter Nat&Vie Aux pommes - 200g","p":1.06,"u":"5,30 €/KG","img":"https://fd5-photos.leclercdrive.fr/image.ashx?id=1879990&use=l&cat=p&typeid=i","cat":318651},{"id":122231,"n":"Jambon supérieur Bio Village découenné 4 Tranches bio - 140g","p":4.02,"u":"28,71 €/KG","img":"https://fd5-photos.leclercdrive.fr/image.ashx?id=2974876&use=l&cat=p&typeid=i","cat":316009},{"id":122344,"n":"Pots bébé soir bio Babybio Légumes riz - 8 mois - 2x200g","p":2.53,"u":"6,33 €/KG","img":"https://fd5-photos.leclercdrive.fr/image.ashx?id=2838314&use=l&cat=p&typeid=i","cat":312239},{"id":122346,"n":"Babybio Optima croissance 3 Bio 800g","p":14.95,"u":"18,69 €/KG","img":"https://fd5-photos.leclercdrive.fr/image.ashx?id=2944029&use=l&cat=p&typeid=i","cat":290219},{"id":122347,"n":"Lait Primea 2 Bio Babybio 800g","p":14.13,"u":"17,66 €/KG","img":"https://fd5-photos.leclercdrive.fr/image.ashx?id=2962824&use=l&cat=p&typeid=i","cat":284727},{"id":122348,"n":"Lait Primea 3 Bio Babybio 800g","p":13.06,"u":"16,33 €/KG","img":"https://fd5-photos.leclercdrive.fr/image.ashx?id=2944026&use=l&cat=p&typeid=i","cat":290219},{"id":122367,"n":"Sacs Congélation Zip Alfapac Petit Modèle - x30","p":1.97,"u":"0,07 €/P","img":"https://fd5-photos.leclercdrive.fr/image.ashx?id=2986335&use=l&cat=p&typeid=i","cat":334134},{"id":122372,"n":"Confiture de Figue Charles Antona - 350g","p":3.89,"u":"11,11 €/KG","img":"https://fd5-photos.leclercdrive.fr/image.ashx?id=1882544&use=l&cat=p&typeid=i","cat":284480},{"id":122373,"n":"Confiture Charles Antona Figue-noix - 350g","p":3.99,"u":"11,40 €/KG","img":"https://fd5-photos.leclercdrive.fr/image.ashx?id=2467354&use=l&cat=p&typeid=i","cat":284480},{"id":122419,"n":"Skyr Siggi's  Nature 0% MG - 2x140g","p":2.04,"u":"7,29 €/KG","img":"https://fd5-photos.leclercdrive.fr/image.ashx?id=2372412&use=l&cat=p&typeid=i","cat":315000},{"id":122420,"n":"Skyr Siggi's  Vanille - 2x140g","p":1.92,"u":"6,86 €/KG","img":"https://fd5-photos.leclercdrive.fr/image.ashx?id=2646119&use=l&cat=p&typeid=i","cat":315000},{"id":122433,"n":"Allumettes Bio Village bio Fumées - 2x60g","p":1.59,"u":"13,25 €/KG","img":"https://fd5-photos.leclercdrive.fr/image.ashx?id=3004130&use=l&cat=p&typeid=i","cat":316011},{"id":122434,"n":"Allumettes nature Bio Village bio 2x60g","p":2.15,"u":"17,92 €/KG","img":"https://fd5-photos.leclercdrive.fr/image.ashx?id=2999637&use=l&cat=p&typeid=i","cat":316011},{"id":122435,"n":"Lardons supérieurs Bio Village bio Fumés - 2x60g","p":1.75,"u":"14,58 €/KG","img":"https://fd5-photos.leclercdrive.fr/image.ashx?id=2761983&use=l&cat=p&typeid=i","cat":316011},{"id":122445,"n":"Longe de Thon 250g","p":4.95,"u":"19,80 €/KG","img":"https://fd5-photos.leclercdrive.fr/image.ashx?id=1883660&use=l&cat=p&typeid=i","cat":284342},{"id":122450,"n":"Pain façon Bretzel Pasquier Nature - x6 + 2 offerts - 360g","p":2.2,"u":"6,11 €/KG","img":"https://fd5-photos.leclercdrive.fr/image.ashx?id=2132673&use=l&cat=p&typeid=i","cat":325069},{"id":122451,"n":"Pain façon Bretzel Pasquier Céréales x6+2 offerts - 360g","p":2.2,"u":"6,11 €/KG","img":"https://fd5-photos.leclercdrive.fr/image.ashx?id=2132676&use=l&cat=p&typeid=i","cat":325069},{"id":122477,"n":"Ecrasé  de saison Florette 2x180g","p":3.3,"u":"9,17 €/KG","img":"https://fd5-photos.leclercdrive.fr/image.ashx?id=2767377&use=l&cat=p&typeid=i","cat":333665},{"id":122486,"n":"Thon blanc entier Pêche Océan MSC - 160g","p":2.89,"u":"18,06 €/KG","img":"https://fd5-photos.leclercdrive.fr/image.ashx?id=2942229&use=l&cat=p&typeid=i","cat":303867},{"id":122528,"n":"Skyr Siggi's  Framboise - 2x140g","p":1.9,"u":"6,79 €/KG","img":"https://fd5-photos.leclercdrive.fr/image.ashx?id=2692095&use=l&cat=p&typeid=i","cat":315000},{"id":122529,"n":"Skyr Siggi's  Myrtille - 2x140g","p":1.97,"u":"7,04 €/KG","img":"https://fd5-photos.leclercdrive.fr/image.ashx?id=2692098&use=l&cat=p&typeid=i","cat":315000},{"id":122539,"n":"Débouche-évier Homeside 1 pièce","p":1.47,"img":"https://fd5-photos.leclercdrive.fr/image.ashx?id=2081104&use=l&cat=p&typeid=i","cat":284669},{"id":122542,"n":"Coca-Cola Classique 50cl","p":1.5,"u":"3,00 €/L","img":"https://fd5-photos.leclercdrive.fr/image.ashx?id=2785901&use=l&cat=p&typeid=i","cat":284530},{"id":122553,"n":"Compote bio Bio Village Bocal pomme vanille - 625g","p":2.02,"u":"3,23 €/KG","img":"https://fd5-photos.leclercdrive.fr/image.ashx?id=1948045&use=l&cat=p&typeid=i","cat":284508},{"id":122554,"n":"Fromage blanc Bio Vrai Chèvre - 400g","p":2.94,"u":"7,35 €/KG","img":"https://fd5-photos.leclercdrive.fr/image.ashx?id=2388616&use=l&cat=p&typeid=i","cat":314998},{"id":122676,"n":"Dentifrice Email Diamant Le Charbon - 75ml","p":3.38,"u":"45,07 €/L","img":"https://fd5-photos.leclercdrive.fr/image.ashx?id=2975960&use=l&cat=p&typeid=i","cat":284612},{"id":122691,"n":"Yaourt brassé Bio Les 300 & Bio Fraise, framboise - 4x125g","p":1.74,"u":"3,48 €/KG","img":"https://fd5-photos.leclercdrive.fr/image.ashx?id=2629136&use=l&cat=p&typeid=i","cat":284410},{"id":122790,"n":"Chips Tuiles Pringles Hot Spicy - 175g","p":1.66,"u":"9,49 €/KG","img":"https://fd5-photos.leclercdrive.fr/image.ashx?id=2902295&use=l&cat=p&typeid=i","cat":287899},{"id":122792,"n":"Chips Tuiles Pringles Crème et Oignon - 175g","p":1.64,"u":"9,37 €/KG","img":"https://fd5-photos.leclercdrive.fr/image.ashx?id=2902292&use=l&cat=p&typeid=i","cat":287899},{"id":122808,"n":"Jeune pousse Panier du Primeur 125g","p":0.99,"u":"7,92 €/KG","img":"https://fd5-photos.leclercdrive.fr/image.ashx?id=2616060&use=l&cat=p&typeid=i","cat":284353},{"id":122810,"n":"Kakis Panier du Primeur Barquette 1kg","p":2.99,"u":"2,99 €/KG","img":"https://fd5-photos.leclercdrive.fr/image.ashx?id=2402798&use=l&cat=p&typeid=i","cat":284356},{"id":122825,"n":"Sauce au poivre Rustica 245g","p":1.19,"u":"4,86 €/KG","img":"https://fd5-photos.leclercdrive.fr/image.ashx?id=2558829&use=l&cat=p&typeid=i","cat":318431},{"id":122895,"n":"Chips Tuiles Pringles Original - 175g","p":1.62,"u":"9,26 €/KG","img":"https://fd5-photos.leclercdrive.fr/image.ashx?id=2902298&use=l&cat=p&typeid=i","cat":287899},{"id":122899,"n":"Rasoirs jetables Gillette Blue 3 - x8","p":10.16,"u":"1,27 €/P","img":"https://fd5-photos.leclercdrive.fr/image.ashx?id=2901139&use=l&cat=p&typeid=i","cat":284616},{"id":122905,"n":"Shampooing antipelliculaire Vitanove cheveux normaux -250ml","p":1.66,"u":"6,64 €/L","img":"https://fd5-photos.leclercdrive.fr/image.ashx?id=1909525&use=l&cat=p&typeid=i","cat":284606},{"id":122928,"n":"Sauce apéritif Old El Paso Mexicanita medium - 335g","p":3.22,"u":"9,61 €/KG","img":"https://fd5-photos.leclercdrive.fr/image.ashx?id=2737609&use=l&cat=p&typeid=i","cat":288993},{"id":122929,"n":"Sauces Old El Paso Guacamole Salsa et Poivrons - 575g","p":4.84,"u":"8,42 €/KG","img":"https://fd5-photos.leclercdrive.fr/image.ashx?id=2765399&use=l&cat=p&typeid=i","cat":288993},{"id":122930,"n":"Tortillas Old El Paso sans gluten x6 - 216g","p":2.79,"u":"12,92 €/KG","img":"https://fd5-photos.leclercdrive.fr/image.ashx?id=2737666&use=l&cat=p&typeid=i","cat":288993},{"id":122931,"n":"Kit Fajita Old El Paso sans gluten doux - 462g","p":6.24,"u":"13,51 €/KG","img":"https://fd5-photos.leclercdrive.fr/image.ashx?id=2759508&use=l&cat=p&typeid=i","cat":288993},{"id":122973,"n":"Jambon de Paris Tradilège Découenné - 2 tranches - 80g","p":1.2,"u":"15,00 €/KG","img":"https://fd5-photos.leclercdrive.fr/image.ashx?id=2994384&use=l&cat=p&typeid=i","cat":316009},{"id":123029,"n":"Poisson pané Colin Findus Extra croustillant - x2 250g","p":3.01,"u":"12,04 €/KG","img":"https://fd5-photos.leclercdrive.fr/image.ashx?id=3014548&use=l&cat=p&typeid=i","cat":319788},{"id":123062,"n":"Jambon de Paris Tradilège A l'étouffé - 160g","p":1.69,"u":"10,56 €/KG","img":"https://fd5-photos.leclercdrive.fr/image.ashx?id=2951143&use=l&cat=p&typeid=i","cat":316009},{"id":123063,"n":"Jambon de Paris Tradilège Découenné dégraissé x6 - 240g","p":2.39,"u":"9,96 €/KG","img":"https://fd5-photos.leclercdrive.fr/image.ashx?id=2951146&use=l&cat=p&typeid=i","cat":316009},{"id":123065,"n":"Jambon de Paris Tradilège À l'étouffée x8 - 320g","p":3.13,"u":"9,78 €/KG","img":"https://fd5-photos.leclercdrive.fr/image.ashx?id=2994387&use=l&cat=p&typeid=i","cat":316009},{"id":123067,"n":"Jambon de Paris Tradilège Découenné dégraissé x10 - 400g","p":3.86,"u":"9,65 €/KG","img":"https://fd5-photos.leclercdrive.fr/image.ashx?id=2930787&use=l&cat=p&typeid=i","cat":316009},{"id":123069,"n":"Jambon de Paris Tradilège -25% de sel - 2 tranches - 70g","p":1.11,"u":"15,86 €/KG","img":"https://fd5-photos.leclercdrive.fr/image.ashx?id=2998889&use=l&cat=p&typeid=i","cat":316009},{"id":123070,"n":"Jambon de Paris Tradilège -25% de sel - 4 tranches - 140g","p":2.05,"u":"14,64 €/KG","img":"https://fd5-photos.leclercdrive.fr/image.ashx?id=2991527&use=l&cat=p&typeid=i","cat":316009},{"id":123071,"n":"Jambon de Paris Tradilège -25% de sel - 6 tranches - 210g","p":2.49,"u":"11,86 €/KG","img":"https://fd5-photos.leclercdrive.fr/image.ashx?id=2994390&use=l&cat=p&typeid=i","cat":316009},{"id":123073,"n":"Jambon supérieur Tradilège Découenné - 2 tranches - 80g","p":1.25,"u":"15,63 €/KG","img":"https://fd5-photos.leclercdrive.fr/image.ashx?id=2943689&use=l&cat=p&typeid=i","cat":316009},{"id":123074,"n":"Jambon supérieur Tradilège Découenné dégraissé x4 - 160g","p":2.21,"u":"13,81 €/KG","img":"https://fd5-photos.leclercdrive.fr/image.ashx?id=1914324&use=l&cat=p&typeid=i","cat":316009},{"id":123076,"n":"Jambon supérieur Tradilège Découenné dégraissé x6 - 240g","p":3.25,"u":"13,54 €/KG","img":"https://fd5-photos.leclercdrive.fr/image.ashx?id=2974879&use=l&cat=p&typeid=i","cat":316009},{"id":123103,"n":"Jambon supérieur Tradilège Sans couenne x8 - 320g","p":4.29,"u":"13,41 €/KG","img":"https://fd5-photos.leclercdrive.fr/image.ashx?id=2943692&use=l&cat=p&typeid=i","cat":316009},{"id":123105,"n":"Jambon supérieur Tradilège Avec couenne 4 tranches - 160g","p":2.06,"u":"12,88 €/KG","img":"https://fd5-photos.leclercdrive.fr/image.ashx?id=2925756&use=l&cat=p&typeid=i","cat":316009},{"id":123106,"n":"Jambon supérieur Tradilège Avec couenne 6 tranches - 240g","p":3.08,"u":"12,83 €/KG","img":"https://fd5-photos.leclercdrive.fr/image.ashx?id=2404193&use=l&cat=p&typeid=i","cat":316009},{"id":123107,"n":"Jambon supérieur Tradilège Avec couenne 8 tranches - 320g","p":4.09,"u":"12,78 €/KG","img":"https://fd5-photos.leclercdrive.fr/image.ashx?id=2979586&use=l&cat=p&typeid=i","cat":316009},{"id":123108,"n":"Jambon supérieur Tradilège Label rouge découenné x4 - 160g","p":2.59,"u":"16,19 €/KG","img":"https://fd5-photos.leclercdrive.fr/image.ashx?id=2943698&use=l&cat=p&typeid=i","cat":316009},{"id":123110,"n":"Jambon supérieur Tradilège Avec couenne -2 tranches - 80g","p":1.39,"u":"17,38 €/KG","img":"https://fd5-photos.leclercdrive.fr/image.ashx?id=2943695&use=l&cat=p&typeid=i","cat":316009},{"id":123121,"n":"Oeufs Marque rèpere De Nos Régions - x20","p":4.29,"u":"0,21 €/P","img":"https://fd5-photos.leclercdrive.fr/image.ashx?id=2969803&use=l&cat=p&typeid=i","cat":284378},{"id":123132,"n":"Chiffonnade de Mortadelle 80g","p":2.8,"u":"35,00 €/KG","img":"https://fd5-photos.leclercdrive.fr/image.ashx?id=2484380&use=l&cat=p&typeid=i","cat":316009},{"id":123178,"n":"Beignet à la framboise 4x75g","p":2.9,"u":"9,67 €/KG","img":"https://fd5-photos.leclercdrive.fr/image.ashx?id=1940999&use=l&cat=p&typeid=i","cat":284984},{"id":123183,"n":"IGP Terres du Midi rosé Listel Cuvée St Louis - 75cl","p":4.23,"u":"5,64 €/L","img":"https://fd5-photos.leclercdrive.fr/image.ashx?id=2630382&use=l&cat=p&typeid=i","cat":289558},{"id":123186,"n":"IGP Pays d'Oc blancChardonnay Côtes des Roses -75cl","p":6.47,"u":"8,63 €/L","img":"https://fd5-photos.leclercdrive.fr/image.ashx?id=2981578&use=l&cat=p&typeid=i","cat":289557},{"id":123257,"n":"Capsules café Plantation Lungo forte n°7 - x16 - 105g","p":3.35,"u":"31,90 €/KG","img":"https://fd5-photos.leclercdrive.fr/image.ashx?id=2649744&use=l&cat=p&typeid=i","cat":293239},{"id":123310,"n":"Pâtes Barilla Capellini - 1kg","p":1.79,"u":"1,79 €/KG","img":"https://fd5-photos.leclercdrive.fr/image.ashx?id=2986948&use=l&cat=p&typeid=i","cat":284427},{"id":123358,"n":"Cordon bleu Marie 2x280g","p":6.84,"u":"12,21 €/KG","img":"https://fd5-photos.leclercdrive.fr/image.ashx?id=2331807&use=l&cat=p&typeid=i","cat":333665},{"id":123360,"n":"Pétales Tables du Monde A la crevette ASC - 50g","p":0.65,"u":"13,00 €/KG","img":"https://fd5-photos.leclercdrive.fr/image.ashx?id=2920220&use=l&cat=p&typeid=i","cat":288992},{"id":123368,"n":"Brume d'eau Mot d'enfant 200ml","p":1.99,"u":"9,95 €/L","img":"https://fd5-photos.leclercdrive.fr/image.ashx?id=3015123&use=l&cat=p&typeid=i","cat":284741},{"id":123369,"n":"Crème hydratante visage & corps 75 Ml","p":1.39,"u":"18,53 €/L","img":"https://fd5-photos.leclercdrive.fr/image.ashx?id=1890346&use=l&cat=p&typeid=i","cat":325345},{"id":123371,"n":"Déboucheur Syphon Spécial cheveux - 1L","p":2.35,"u":"2,35 €/L","img":"https://fd5-photos.leclercdrive.fr/image.ashx?id=2202473&use=l&cat=p&typeid=i","cat":284908},{"id":123373,"n":"Soin visage Carré Homme et barbe de 3 jours - 50ml","p":3.29,"u":"65,80 €/L","img":"https://fd5-photos.leclercdrive.fr/image.ashx?id=1898122&use=l&cat=p&typeid=i","cat":284622},{"id":123375,"n":"Gel Toilette Intime Neutre Intima Natural 200ml","p":3.69,"u":"18,45 €/L","img":"https://fd5-photos.leclercdrive.fr/image.ashx?id=2959865&use=l&cat=p&typeid=i","cat":284627},{"id":123386,"n":"Vin d'Union Européenne blanc François D'Aubigné - 6x25 cl","p":3.49,"u":"2,33 €/L","img":"https://fd5-photos.leclercdrive.fr/image.ashx?id=2896850&use=l&cat=p&typeid=i","cat":289557},{"id":123393,"n":"Bière sans alcool Tourtel Twist Agrume 0,0° - 6x27,5cl","p":3.9,"u":"2,36 €/L","img":"https://fd5-photos.leclercdrive.fr/image.ashx?id=2730736&use=l&cat=p&typeid=i","cat":334877},{"id":123397,"n":"Bière sans alcool Tourtel Twist Framboise 0,0° - 6x27,5cl","p":4.38,"u":"2,65 €/L","img":"https://fd5-photos.leclercdrive.fr/image.ashx?id=2886705&use=l&cat=p&typeid=i","cat":334877},{"id":123400,"n":"Cire corps Laurence Dumont Bandes - x20","p":3.45,"u":"0,17 €/P","img":"https://fd5-photos.leclercdrive.fr/image.ashx?id=2606358&use=l&cat=p&typeid=i","cat":325351},{"id":123407,"n":"Bière sans alcool Tourtel Twist Citron 0,0° - 6x27,5cl","p":4.92,"u":"2,98 €/L","img":"https://fd5-photos.leclercdrive.fr/image.ashx?id=2886702&use=l&cat=p&typeid=i","cat":334877},{"id":123416,"n":"Soda Coca-Cola Original Bouteille - Pack 6x1,75L","p":15.92,"u":"1,52 €/L","img":"https://fd5-photos.leclercdrive.fr/image.ashx?id=2878333&use=l&cat=p&typeid=i","cat":284530},{"id":123418,"n":"Bière blonde Leffe sans alcool 0,0% - 6x25cl","p":4.58,"u":"3,05 €/L","img":"https://fd5-photos.leclercdrive.fr/image.ashx?id=2548303&use=l&cat=p&typeid=i","cat":334877},{"id":123422,"n":"Soda Coca-Cola Sans Sucres Bouteille - 1,75L","p":1.72,"u":"0,98 €/L","img":"https://fd5-photos.leclercdrive.fr/image.ashx?id=2971748&use=l&cat=p&typeid=i","cat":284530},{"id":123426,"n":"Sangria François d'Aubigne 7% vol - 1.5 L","p":2.39,"u":"1,59 €/L","img":"https://fd5-photos.leclercdrive.fr/image.ashx?id=2790865&use=l&cat=p&typeid=i","cat":286032},{"id":123432,"n":"Crème lavante L'arbre Vert Recharge - Amande douche -300ml","p":1.81,"u":"6,03 €/L","img":"https://fd5-photos.leclercdrive.fr/image.ashx?id=2886115&use=l&cat=p&typeid=i","cat":284597},{"id":123434,"n":"Soda Schweppes Indian Tonic Zero - 6x33cl","p":3.11,"u":"1,57 €/L","img":"https://fd5-photos.leclercdrive.fr/image.ashx?id=2852420&use=l&cat=p&typeid=i","cat":284531},{"id":123436,"n":"Boisson fruit shoot Teisseire Tropical - 6x20cl","p":2.55,"u":"2,13 €/L","img":"https://fd5-photos.leclercdrive.fr/image.ashx?id=2858204&use=l&cat=p&typeid=i","cat":295018},{"id":123437,"n":"Boisson Fruit shoot Teisseire Multivamine - 6x20cl","p":3.26,"u":"2,72 €/L","img":"https://fd5-photos.leclercdrive.fr/image.ashx?id=2858201&use=l&cat=p&typeid=i","cat":295018},{"id":123441,"n":"Mascara Maybelline  Colossal Go volume extrême Noir","p":9.36,"u":"406,96 €/L","img":"https://fd5-photos.leclercdrive.fr/image.ashx?id=2344162&use=l&cat=p&typeid=i","cat":287029},{"id":123443,"n":"Pâtes Spaghetti Plat Panzani 3 Minutes - 500G","p":1.58,"u":"3,16 €/KG","img":"https://fd5-photos.leclercdrive.fr/image.ashx?id=2896114&use=l&cat=p&typeid=i","cat":284427},{"id":123448,"n":"Biscuits cacao Kinder Cards Au lait et au cacao 2x5 - 128g","p":3.46,"u":"13,52 €/KG","img":"https://fd5-photos.leclercdrive.fr/image.ashx?id=2672608&use=l&cat=p&typeid=i","cat":284488},{"id":123461,"n":"Barre Chocolatée KINDER Country  Céréales chocolat x4 - 94g","p":2.02,"u":"21,49 €/KG","img":"https://fd5-photos.leclercdrive.fr/image.ashx?id=2672605&use=l&cat=p&typeid=i","cat":284498},{"id":123482,"n":"Œufs fermiers de Loué Label Rouge x 6","p":2.68,"u":"0,45 €/P","img":"https://fd5-photos.leclercdrive.fr/image.ashx?id=2800815&use=l&cat=p&typeid=i","cat":284378},{"id":123485,"n":"Tartinade Petit Navire Thon poivrons tomate - 125g","p":2.32,"u":"18,56 €/KG","img":"https://fd5-photos.leclercdrive.fr/image.ashx?id=2522584&use=l&cat=p&typeid=i","cat":284451},{"id":123486,"n":"Pâtes Coquillage Panzani Créatives - 500G","p":1.33,"u":"2,66 €/KG","img":"https://fd5-photos.leclercdrive.fr/image.ashx?id=2902939&use=l&cat=p&typeid=i","cat":284427},{"id":123487,"n":"Olives vertes Tokapi Dénoyautées - 100g","p":0.76,"u":"7,60 €/KG","img":"https://fd5-photos.leclercdrive.fr/image.ashx?id=2994357&use=l&cat=p&typeid=i","cat":284458},{"id":123491,"n":"Crêpe fourrée Whaou Chocolat - x8 - 256g","p":1.86,"u":"7,27 €/KG","img":"https://fd5-photos.leclercdrive.fr/image.ashx?id=2962863&use=l&cat=p&typeid=i","cat":284494},{"id":123492,"n":"Crêpes Whaou! Chocolat x15 - 480g","p":3.39,"u":"7,06 €/KG","img":"https://fd5-photos.leclercdrive.fr/image.ashx?id=2986449&use=l&cat=p&typeid=i","cat":284494},{"id":123498,"n":"Amandes Wonderful 400g","p":8.25,"u":"20,63 €/KG","img":"https://fd5-photos.leclercdrive.fr/image.ashx?id=2659828&use=l&cat=p&typeid=i","cat":284357},{"id":123503,"n":"Yaourt fjord fromage blanc Nature - 4x125g","p":1.97,"u":"3,94 €/KG","img":"https://fd5-photos.leclercdrive.fr/image.ashx?id=2956993&use=l&cat=p&typeid=i","cat":284409},{"id":123504,"n":"Yaourt fjord fromage blanc Nature - 8x125g","p":3.21,"u":"3,21 €/KG","img":"https://fd5-photos.leclercdrive.fr/image.ashx?id=2653222&use=l&cat=p&typeid=i","cat":284409},{"id":123523,"n":"Tubes Copains Copines Arc-en-ciel - 200g","p":1.13,"u":"5,65 €/KG","img":"https://fd5-photos.leclercdrive.fr/image.ashx?id=2934739&use=l&cat=p&typeid=i","cat":304250},{"id":123528,"n":"Soucoupes Copains Copines Acides - 39g","p":0.99,"u":"25,38 €/KG","img":"https://fd5-photos.leclercdrive.fr/image.ashx?id=2934751&use=l&cat=p&typeid=i","cat":304250},{"id":123530,"n":"Marshmallows Copains Copines Enrobés chocolat - 160g","p":1.69,"u":"10,56 €/KG","img":"https://fd5-photos.leclercdrive.fr/image.ashx?id=2934754&use=l&cat=p&typeid=i","cat":304250},{"id":123538,"n":"Eau gazeuse aromatisée Salvetat clementine  - 1,15L","p":0.94,"u":"0,82 €/L","img":"https://fd5-photos.leclercdrive.fr/image.ashx?id=2259478&use=l&cat=p&typeid=i","cat":284537},{"id":123540,"n":"Eau minérale naturelle Volvic 6x50cl","p":2.16,"u":"0,72 €/L","img":"https://fd5-photos.leclercdrive.fr/image.ashx?id=2730247&use=l&cat=p&typeid=i","cat":284535},{"id":123541,"n":"Eau minérale naturelle Evian  12x33cl","p":4.51,"u":"1,14 €/L","img":"https://fd5-photos.leclercdrive.fr/image.ashx?id=2973556&use=l&cat=p&typeid=i","cat":284535},{"id":123542,"n":"Eau minérale naturelle Evian  6x50cl","p":2.55,"u":"0,85 €/L","img":"https://fd5-photos.leclercdrive.fr/image.ashx?id=2969022&use=l&cat=p&typeid=i","cat":284535},{"id":123545,"n":"Quiche lorraine Marie Pur beurre - 400g","p":3.32,"u":"8,30 €/KG","img":"https://fd5-photos.leclercdrive.fr/image.ashx?id=2318546&use=l&cat=p&typeid=i","cat":333680},{"id":123547,"n":"Tarte poireaux Marie Pur beurre - 400g","p":3.95,"u":"9,88 €/KG","img":"https://fd5-photos.leclercdrive.fr/image.ashx?id=2318549&use=l&cat=p&typeid=i","cat":333680},{"id":123550,"n":"Yaourt aux fruits brassés Velouté fruix Danone - 16x125g","p":4.18,"u":"2,09 €/KG","img":"https://fd5-photos.leclercdrive.fr/image.ashx?id=2912923&use=l&cat=p&typeid=i","cat":284410},{"id":123551,"n":"Yaourt aux fruits brassés Velouté fruix Danone - 12x125g","p":3.55,"u":"2,37 €/KG","img":"https://fd5-photos.leclercdrive.fr/image.ashx?id=2912929&use=l&cat=p&typeid=i","cat":284410},{"id":123552,"n":"Yaourt fruits rouges brassés Velouté fruix Danone - 8x125g","p":2.55,"u":"2,55 €/KG","img":"https://fd5-photos.leclercdrive.fr/image.ashx?id=2912932&use=l&cat=p&typeid=i","cat":284410},{"id":123553,"n":"Yaourt aux fruits velouté fruix Danone brassé fraise - 4x125g","p":1.65,"u":"3,30 €/KG","img":"https://fd5-photos.leclercdrive.fr/image.ashx?id=2911855&use=l&cat=p&typeid=i","cat":284410},{"id":123554,"n":"Yaourt aux fruits velouté fruix Danone brassé framboise -4x125g","p":1.86,"u":"3,72 €/KG","img":"https://fd5-photos.leclercdrive.fr/image.ashx?id=2911858&use=l&cat=p&typeid=i","cat":284410},{"id":123555,"n":"Yaourt fruits jaunes brassés Velouté fruix Danone - 8x125g","p":2.55,"u":"2,55 €/KG","img":"https://fd5-photos.leclercdrive.fr/image.ashx?id=2912926&use=l&cat=p&typeid=i","cat":284410},{"id":123556,"n":"Yaourt aux fruits Velouté fruix Danone brassé pêche - 4x125g","p":1.75,"u":"14,00 €/KG","img":"https://fd5-photos.leclercdrive.fr/image.ashx?id=2912938&use=l&cat=p&typeid=i","cat":284410},{"id":123557,"n":"Kiwi Panier du Primeur Filière Mûrs à point - x6","p":3.99,"u":"0,67 €/P","img":"https://fd5-photos.leclercdrive.fr/image.ashx?id=2955047&use=l&cat=p&typeid=i","cat":284356},{"id":123558,"n":"Pomelo Bio Bio Village x1","p":0.99,"img":"https://fd5-photos.leclercdrive.fr/image.ashx?id=2231573&use=l&cat=p&typeid=i","cat":284356},{"id":123584,"n":"Gourde brassé pomme banane bio 6mois- 8x90g -Hipp","p":7.41,"u":"10,29 €/KG","img":"https://fd5-photos.leclercdrive.fr/image.ashx?id=2910192&use=l&cat=p&typeid=i","cat":312393},{"id":123603,"n":"Kit Distributeur Savon Mains Dettol Citron 250ml","p":8.26,"u":"33,04 €/L","img":"https://fd5-photos.leclercdrive.fr/image.ashx?id=2975134&use=l&cat=p&typeid=i","cat":284597},{"id":123606,"n":"Lessive liquide blanc Epsil 25 lavages - 1.25L","p":2.54,"u":"2,03 €/L","img":"https://fd5-photos.leclercdrive.fr/image.ashx?id=2838933&use=l&cat=p&typeid=i","cat":284640},{"id":123622,"n":"Lait poudre Optima 2 Babybio  Bio 6 mois à 1an - 800g","p":16.53,"u":"20,66 €/KG","img":"https://fd5-photos.leclercdrive.fr/image.ashx?id=2988436&use=l&cat=p&typeid=i","cat":284727},{"id":123623,"n":"Bière ambrée Affligem 6,7D 6x25 Cl","p":6.23,"u":"4,15 €/L","img":"https://fd5-photos.leclercdrive.fr/image.ashx?id=2672029&use=l&cat=p&typeid=i","cat":334852},{"id":123687,"n":"Lait de croissance Bio BabyBio 6x1L","p":11.92,"u":"1,99 €/L","img":"https://fd5-photos.leclercdrive.fr/image.ashx?id=2953875&use=l&cat=p&typeid=i","cat":284728},{"id":123688,"n":"Lait croissance Bio Babybio 6x25cl","p":5.58,"u":"3,72 €/L","img":"https://fd5-photos.leclercdrive.fr/image.ashx?id=2621390&use=l&cat=p&typeid=i","cat":284728},{"id":123693,"n":"Pâtes Eco+ Vermicelles - 1kg","p":1.34,"u":"1,34 €/KG","img":"https://fd5-photos.leclercdrive.fr/image.ashx?id=2949400&use=l&cat=p&typeid=i","cat":284427},{"id":123695,"n":"Lait Primea 1 Bio BabyBio 800g","p":14.09,"u":"17,61 €/KG","img":"https://fd5-photos.leclercdrive.fr/image.ashx?id=2911327&use=l&cat=p&typeid=i","cat":284726},{"id":123697,"n":"Lait Caprea 2 Bio Babybio Bio 800g","p":21.11,"u":"26,39 €/KG","img":"https://fd5-photos.leclercdrive.fr/image.ashx?id=2733340&use=l&cat=p&typeid=i","cat":284727},{"id":123706,"n":"Ravioles du Dauphiné IGP 2x5 plaques - 600g","p":8.66,"u":"14,43 €/KG","img":"https://fd5-photos.leclercdrive.fr/image.ashx?id=2881365&use=l&cat=p&typeid=i","cat":333682},{"id":123707,"n":"Sauce big burger tube Colona 500ml","p":2.88,"u":"5,76 €/L","img":"https://fd5-photos.leclercdrive.fr/image.ashx?id=2687188&use=l&cat=p&typeid=i","cat":318431},{"id":123710,"n":"Tomato Ketchup Zéro Heinz sans sucre ni sel - 425g","p":2.34,"u":"5,51 €/KG","img":"https://fd5-photos.leclercdrive.fr/image.ashx?id=2927723&use=l&cat=p&typeid=i","cat":284455},{"id":123864,"n":"Crème Pieds Anti-Crevasses Talons 24h - 60 ml","p":5.35,"u":"89,17 €/L","img":"https://fd5-photos.leclercdrive.fr/image.ashx?id=2980878&use=l&cat=p&typeid=i","cat":325354},{"id":123898,"n":"Tablette gourmande Poulain Chocolat au lait - 100g","p":1.88,"u":"18,80 €/KG","img":"https://fd5-photos.leclercdrive.fr/image.ashx?id=2867128&use=l&cat=p&typeid=i","cat":284497},{"id":123924,"n":"Barres choco caram biscuit 348g","p":1.97,"u":"5,66 €/KG","img":"https://fd5-photos.leclercdrive.fr/image.ashx?id=2739721&use=l&cat=p&typeid=i","cat":284498},{"id":123960,"n":"Bière sans alcool Desperados Virgin - Agrumes 3x33cl","p":3.69,"u":"3,73 €/L","img":"https://fd5-photos.leclercdrive.fr/image.ashx?id=2977966&use=l&cat=p&typeid=i","cat":334877},{"id":124035,"n":"Jus de raisin ABC Eco+ 1L","p":0.98,"u":"0,98 €/L","img":"https://fd5-photos.leclercdrive.fr/image.ashx?id=2802275&use=l&cat=p&typeid=i","cat":284915},{"id":124047,"n":"Pilchards hareng Petit Pierre Tomate huile - 367g","p":2.02,"u":"5,50 €/KG","img":"https://fd5-photos.leclercdrive.fr/image.ashx?id=3004408&use=l&cat=p&typeid=i","cat":305147},{"id":124052,"n":"Nouilles de riz Table du monde 250g","p":1.99,"u":"7,96 €/KG","img":"https://fd5-photos.leclercdrive.fr/image.ashx?id=2679780&use=l&cat=p&typeid=i","cat":288992},{"id":124073,"n":"Saumon fumé Labeyrie Le Norvège x6 - 215g","p":10.0,"u":"46,51 €/KG","img":"https://fd5-photos.leclercdrive.fr/image.ashx?id=2230396&use=l&cat=p&typeid=i","cat":285188},{"id":124140,"n":"Saumon fumé Labeyrie Norvège - x4 - 130g","p":7.84,"u":"60,31 €/KG","img":"https://fd5-photos.leclercdrive.fr/image.ashx?id=2729896&use=l&cat=p&typeid=i","cat":285188},{"id":124242,"n":"Le croque Bistrot Petit Zinc Jambon et Emmental 2x140g","p":3.17,"u":"11,32 €/KG","img":"https://fd5-photos.leclercdrive.fr/image.ashx?id=2305049&use=l&cat=p&typeid=i","cat":333671},{"id":124253,"n":"Le Champignon Entier Bonduelle Sans Sulfite, Sans Additif 230g","p":1.61,"u":"7,00 €/KG","img":"https://fd5-photos.leclercdrive.fr/image.ashx?id=2979638&use=l&cat=p&typeid=i","cat":312610},{"id":124260,"n":"Champignons emincés Bonduelle Sans sulfite,additif - 460g","p":2.42,"u":"5,26 €/KG","img":"https://fd5-photos.leclercdrive.fr/image.ashx?id=2913124&use=l&cat=p&typeid=i","cat":312610},{"id":124271,"n":"Morceaux de thon Eco+ A l'huile de tournesol - 130g","p":1.33,"u":"10,23 €/KG","img":"https://fd5-photos.leclercdrive.fr/image.ashx?id=2678529&use=l&cat=p&typeid=i","cat":303867},{"id":124272,"n":"Thon nature entier Saupiquet MSC - 140g","p":2.29,"u":"16,36 €/KG","img":"https://fd5-photos.leclercdrive.fr/image.ashx?id=2731540&use=l&cat=p&typeid=i","cat":303867},{"id":124374,"n":"Eau aromatisée Volvic bio Pamplemousse romarin - 75cl","p":1.56,"u":"2,08 €/L","img":"https://fd5-photos.leclercdrive.fr/image.ashx?id=2462514&use=l&cat=p&typeid=i","cat":284537},{"id":124466,"n":"AOC Crémant d'Alsace brut Bio Rebmann - 75cl","p":6.99,"u":"9,32 €/L","img":"https://fd5-photos.leclercdrive.fr/image.ashx?id=2714992&use=l&cat=p&typeid=i","cat":284545},{"id":124467,"n":"AOC Vin blanc Monbazillac Bio Terrasses d'Autan - 75cl","p":7.99,"u":"10,65 €/L","img":"https://fd5-photos.leclercdrive.fr/image.ashx?id=2775119&use=l&cat=p&typeid=i","cat":289557},{"id":124469,"n":"Vin d'Espagne rouge Merlot Bio Adrien Champaud - BIB 3L","p":8.99,"u":"3,00 €/L","img":"https://fd5-photos.leclercdrive.fr/image.ashx?id=2960562&use=l&cat=p&typeid=i","cat":289556},{"id":124478,"n":"IGP Méditérranée rosé Les Calandières - 75cl","p":4.6,"u":"6,13 €/L","img":"https://fd5-photos.leclercdrive.fr/image.ashx?id=2996608&use=l&cat=p&typeid=i","cat":289558},{"id":124496,"n":"Crème glacée Ben & Jerry's Choco Fudge Brownie - 408g","p":3.67,"u":"9,00 €/KG","img":"https://fd5-photos.leclercdrive.fr/image.ashx?id=2738050&use=l&cat=p&typeid=i","cat":284725},{"id":124498,"n":"Glace en Pot BEN & JERRY'S Cookie Dough - 465ml","p":3.64,"u":"8,97 €/KG","img":"https://fd5-photos.leclercdrive.fr/image.ashx?id=2738056&use=l&cat=p&typeid=i","cat":284725},{"id":124499,"n":"Glace en Pot BEN & JERRY'S Vanilla Pecan Blondie - 465ml","p":3.97,"u":"9,59 €/KG","img":"https://fd5-photos.leclercdrive.fr/image.ashx?id=2832548&use=l&cat=p&typeid=i","cat":284725},{"id":124584,"n":"Brosse à dents Inava Parodontie - 1 pièce","p":4.0,"img":"https://fd5-photos.leclercdrive.fr/image.ashx?id=2377715&use=l&cat=p&typeid=i","cat":290417},{"id":124585,"n":"Black spiced \"The kraken\" 40° - 70cl","p":23.9,"u":"34,14 €/L","img":"https://fd5-photos.leclercdrive.fr/image.ashx?id=2550940&use=l&cat=p&typeid=i","cat":284550},{"id":124594,"n":"Capsules Nescafé Dolce Gusto Espresso - x16","p":4.32,"u":"49,09 €/KG","img":"https://fd5-photos.leclercdrive.fr/image.ashx?id=2952025&use=l&cat=p&typeid=i","cat":293239},{"id":124595,"n":"Nutella Biscuit pâte à tartiner Cacao Noisettes - 166g","p":1.8,"u":"10,84 €/KG","img":"https://fd5-photos.leclercdrive.fr/image.ashx?id=2922200&use=l&cat=p&typeid=i","cat":284488},{"id":124652,"n":"Sorbet Eskiss Cassis - 650g","p":3.56,"u":"5,48 €/KG","img":"https://fd5-photos.leclercdrive.fr/image.ashx?id=1959280&use=l&cat=p&typeid=i","cat":284263},{"id":124654,"n":"Bac crème glacée Eskiss Caramel - 500g","p":3.89,"u":"7,78 €/KG","img":"https://fd5-photos.leclercdrive.fr/image.ashx?id=1958907&use=l&cat=p&typeid=i","cat":284263},{"id":124655,"n":"Bac sorbet Eskiss Mangue - 650g","p":2.49,"u":"3,83 €/KG","img":"https://fd5-photos.leclercdrive.fr/image.ashx?id=2982673&use=l&cat=p&typeid=i","cat":284263},{"id":124670,"n":"Pain de mie complet Jacquet Maxi - Sans sucre ajouté - 550g","p":1.52,"u":"2,76 €/KG","img":"https://fd5-photos.leclercdrive.fr/image.ashx?id=2935708&use=l&cat=p&typeid=i","cat":284477},{"id":124671,"n":"Pain de mie Sans croûte Jacquet Sans sucre ajouté - 475g","p":1.87,"u":"3,94 €/KG","img":"https://fd5-photos.leclercdrive.fr/image.ashx?id=2919754&use=l&cat=p&typeid=i","cat":284477},{"id":124694,"n":"Saucisson Mini Justin Bridou  Bâton de Berger nature - 160g","p":3.3,"u":"20,63 €/KG","img":"https://fd5-photos.leclercdrive.fr/image.ashx?id=2921786&use=l&cat=p&typeid=i","cat":316006},{"id":124696,"n":"Accras de morue MSC Table du Monde - 200g","p":2.29,"u":"11,45 €/KG","img":"https://fd5-photos.leclercdrive.fr/image.ashx?id=2841169&use=l&cat=p&typeid=i","cat":333673},{"id":124723,"n":"Champignon Bonduelle Emincé - 3x115g","p":2.55,"u":"7,39 €/KG","img":"https://fd5-photos.leclercdrive.fr/image.ashx?id=2913121&use=l&cat=p&typeid=i","cat":312610},{"id":124757,"n":"Lait Après-soleil Nivea Sun Hydratant Aloé Vera - 200ml","p":5.55,"u":"27,75 €/L","img":"https://fd5-photos.leclercdrive.fr/image.ashx?id=2165863&use=l&cat=p&typeid=i","cat":325355},{"id":124762,"n":"Biscuit Milka Chocolat pause - 3x260g","p":4.41,"pp":3.09,"u":"3,96 €/KG","img":"https://fd5-photos.leclercdrive.fr/image.ashx?id=2680377&use=l&cat=p&typeid=i","cat":284488},{"id":124785,"n":"Shampooing sec Batiste Protège - 200ml","p":5.41,"u":"27,05 €/L","img":"https://fd5-photos.leclercdrive.fr/image.ashx?id=1914843&use=l&cat=p&typeid=i","cat":289143},{"id":124787,"n":"Shampooing sec Batiste Volume - 200ml","p":4.76,"u":"23,80 €/L","img":"https://fd5-photos.leclercdrive.fr/image.ashx?id=2557979&use=l&cat=p&typeid=i","cat":289143},{"id":124788,"n":"Crème Solaire Spray Nivea Sun FPS 50+ Bébé et Enfant - 200ml","p":9.19,"u":"45,95 €/L","img":"https://fd5-photos.leclercdrive.fr/image.ashx?id=3005224&use=l&cat=p&typeid=i","cat":325355},{"id":124791,"n":"Serviette Nana Maxi goodnight - x12","p":1.8,"u":"0,15 €/P","img":"https://fd5-photos.leclercdrive.fr/image.ashx?id=2806402&use=l&cat=p&typeid=i","cat":284624},{"id":124794,"n":"Serviettes Tena Men Level 1 - x12","p":4.36,"u":"0,36 €/P","img":"https://fd5-photos.leclercdrive.fr/image.ashx?id=2428570&use=l&cat=p&typeid=i","cat":291514},{"id":124795,"n":"Protège lingerie Nana Extra long - x24","p":1.21,"u":"0,05 €/P","img":"https://fd5-photos.leclercdrive.fr/image.ashx?id=2968499&use=l&cat=p&typeid=i","cat":284625},{"id":124796,"n":"Rasoirs jetables Gillette Simply Venus - x4","p":4.82,"u":"1,21 €/P","img":"https://fd5-photos.leclercdrive.fr/image.ashx?id=2746346&use=l&cat=p&typeid=i","cat":325352},{"id":124837,"n":"Dual nature saumon One Purina Chat stérilisé - 1,4kg","p":7.88,"u":"5,63 €/KG","img":"https://fd5-photos.leclercdrive.fr/image.ashx?id=2871145&use=l&cat=p&typeid=i","cat":284680},{"id":124842,"n":"Fromage Parmigiano Reggiano AOP 300g","p":8.1,"u":"27,00 €/KG","img":"https://fd5-photos.leclercdrive.fr/image.ashx?id=1914903&use=l&cat=p&typeid=i","cat":314036},{"id":124852,"n":"Vinaigre ménager 8° Mieuxa Agrume - 1 litre","p":2.61,"u":"2,61 €/L","img":"https://fd5-photos.leclercdrive.fr/image.ashx?id=2277011&use=l&cat=p&typeid=i","cat":325365},{"id":124853,"n":"Essence de terebenthine Mieuxa 1L","p":10.36,"u":"10,36 €/L","img":"https://fd5-photos.leclercdrive.fr/image.ashx?id=2277023&use=l&cat=p&typeid=i","cat":300576},{"id":124854,"n":"Huile de lin Mieuxa 1L","p":6.86,"u":"6,86 €/L","img":"https://fd5-photos.leclercdrive.fr/image.ashx?id=2277026&use=l&cat=p&typeid=i","cat":300576},{"id":124866,"n":"AOP Brie de Meaux 20%MG Nos Régions ont du Talent 300g","p":5.95,"u":"19,83 €/KG","img":"https://fd5-photos.leclercdrive.fr/image.ashx?id=1914894&use=l&cat=p&typeid=i","cat":314036},{"id":124869,"n":"AOP Beaufort 30%MG Nos Régions ont du Talent 300g","p":9.95,"u":"33,17 €/KG","img":"https://fd5-photos.leclercdrive.fr/image.ashx?id=1914888&use=l&cat=p&typeid=i","cat":314036},{"id":124870,"n":"AOP Emmental de Savoie 30%MG 300g","p":5.95,"u":"19,83 €/KG","img":"https://fd5-photos.leclercdrive.fr/image.ashx?id=1914885&use=l&cat=p&typeid=i","cat":314036},{"id":124871,"n":"Fromage Tomme de brebis Ottavi 30.5%MG 300g","p":9.65,"u":"32,17 €/KG","img":"https://fd5-photos.leclercdrive.fr/image.ashx?id=1914882&use=l&cat=p&typeid=i","cat":314036},{"id":124872,"n":"AOP Fourme d'Ambert Cantorel 28%MG 300g","p":4.35,"u":"14,50 €/KG","img":"https://fd5-photos.leclercdrive.fr/image.ashx?id=1914879&use=l&cat=p&typeid=i","cat":314036},{"id":124874,"n":"Crème glacée Ben & Jerry's  Caramel Brownie Party - 405g","p":3.65,"u":"9,01 €/KG","img":"https://fd5-photos.leclercdrive.fr/image.ashx?id=2773889&use=l&cat=p&typeid=i","cat":284725},{"id":124876,"n":"Agneau gigot *** à griller  1.6kg","p":36.76,"u":"22,98 €/KG","img":"https://fd5-photos.leclercdrive.fr/image.ashx?id=1521150&use=l&cat=p&typeid=i","cat":284330},{"id":124901,"n":"Pâte à tartiner Nutella 630g","p":4.65,"u":"7,38 €/KG","img":"https://fd5-photos.leclercdrive.fr/image.ashx?id=2968841&use=l&cat=p&typeid=i","cat":284481},{"id":124902,"n":"Eponges végétales Eco+ x2","p":0.46,"u":"0,23 €/P","img":"https://fd5-photos.leclercdrive.fr/image.ashx?id=2770242&use=l&cat=p&typeid=i","cat":284667},{"id":124903,"n":"Laque fixation forte Eco+ 400ml","p":1.11,"u":"2,78 €/L","img":"https://fd5-photos.leclercdrive.fr/image.ashx?id=2270223&use=l&cat=p&typeid=i","cat":284609},{"id":124904,"n":"Liquide allume-feu Eco+ 1L","p":2.92,"u":"2,92 €/L","img":"https://fd5-photos.leclercdrive.fr/image.ashx?id=1901698&use=l&cat=p&typeid=i","cat":300577},{"id":124905,"n":"Sacs poubelle coulissants Eco+ 30 l - x20","p":1.23,"u":"0,06 €/P","img":"https://fd5-photos.leclercdrive.fr/image.ashx?id=1901701&use=l&cat=p&typeid=i","cat":285168},{"id":124906,"n":"Sacs poubelle Eco+ 50L Coulissants - x25","p":2.33,"u":"0,09 €/P","img":"https://fd5-photos.leclercdrive.fr/image.ashx?id=1916286&use=l&cat=p&typeid=i","cat":285168},{"id":124908,"n":"Crème coiffante Carré Homme Cheveux & Barbe - 75ml","p":3.79,"u":"50,53 €/L","img":"https://fd5-photos.leclercdrive.fr/image.ashx?id=2635691&use=l&cat=p&typeid=i","cat":284609},{"id":124909,"n":"Culotte Enuresie Mots d'Enfants 4-7 ans -17-30 kg - x15","p":9.49,"u":"0,63 €/P","img":"https://fd5-photos.leclercdrive.fr/image.ashx?id=2900169&use=l&cat=p&typeid=i","cat":290633},{"id":124910,"n":"Culotte Enuresie Mots d'enfants 8/15 ans -27/57 kg- x12","p":9.29,"u":"0,77 €/P","img":"https://fd5-photos.leclercdrive.fr/image.ashx?id=2905234&use=l&cat=p&typeid=i","cat":290633},{"id":124911,"n":"Diffuseur Insectivor Anti-Moustique - 40ml","p":4.39,"u":"109,75 €/L","img":"https://fd5-photos.leclercdrive.fr/image.ashx?id=2670344&use=l&cat=p&typeid=i","cat":298368},{"id":124912,"n":"Insecticide Insectivor Anti-acariens puce- 400ml","p":4.99,"u":"12,48 €/L","img":"https://fd5-photos.leclercdrive.fr/image.ashx?id=2805051&use=l&cat=p&typeid=i","cat":298368},{"id":124913,"n":"Insecticide Insectivor Volant/rampant - 400ml","p":3.95,"u":"9,88 €/L","img":"https://fd5-photos.leclercdrive.fr/image.ashx?id=2933322&use=l&cat=p&typeid=i","cat":298368},{"id":124919,"n":"Chips Bret's sel et vinaigre 2x125g + 1 offert","p":2.45,"u":"6,53 €/KG","img":"https://fd5-photos.leclercdrive.fr/image.ashx?id=1904453&use=l&cat=p&typeid=i","cat":284447},{"id":124920,"n":"Chips Bret's poulet braisé 2X125g + 1 offert","p":2.2,"u":"5,87 €/KG","img":"https://fd5-photos.leclercdrive.fr/image.ashx?id=1904450&use=l&cat=p&typeid=i","cat":284447},{"id":124921,"n":"Croquettes petit chien Ultima  Nature Sans céréales - 1,1kg","p":6.11,"u":"5,55 €/KG","img":"https://fd5-photos.leclercdrive.fr/image.ashx?id=2572745&use=l&cat=p&typeid=i","cat":294526},{"id":124923,"n":"Croquettes chat stérilisé  Ultima Nature bœuf – 1,1kg","p":6.73,"u":"6,12 €/KG","img":"https://fd5-photos.leclercdrive.fr/image.ashx?id=2629884&use=l&cat=p&typeid=i","cat":284680},{"id":124924,"n":"Croquettes chat Ultima Nature Sans céréales - Dinde- 1.1kg","p":6.59,"u":"5,99 €/KG","img":"https://fd5-photos.leclercdrive.fr/image.ashx?id=2929218&use=l&cat=p&typeid=i","cat":284680},{"id":124926,"n":"Sacs poubelle container Elembal 120L - x10","p":3.99,"u":"0,40 €/P","img":"https://fd5-photos.leclercdrive.fr/image.ashx?id=2898272&use=l&cat=p&typeid=i","cat":285168},{"id":124927,"n":"Sacs gravats Elembal 50L - X5","p":4.24,"u":"0,02 €/L","img":"https://fd5-photos.leclercdrive.fr/image.ashx?id=2958750&use=l&cat=p&typeid=i","cat":285168},{"id":124928,"n":"Sacs poubelle Elembal 240L - x10","p":4.56,"u":"0,46 €/P","img":"https://fd5-photos.leclercdrive.fr/image.ashx?id=1901894&use=l&cat=p&typeid=i","cat":285168},{"id":124929,"n":"Insecticide Insectivor Antivolant végétal - 400ml","p":2.71,"u":"6,78 €/L","img":"https://fd5-photos.leclercdrive.fr/image.ashx?id=2673999&use=l&cat=p&typeid=i","cat":298368},{"id":124930,"n":"Sacs poubelle Elembal Coulissants spécial tri 50L-x10","p":2.19,"u":"0,22 €/P","img":"https://fd5-photos.leclercdrive.fr/image.ashx?id=2958756&use=l&cat=p&typeid=i","cat":285168},{"id":124931,"n":"Coton maxi ovale Bio Bionaia x60","p":2.16,"u":"0,04 €/P","img":"https://fd5-photos.leclercdrive.fr/image.ashx?id=2658584&use=l&cat=p&typeid=i","cat":284636},{"id":124935,"n":"Tampons à récurer Eco+ x5","p":1.01,"u":"0,20 €/P","img":"https://fd5-photos.leclercdrive.fr/image.ashx?id=2593336&use=l&cat=p&typeid=i","cat":284667},{"id":124936,"n":"Serviettes hygiéniques Eco+ Normales Ultra minces - x14","p":0.51,"u":"0,04 €/P","img":"https://fd5-photos.leclercdrive.fr/image.ashx?id=2809686&use=l&cat=p&typeid=i","cat":284624},{"id":124957,"n":"Serviettes hygiéniques Eco+ Normales - x20","p":0.7,"u":"0,04 €/P","img":"https://fd5-photos.leclercdrive.fr/image.ashx?id=2824742&use=l&cat=p&typeid=i","cat":284624},{"id":124959,"n":"Shampooing sec Nateïs Pomme - 150ml","p":2.16,"u":"14,40 €/L","img":"https://fd5-photos.leclercdrive.fr/image.ashx?id=2843602&use=l&cat=p&typeid=i","cat":289143},{"id":124961,"n":"Shampoing sec Nateis 150ml","p":1.87,"u":"12,47 €/L","img":"https://fd5-photos.leclercdrive.fr/image.ashx?id=2751919&use=l&cat=p&typeid=i","cat":289143},{"id":124962,"n":"Sacs poubelle Elembal Salle de bain 5L - x40","p":1.26,"u":"0,03 €/P","img":"https://fd5-photos.leclercdrive.fr/image.ashx?id=2793284&use=l&cat=p&typeid=i","cat":285168},{"id":125015,"n":"Panier de saison de Baleone  4/5 variétés légumes","p":9.95,"img":"https://fd5-photos.leclercdrive.fr/image.ashx?id=1902155&use=l&cat=p&typeid=i","cat":284352},{"id":125123,"n":"Mâche Florette 45g","p":1.11,"u":"24,67 €/KG","img":"https://fd5-photos.leclercdrive.fr/image.ashx?id=2254214&use=l&cat=p&typeid=i","cat":284353},{"id":125137,"n":"Fromage Apéritif St Môret Figues x20 - 100g","p":2.33,"u":"23,30 €/KG","img":"https://fd5-photos.leclercdrive.fr/image.ashx?id=2734825&use=l&cat=p&typeid=i","cat":314027},{"id":125216,"n":"Cacahuètes Eco+ Grillées à sec - 150g","p":0.48,"u":"3,20 €/KG","img":"https://fd5-photos.leclercdrive.fr/image.ashx?id=2780710&use=l&cat=p&typeid=i","cat":284448},{"id":125218,"n":"Cacahuètes Eco  Grillées et salées - 250g","p":0.7,"u":"2,80 €/KG","img":"https://fd5-photos.leclercdrive.fr/image.ashx?id=2836801&use=l&cat=p&typeid=i","cat":284448},{"id":125223,"n":"Pistaches grillées à sec Eco+ 200g","p":2.58,"u":"12,90 €/KG","img":"https://fd5-photos.leclercdrive.fr/image.ashx?id=2746784&use=l&cat=p&typeid=i","cat":284448},{"id":125224,"n":"Pop corn Eco+ Salé - 100g","p":0.97,"u":"9,70 €/KG","img":"https://fd5-photos.leclercdrive.fr/image.ashx?id=2846550&use=l&cat=p&typeid=i","cat":304249},{"id":125227,"n":"Mini cookies P'tit Déli 160g","p":1.49,"u":"9,31 €/KG","img":"https://fd5-photos.leclercdrive.fr/image.ashx?id=2932426&use=l&cat=p&typeid=i","cat":325066},{"id":125235,"n":"Tartelette framboise P'tit Déli 150g","p":1.3,"u":"8,67 €/KG","img":"https://fd5-photos.leclercdrive.fr/image.ashx?id=2683922&use=l&cat=p&typeid=i","cat":284489},{"id":125238,"n":"Cookies P'tit Déli Chocolat noisette - 200g","p":1.69,"u":"8,45 €/KG","img":"https://fd5-photos.leclercdrive.fr/image.ashx?id=1943253&use=l&cat=p&typeid=i","cat":325066},{"id":125241,"n":"Amandes Bio Village Bio - 100g","p":2.09,"u":"20,90 €/KG","img":"https://fd5-photos.leclercdrive.fr/image.ashx?id=2664596&use=l&cat=p&typeid=i","cat":284448},{"id":125246,"n":"Canistrelli de corse NRT Noisettes - 300g","p":3.65,"u":"12,17 €/KG","img":"https://fd5-photos.leclercdrive.fr/image.ashx?id=2909428&use=l&cat=p&typeid=i","cat":284487},{"id":125300,"n":"Éclairs au Café x2 - Faits Maison","p":3.6,"u":"11,25 €/KG","img":"https://fd5-photos.leclercdrive.fr/image.ashx?id=1914141&use=l&cat=p&typeid=i","cat":284360},{"id":125301,"n":"Éclairs au Chocolat x2 - Faits Maison","p":3.6,"u":"11,25 €/KG","img":"https://fd5-photos.leclercdrive.fr/image.ashx?id=1913529&use=l&cat=p&typeid=i","cat":284360},{"id":125302,"n":"Eclairs à la vanille x2 - Faits Maison","p":4.2,"u":"2,10 €/P","img":"https://fd5-photos.leclercdrive.fr/image.ashx?id=1913526&use=l&cat=p&typeid=i","cat":284360},{"id":125303,"n":"Tartelettes aux fraises x2 - Faites Maison","p":3.6,"u":"9,73 €/KG","img":"https://fd5-photos.leclercdrive.fr/image.ashx?id=1907426&use=l&cat=p&typeid=i","cat":284360},{"id":125305,"n":"Millefeuilles x2 - Faits Maison","p":4.15,"u":"31,92 €/KG","img":"https://fd5-photos.leclercdrive.fr/image.ashx?id=1913523&use=l&cat=p&typeid=i","cat":284360},{"id":125306,"n":"Tarte aux fraises 6 parts - Faite Maison","p":12.95,"img":"https://fd5-photos.leclercdrive.fr/image.ashx?id=1913508&use=l&cat=p&typeid=i","cat":284360},{"id":125308,"n":"Millefeuille 6 parts - Fait Maison","p":11.95,"u":"1,99 €/PRT","img":"https://fd5-photos.leclercdrive.fr/image.ashx?id=1913499&use=l&cat=p&typeid=i","cat":284360},{"id":125314,"n":"Farine de blé Jardin Bio Blanche - 1kg","p":1.84,"u":"1,84 €/KG","img":"https://fd5-photos.leclercdrive.fr/image.ashx?id=2638286&use=l&cat=p&typeid=i","cat":284503},{"id":125315,"n":"Farine bio Jardin Bio Semi-complète T80 - 1kg","p":1.85,"u":"1,85 €/KG","img":"https://fd5-photos.leclercdrive.fr/image.ashx?id=2944834&use=l&cat=p&typeid=i","cat":284503},{"id":125328,"n":"Ketchup Rustica Nature - 560g","p":1.25,"u":"2,23 €/KG","img":"https://fd5-photos.leclercdrive.fr/image.ashx?id=2870050&use=l&cat=p&typeid=i","cat":284455},{"id":125383,"n":"Comté fromage râpé Les Croisés 130g","p":1.95,"u":"15,00 €/KG","img":"https://fd5-photos.leclercdrive.fr/image.ashx?id=2897820&use=l&cat=p&typeid=i","cat":314035},{"id":125430,"n":"Muesli Bio Bjorg Superfruit - 375g","p":4.49,"u":"11,97 €/KG","img":"https://fd5-photos.leclercdrive.fr/image.ashx?id=2921217&use=l&cat=p&typeid=i","cat":309512},{"id":125431,"n":"Granola Bio Bjorg Chocolat - 350g","p":4.16,"u":"11,89 €/KG","img":"https://fd5-photos.leclercdrive.fr/image.ashx?id=2906217&use=l&cat=p&typeid=i","cat":309512},{"id":125472,"n":"Sauce tomate  Florelli Aux tomates séchées - 250g","p":2.44,"u":"9,76 €/KG","img":"https://fd5-photos.leclercdrive.fr/image.ashx?id=2735896&use=l&cat=p&typeid=i","cat":287599},{"id":125531,"n":"Choco 100% cacao Lindt Orange Amande - 50g","p":2.98,"u":"59,60 €/KG","img":"https://fd5-photos.leclercdrive.fr/image.ashx?id=2310797&use=l&cat=p&typeid=i","cat":284956},{"id":125532,"n":"Chocolat noir Lindt Création Pistache éclat d'Amandes - 150g","p":3.09,"u":"20,60 €/KG","img":"https://fd5-photos.leclercdrive.fr/image.ashx?id=2961963&use=l&cat=p&typeid=i","cat":284956},{"id":125556,"n":"Fromage Camembert NRT AOP  de Normandie  - 250g","p":4.9,"u":"19,60 €/KG","img":"https://fd5-photos.leclercdrive.fr/image.ashx?id=1904825&use=l&cat=p&typeid=i","cat":314033},{"id":125560,"n":"Yaourt à boire Hipro 0%mg Protéiné vanille - 345g","p":2.98,"u":"8,64 €/P","img":"https://fd5-photos.leclercdrive.fr/image.ashx?id=2807417&use=l&cat=p&typeid=i","cat":315000},{"id":125571,"n":"Yaourt bifidus Activia muesli Chocolat noisette - 170g","p":1.83,"img":"https://fd5-photos.leclercdrive.fr/image.ashx?id=2965891&use=l&cat=p&typeid=i","cat":315000},{"id":125572,"n":"Yaourt bifidus Activia Citron - 12x125g","p":4.75,"u":"3,17 €/KG","img":"https://fd5-photos.leclercdrive.fr/image.ashx?id=2741805&use=l&cat=p&typeid=i","cat":315000},{"id":125584,"n":"AOP Comté Juraflore 12 mois - 400g","p":7.37,"u":"18,43 €/KG","img":"https://fd5-photos.leclercdrive.fr/image.ashx?id=2060697&use=l&cat=p&typeid=i","cat":314034},{"id":125688,"n":"Pâtes Fraîches Faites Maison Tagliatelles Ail Persil - 500g","p":3.2,"u":"6,40 €/KG","img":"https://fd5-photos.leclercdrive.fr/image.ashx?id=1904846&use=l&cat=p&typeid=i","cat":333682},{"id":125689,"n":"Pâtes Fraîches Faites Maison Tagliatelles - 500g","p":3.1,"u":"6,20 €/KG","img":"https://fd5-photos.leclercdrive.fr/image.ashx?id=1904849&use=l&cat=p&typeid=i","cat":333682},{"id":125693,"n":"Gnocchi Faits Maison Nature - 500g","p":4.45,"u":"8,90 €/KG","img":"https://fd5-photos.leclercdrive.fr/image.ashx?id=1904861&use=l&cat=p&typeid=i","cat":333682},{"id":125723,"n":"Céréales fourées P'tit Déli Tout chocolat - 650g","p":2.89,"u":"4,45 €/KG","img":"https://fd5-photos.leclercdrive.fr/image.ashx?id=2878603&use=l&cat=p&typeid=i","cat":309513},{"id":125778,"n":"Infusion detox Jardin Bio Fruitée cassis bio - 20g","p":2.87,"u":"143,50 €/KG","img":"https://fd5-photos.leclercdrive.fr/image.ashx?id=2792597&use=l&cat=p&typeid=i","cat":293234},{"id":125875,"n":"Le Chevrot cendré  Sèvre et Belle - 200g","p":6.4,"u":"32,00 €/KG","img":"https://fd5-photos.leclercdrive.fr/image.ashx?id=1987971&use=l&cat=p&typeid=i","cat":314031},{"id":125915,"n":"Yaourts allégés Sveltesse   Caramel - 4x125g","p":1.76,"u":"3,52 €/KG","img":"https://fd5-photos.leclercdrive.fr/image.ashx?id=2561601&use=l&cat=p&typeid=i","cat":315000},{"id":125916,"n":"Fromages frais Pat'Patrouille Yoplait goûts fruits - 24x50g","p":2.94,"u":"2,45 €/KG","img":"https://fd5-photos.leclercdrive.fr/image.ashx?id=2733688&use=l&cat=p&typeid=i","cat":284414},{"id":125919,"n":"Boisson végétale Alpro Lait d'amande vanille - 1L","p":2.76,"u":"2,76 €/L","img":"https://fd5-photos.leclercdrive.fr/image.ashx?id=2981671&use=l&cat=p&typeid=i","cat":316067},{"id":125953,"n":"Chips Vico La vicoise - 150g","p":1.62,"u":"10,80 €/KG","img":"https://fd5-photos.leclercdrive.fr/image.ashx?id=2733940&use=l&cat=p&typeid=i","cat":284447},{"id":125966,"n":"Chips Tyrrell's Sel et poivre - 150g","p":2.19,"u":"14,60 €/KG","img":"https://fd5-photos.leclercdrive.fr/image.ashx?id=2884777&use=l&cat=p&typeid=i","cat":284447},{"id":125993,"n":"Baguette La Baleone 250g","p":0.89,"u":"3,56 €/KG","img":"https://fd5-photos.leclercdrive.fr/image.ashx?id=2062771&use=l&cat=p&typeid=i","cat":284359},{"id":126019,"n":"Auto-bronzant Ambre Solaire  Mousse effet hâlé - 200ml","p":9.72,"u":"48,60 €/L","img":"https://fd5-photos.leclercdrive.fr/image.ashx?id=2555706&use=l&cat=p&typeid=i","cat":325355},{"id":126139,"n":"Chips  Sel de mer Tyrell's Saveur vinaigre - 150g","p":2.19,"u":"14,60 €/KG","img":"https://fd5-photos.leclercdrive.fr/image.ashx?id=2941865&use=l&cat=p&typeid=i","cat":284447},{"id":126163,"n":"Galette St michel Au bon chocolat - 121g","p":1.1,"u":"9,09 €/KG","img":"https://fd5-photos.leclercdrive.fr/image.ashx?id=2949955&use=l&cat=p&typeid=i","cat":284487},{"id":126178,"n":"Riz long thaï Eco+ 1kg","p":1.61,"u":"1,61 €/KG","img":"https://fd5-photos.leclercdrive.fr/image.ashx?id=2799751&use=l&cat=p&typeid=i","cat":284428},{"id":126181,"n":"Chocolat Daim 140g","p":2.85,"u":"20,36 €/KG","img":"https://fd5-photos.leclercdrive.fr/image.ashx?id=2506918&use=l&cat=p&typeid=i","cat":304250},{"id":126183,"n":"Biscuits Lotus Biscoff Fourré  Crème saveur speculoos - 150g","p":1.61,"u":"10,73 €/KG","img":"https://fd5-photos.leclercdrive.fr/image.ashx?id=2694968&use=l&cat=p&typeid=i","cat":284487},{"id":126186,"n":"Riz rond Eco+ 1kg","p":1.77,"u":"1,77 €/KG","img":"https://fd5-photos.leclercdrive.fr/image.ashx?id=2704594&use=l&cat=p&typeid=i","cat":284428},{"id":126187,"n":"Biscuits Lotus Biscoff Fourré Crème saveur chocolat 150g","p":1.65,"u":"11,00 €/KG","img":"https://fd5-photos.leclercdrive.fr/image.ashx?id=2859818&use=l&cat=p&typeid=i","cat":284487},{"id":126189,"n":"Biscuits Lotus Biscoff Fourré  Crème saveur vanille - 150g","p":1.84,"u":"12,27 €/KG","img":"https://fd5-photos.leclercdrive.fr/image.ashx?id=2685315&use=l&cat=p&typeid=i","cat":284487},{"id":126244,"n":"Saucisson Tranches sous-vide Buresi - 200g","p":8.9,"u":"44,50 €/KG","img":"https://fd5-photos.leclercdrive.fr/image.ashx?id=1910466&use=l&cat=p&typeid=i","cat":316006},{"id":126245,"n":"Coppa Tranches sous-vide Buresi - 200g","p":8.9,"u":"44,50 €/KG","img":"https://fd5-photos.leclercdrive.fr/image.ashx?id=1910469&use=l&cat=p&typeid=i","cat":316007},{"id":126246,"n":"Lonzu Tranches sous-vide Buresi - 200g","p":8.9,"u":"44,50 €/KG","img":"https://fd5-photos.leclercdrive.fr/image.ashx?id=1910478&use=l&cat=p&typeid=i","cat":316007},{"id":126284,"n":"Fromage Tomme Brebis Pierucci 34%MG - 250g","p":7.9,"u":"31,60 €/KG","img":"https://fd5-photos.leclercdrive.fr/image.ashx?id=1911660&use=l&cat=p&typeid=i","cat":314031},{"id":126310,"n":"Crème dépilatoire Pure Veet Corps Peaux normales 200ml","p":4.41,"u":"22,05 €/L","img":"https://fd5-photos.leclercdrive.fr/image.ashx?id=3014437&use=l&cat=p&typeid=i","cat":325351},{"id":126314,"n":"Crème dépilatoire Pure Veet Corps Peaux sensibles 200ml","p":4.24,"u":"21,20 €/L","img":"https://fd5-photos.leclercdrive.fr/image.ashx?id=2965692&use=l&cat=p&typeid=i","cat":325351},{"id":126316,"n":"Cire Chaude au Sucre Pure Veet 100% d'Origine Naturelle 250ml","p":6.78,"u":"27,12 €/L","img":"https://fd5-photos.leclercdrive.fr/image.ashx?id=2990430&use=l&cat=p&typeid=i","cat":325351},{"id":126396,"n":"Bière sans alcool Kronenbourg Pur Malt 0,4° - 12x25cl","p":5.66,"u":"1,89 €/L","img":"https://fd5-photos.leclercdrive.fr/image.ashx?id=2992756&use=l&cat=p&typeid=i","cat":334877},{"id":126421,"n":"Biscuits Figolu LU Figue - 192g","p":1.37,"u":"7,14 €/KG","img":"https://fd5-photos.leclercdrive.fr/image.ashx?id=2967950&use=l&cat=p&typeid=i","cat":284489},{"id":126424,"n":"Biscuits Sprits sablés Delacre Chocolat au lait - 200g","p":1.52,"u":"7,60 €/KG","img":"https://fd5-photos.leclercdrive.fr/image.ashx?id=2855873&use=l&cat=p&typeid=i","cat":284488},{"id":126430,"n":"Dosettes café Senseo Milka x8","p":2.85,"u":"25,45 €/KG","img":"https://fd5-photos.leclercdrive.fr/image.ashx?id=2127012&use=l&cat=p&typeid=i","cat":293238},{"id":126474,"n":"Thon entier MSC Petit Navire A l'huile d'olive - 160g","p":3.28,"u":"20,50 €/KG","img":"https://fd5-photos.leclercdrive.fr/image.ashx?id=2523897&use=l&cat=p&typeid=i","cat":303867},{"id":126476,"n":"Double concentré Mutti Tomates bio - 185g","p":1.6,"u":"8,65 €/KG","img":"https://fd5-photos.leclercdrive.fr/image.ashx?id=2871208&use=l&cat=p&typeid=i","cat":288384},{"id":126477,"n":"Thon naturel MSC Petit Navire -25% sel - 112g","p":3.13,"u":"27,95 €/KG","img":"https://fd5-photos.leclercdrive.fr/image.ashx?id=2521897&use=l&cat=p&typeid=i","cat":303867},{"id":126478,"n":"Morceaux Thon PETIT NAVIRE 160g Nature Démarche Responsable","p":1.82,"u":"16,25 €/KG","img":"https://fd5-photos.leclercdrive.fr/image.ashx?id=2549453&use=l&cat=p&typeid=i","cat":303867},{"id":126481,"n":"Pulpe de tomates Mutti Datterini - 600g","p":2.12,"u":"3,53 €/KG","img":"https://fd5-photos.leclercdrive.fr/image.ashx?id=2654098&use=l&cat=p&typeid=i","cat":312608},{"id":126503,"n":"Durex Gel Lubrifiant Intime  Perfect Gliss Silicone 50ml","p":7.4,"u":"148,00 €/L","img":"https://fd5-photos.leclercdrive.fr/image.ashx?id=2996497&use=l&cat=p&typeid=i","cat":285160},{"id":126519,"n":"Bloc WC Bref Color Activ+  Marine toilettes - 50g x1","p":1.8,"u":"360,00 €/KG","img":"https://fd5-photos.leclercdrive.fr/image.ashx?id=2890112&use=l&cat=p&typeid=i","cat":284662},{"id":126521,"n":"Crème Pieds Nutrition Intense 75 ml","p":4.75,"u":"63,33 €/L","img":"https://fd5-photos.leclercdrive.fr/image.ashx?id=3011014&use=l&cat=p&typeid=i","cat":325354},{"id":126543,"n":"Mandarine Eco+ Filet 1kg","p":1.99,"u":"1,99 €/KG","img":"https://fd5-photos.leclercdrive.fr/image.ashx?id=2607993&use=l&cat=p&typeid=i","cat":284356},{"id":126549,"n":"Pomelo Chinois 1p","p":2.65,"img":"https://fd5-photos.leclercdrive.fr/image.ashx?id=1628325&use=l&cat=p&typeid=i","cat":284356},{"id":126570,"n":"Soda Sprite Original  Bouteille  - 1.25L","p":1.26,"u":"1,01 €/L","img":"https://fd5-photos.leclercdrive.fr/image.ashx?id=2796989&use=l&cat=p&typeid=i","cat":284531},{"id":126571,"n":"Gaufres de Liège Lotus 315g","p":1.85,"u":"5,87 €/KG","img":"https://fd5-photos.leclercdrive.fr/image.ashx?id=2694995&use=l&cat=p&typeid=i","cat":294777},{"id":126578,"n":"Poires Eco+ Barquette 1kg","p":2.49,"u":"2,49 €/KG","img":"https://fd5-photos.leclercdrive.fr/image.ashx?id=2909374&use=l&cat=p&typeid=i","cat":284356},{"id":126581,"n":"Pommes jaunes Eco+ Sachet 2kg","p":2.99,"u":"1,50 €/KG","img":"https://fd5-photos.leclercdrive.fr/image.ashx?id=2441890&use=l&cat=p&typeid=i","cat":284356},{"id":126589,"n":"Endives Eco+ Sachet 500g","p":1.49,"u":"2,98 €/KG","img":"https://fd5-photos.leclercdrive.fr/image.ashx?id=2922917&use=l&cat=p&typeid=i","cat":284352},{"id":126591,"n":"Echalotes Eco+ Filet 500g","p":1.19,"u":"2,38 €/KG","img":"https://fd5-photos.leclercdrive.fr/image.ashx?id=2777946&use=l&cat=p&typeid=i","cat":284352},{"id":126601,"n":"Biscuits à thé Delacre Tea Time Boîte Assortiment - 300g","p":4.83,"u":"16,10 €/KG","img":"https://fd5-photos.leclercdrive.fr/image.ashx?id=2867972&use=l&cat=p&typeid=i","cat":284490},{"id":126609,"n":"Le petit pois Bonduelle sans résidu de pesticide - 750g","p":3.51,"u":"4,68 €/KG","img":"https://fd5-photos.leclercdrive.fr/image.ashx?id=2876182&use=l&cat=p&typeid=i","cat":319805},{"id":126616,"n":"Haricot vert Bonduelle Sans résidu - 750g","p":3.59,"u":"4,79 €/KG","img":"https://fd5-photos.leclercdrive.fr/image.ashx?id=2876176&use=l&cat=p&typeid=i","cat":319805},{"id":126643,"n":"Gaufres de liège Lotus Chocolat - 363g","p":2.72,"u":"7,49 €/KG","img":"https://fd5-photos.leclercdrive.fr/image.ashx?id=2859824&use=l&cat=p&typeid=i","cat":294777},{"id":126646,"n":"Gaufres de liège Lotus Chocolat au lait - 363g","p":3.03,"u":"8,35 €/KG","img":"https://fd5-photos.leclercdrive.fr/image.ashx?id=2859827&use=l&cat=p&typeid=i","cat":294777},{"id":126648,"n":"Epinards Bonduelle sans résidu de pesticide - 750g","p":2.0,"u":"2,67 €/KG","img":"https://fd5-photos.leclercdrive.fr/image.ashx?id=2876179&use=l&cat=p&typeid=i","cat":319805},{"id":126652,"n":"Pavés fondants camembert Président - 200g","p":3.23,"u":"16,15 €/KG","img":"https://fd5-photos.leclercdrive.fr/image.ashx?id=2856091&use=l&cat=p&typeid=i","cat":314027},{"id":126653,"n":"P'tit savane Brossard Duo fraise - x6 - 150g","p":2.25,"u":"15,00 €/KG","img":"https://fd5-photos.leclercdrive.fr/image.ashx?id=2881446&use=l&cat=p&typeid=i","cat":284489},{"id":126654,"n":"Fromage de Chèvre Saint Loup  Bûche Affinée - 180g","p":2.51,"u":"13,94 €/KG","img":"https://fd5-photos.leclercdrive.fr/image.ashx?id=2763322&use=l&cat=p&typeid=i","cat":314031},{"id":126655,"n":"Rillettes de thon aux olives  Ronde des Mers - 125g","p":1.68,"u":"13,44 €/KG","img":"https://fd5-photos.leclercdrive.fr/image.ashx?id=2436705&use=l&cat=p&typeid=i","cat":303867},{"id":126658,"n":"Poisson pané Colin Alaska  Findus MSC herbes ail x2 - 225g","p":3.01,"u":"13,38 €/KG","img":"https://fd5-photos.leclercdrive.fr/image.ashx?id=2650699&use=l&cat=p&typeid=i","cat":319788},{"id":126659,"n":"Fromage fondu Eco+ 24 portions - 400g","p":2.45,"u":"6,13 €/KG","img":"https://fd5-photos.leclercdrive.fr/image.ashx?id=2415746&use=l&cat=p&typeid=i","cat":314030},{"id":126765,"n":"Mascara Maybelline New York Big Shot Daring Black nu - x1","p":7.1,"img":"https://fd5-photos.leclercdrive.fr/image.ashx?id=2344165&use=l&cat=p&typeid=i","cat":287029},{"id":126817,"n":"Filet de poulet extra tendre Le Gaulois - 300g","p":5.37,"u":"17,90 €/KG","img":"https://fd5-photos.leclercdrive.fr/image.ashx?id=2304707&use=l&cat=p&typeid=i","cat":284336},{"id":126847,"n":"Batonnets Smicy Vanille fraise - x12 - 456g","p":3.65,"u":"8,00 €/KG","img":"https://fd5-photos.leclercdrive.fr/image.ashx?id=2902555&use=l&cat=p&typeid=i","cat":284265},{"id":126848,"n":"Batonnets Smicy Vanille - x12 - 456g","p":4.02,"u":"8,82 €/KG","img":"https://fd5-photos.leclercdrive.fr/image.ashx?id=2902552&use=l&cat=p&typeid=i","cat":284265},{"id":126849,"n":"Batonnets Smicy Vanille chocolat - x12 - 456g","p":3.53,"u":"7,74 €/KG","img":"https://fd5-photos.leclercdrive.fr/image.ashx?id=2051843&use=l&cat=p&typeid=i","cat":284265},{"id":126850,"n":"Batonnets Smicy Pistache chocolat - x12 - 456g","p":3.53,"u":"7,74 €/KG","img":"https://fd5-photos.leclercdrive.fr/image.ashx?id=2902561&use=l&cat=p&typeid=i","cat":284265},{"id":126907,"n":"Pesto verde Garofalo 175g","p":2.85,"u":"16,29 €/KG","img":"https://fd5-photos.leclercdrive.fr/image.ashx?id=2884651&use=l&cat=p&typeid=i","cat":287599},{"id":126914,"n":"Lorina limonade artisanale 6x20cl","p":4.32,"u":"3,60 €/L","img":"https://fd5-photos.leclercdrive.fr/image.ashx?id=2735140&use=l&cat=p&typeid=i","cat":284531},{"id":126918,"n":"Kaki 1p","p":0.95,"img":"https://fd5-photos.leclercdrive.fr/image.ashx?id=1628367&use=l&cat=p&typeid=i","cat":284356},{"id":126938,"n":"Grissini Stirati Torinesi Linea Derby 400g","p":4.7,"u":"11,75 €/KG","img":"https://fd5-photos.leclercdrive.fr/image.ashx?id=1914483&use=l&cat=p&typeid=i","cat":297000},{"id":126960,"n":"Cheeseburgers Côté Croc x6 - 780g","p":6.29,"u":"8,06 €/KG","img":"https://fd5-photos.leclercdrive.fr/image.ashx?id=2077373&use=l&cat=p&typeid=i","cat":319822},{"id":126990,"n":"Carottes Eco+ Sachet de 2kg","p":1.89,"u":"0,95 €/KG","img":"https://fd5-photos.leclercdrive.fr/image.ashx?id=2922376&use=l&cat=p&typeid=i","cat":284352},{"id":126993,"n":"Céleri  1 branche","p":1.96,"img":"https://fd5-photos.leclercdrive.fr/image.ashx?id=1631818&use=l&cat=p&typeid=i","cat":284352},{"id":126994,"n":"Céleri rave 1p","p":2.35,"img":"https://fd5-photos.leclercdrive.fr/image.ashx?id=1631904&use=l&cat=p&typeid=i","cat":284352},{"id":127016,"n":"Courge muscade x1","p":4.77,"img":"https://fd5-photos.leclercdrive.fr/image.ashx?id=1632042&use=l&cat=p&typeid=i","cat":284352},{"id":127019,"n":"Potimarron 1p","p":2.89,"pp":1.91,"img":"https://fd5-photos.leclercdrive.fr/image.ashx?id=1633196&use=l&cat=p&typeid=i","cat":284352},{"id":127026,"n":"Chou frisé 1p","p":2.55,"img":"https://fd5-photos.leclercdrive.fr/image.ashx?id=560851&use=l&cat=p&typeid=i","cat":284352},{"id":127027,"n":"Bouchées Feuilletées 3 Toques x12 - 318g","p":2.19,"u":"6,89 €/KG","img":"https://fd5-photos.leclercdrive.fr/image.ashx?id=1913859&use=l&cat=p&typeid=i","cat":284441},{"id":127066,"n":"Verrine Profiteroles 1 part - Faite Maison","p":3.65,"img":"https://fd5-photos.leclercdrive.fr/image.ashx?id=2121396&use=l&cat=p&typeid=i","cat":284360},{"id":127069,"n":"Tartelettes citron meringuée x2 - Faites Maison","p":4.2,"u":"23,33 €/KG","img":"https://fd5-photos.leclercdrive.fr/image.ashx?id=1913535&use=l&cat=p&typeid=i","cat":284360},{"id":127215,"n":"Litière chats Tranquille Cristaux fins - 3.7L","p":5.59,"u":"1,51 €/L","img":"https://fd5-photos.leclercdrive.fr/image.ashx?id=1934850&use=l&cat=p&typeid=i","cat":284683},{"id":127239,"n":"Farine de Blé T65 Coeur de Blé Label Rouge - 1kg","p":1.53,"u":"1,53 €/KG","img":"https://fd5-photos.leclercdrive.fr/image.ashx?id=2686933&use=l&cat=p&typeid=i","cat":284503},{"id":127244,"n":"Filets de Canard Volandrie - 350g","p":6.44,"u":"18,40 €/KG","img":"https://fd5-photos.leclercdrive.fr/image.ashx?id=2903971&use=l&cat=p&typeid=i","cat":284339},{"id":127306,"n":"Tajine de légumes Maison Rivière - 630 g","p":3.12,"u":"4,95 €/KG","img":"https://fd5-photos.leclercdrive.fr/image.ashx?id=2505070&use=l&cat=p&typeid=i","cat":284441},{"id":127323,"n":"Shampoing nourrissant Fructis Hair Food banane - 350ml","p":3.74,"u":"10,69 €/L","img":"https://fd5-photos.leclercdrive.fr/image.ashx?id=2830597&use=l&cat=p&typeid=i","cat":284606},{"id":127327,"n":"Saucissons natures Galibier Mini bûchettes - 120g","p":4.43,"u":"36,92 €/KG","img":"https://fd5-photos.leclercdrive.fr/image.ashx?id=2902028&use=l&cat=p&typeid=i","cat":316006},{"id":127328,"n":"Après-shampooing Fructis  Hair Food Banane - 350ml","p":4.0,"u":"11,43 €/L","img":"https://fd5-photos.leclercdrive.fr/image.ashx?id=2878066&use=l&cat=p&typeid=i","cat":284607},{"id":127329,"n":"Saucisson au Comté Galibier Mini bûchettes - 120g","p":3.86,"u":"32,17 €/KG","img":"https://fd5-photos.leclercdrive.fr/image.ashx?id=2902031&use=l&cat=p&typeid=i","cat":316006},{"id":127343,"n":"Filets de canard x 2 700 g","p":12.79,"u":"18,27 €/KG","img":"https://fd5-photos.leclercdrive.fr/image.ashx?id=2903968&use=l&cat=p&typeid=i","cat":284339},{"id":127346,"n":"Cuisses de canard Volandrie x2 - 700g","p":6.49,"u":"9,27 €/KG","img":"https://fd5-photos.leclercdrive.fr/image.ashx?id=2396942&use=l&cat=p&typeid=i","cat":284339},{"id":127366,"n":"Pommes de terre Findus Croustine - 420g","p":1.69,"u":"4,02 €/KG","img":"https://fd5-photos.leclercdrive.fr/image.ashx?id=3008755&use=l&cat=p&typeid=i","cat":319792},{"id":127389,"n":"Cire divine rituel douceur Nair huile argan et onagre - 400g","p":6.36,"u":"15,90 €/KG","img":"https://fd5-photos.leclercdrive.fr/image.ashx?id=2904790&use=l&cat=p&typeid=i","cat":325351},{"id":127396,"n":"Soin de jour Diadermine Lift+ Lissage Immédiat - 50 ml","p":6.84,"u":"136,80 €/L","img":"https://fd5-photos.leclercdrive.fr/image.ashx?id=2551111&use=l&cat=p&typeid=i","cat":325345},{"id":127401,"n":"Préservatifs Orgasm'Intense Perlés et Nervurés Durex x10","p":9.03,"u":"0,90 €/P","img":"https://fd5-photos.leclercdrive.fr/image.ashx?id=2962023&use=l&cat=p&typeid=i","cat":284631},{"id":127430,"n":"Céréales fourrées P'tit Déli Chocolat au lait - 450g","p":2.58,"u":"5,73 €/KG","img":"https://fd5-photos.leclercdrive.fr/image.ashx?id=2824713&use=l&cat=p&typeid=i","cat":309513},{"id":127432,"n":"Vol-au-Vent Gourmet beurre - x4 - 160g","p":4.26,"u":"26,63 €/KG","img":"https://fd5-photos.leclercdrive.fr/image.ashx?id=1915524&use=l&cat=p&typeid=i","cat":284441},{"id":127456,"n":"Lingettes mains Sanytol Désinfectantes - x12 lingettes","p":3.05,"img":"https://fd5-photos.leclercdrive.fr/image.ashx?id=2904670&use=l&cat=p&typeid=i","cat":284630},{"id":127475,"n":"Lait bébé en poudre Blédilait croissance 1-3 ans 900g","p":9.96,"u":"11,07 €/KG","img":"https://fd5-photos.leclercdrive.fr/image.ashx?id=2848587&use=l&cat=p&typeid=i","cat":290219},{"id":127476,"n":"Piperade basquaise NRT 600g","p":3.7,"u":"6,17 €/KG","img":"https://fd5-photos.leclercdrive.fr/image.ashx?id=2771420&use=l&cat=p&typeid=i","cat":284441},{"id":127537,"n":"Nettoyant l'Arbre Vert spray vitre -740ml","p":2.08,"u":"2,81 €/L","img":"https://fd5-photos.leclercdrive.fr/image.ashx?id=2812867&use=l&cat=p&typeid=i","cat":325363},{"id":127556,"n":"Litière chats Tranquille Cristale charbon actif - 4L","p":6.71,"u":"1,68 €/L","img":"https://fd5-photos.leclercdrive.fr/image.ashx?id=2421874&use=l&cat=p&typeid=i","cat":284683},{"id":127569,"n":"Miel d'automne Biancucci Carulu - 250g","p":8.95,"u":"35,80 €/KG","img":"https://fd5-photos.leclercdrive.fr/image.ashx?id=2964514&use=l&cat=p&typeid=i","cat":287643},{"id":127570,"n":"Miel de printemps Biancucci Carulu - 250g","p":8.95,"u":"35,80 €/KG","img":"https://fd5-photos.leclercdrive.fr/image.ashx?id=2964517&use=l&cat=p&typeid=i","cat":287643},{"id":127649,"n":"Equerre Maped 60° 21cm - Aluminium","p":6.04,"img":"https://fd5-photos.leclercdrive.fr/image.ashx?id=2013953&use=l&cat=p&typeid=i","cat":334133},{"id":127710,"n":"Surligneurs Esquisse x4","p":1.89,"u":"0,47 €/P","img":"https://fd5-photos.leclercdrive.fr/image.ashx?id=1929801&use=l&cat=p&typeid=i","cat":284696},{"id":127711,"n":"Pochettes Esquisse Transparentes - x10","p":1.95,"img":"https://fd5-photos.leclercdrive.fr/image.ashx?id=1929786&use=l&cat=p&typeid=i","cat":284745},{"id":127712,"n":"Poubelle métal Esquisse 1 pièce","p":5.5,"img":"https://fd5-photos.leclercdrive.fr/image.ashx?id=1929804&use=l&cat=p&typeid=i","cat":334133},{"id":127720,"n":"Boîtes de classement Esquisse x4","p":4.79,"img":"https://fd5-photos.leclercdrive.fr/image.ashx?id=1929774&use=l&cat=p&typeid=i","cat":284745},{"id":128229,"n":"Ardoise blanche Maped Rouge","p":3.65,"img":"https://fd5-photos.leclercdrive.fr/image.ashx?id=1925885&use=l&cat=p&typeid=i","cat":334133},{"id":128297,"n":"Surligneurs Grip Pastel Bic x4","p":2.94,"img":"https://fd5-photos.leclercdrive.fr/image.ashx?id=2780190&use=l&cat=p&typeid=i","cat":284696},{"id":128518,"n":"Protège-document A4 Exacompta Noir - 120 vues","p":5.39,"img":"https://fd5-photos.leclercdrive.fr/image.ashx?id=1922659&use=l&cat=p&typeid=i","cat":284745},{"id":128826,"n":"Boisson a base de vin Don Simon Sangria blanche 1,5L","p":2.55,"u":"1,70 €/L","img":"https://fd5-photos.leclercdrive.fr/image.ashx?id=1918577&use=l&cat=p&typeid=i","cat":304569},{"id":128887,"n":"Soda Coca-Cola Verre - 6x250ml","p":5.28,"u":"3,52 €/L","img":"https://fd5-photos.leclercdrive.fr/image.ashx?id=2444465&use=l&cat=p&typeid=i","cat":284530},{"id":128976,"n":"Sucre poudre Daddy 750g","p":1.64,"u":"2,19 €/KG","img":"https://fd5-photos.leclercdrive.fr/image.ashx?id=2944699&use=l&cat=p&typeid=i","cat":284502},{"id":129002,"n":"Crème douche Atoderm Bioderma Ultra-nourissante - 1L","p":11.5,"u":"11,50 €/L","img":"https://fd5-photos.leclercdrive.fr/image.ashx?id=2981205&use=l&cat=p&typeid=i","cat":301591},{"id":129003,"n":"Lait infantile 1er âge Babybio  Optima 1 Bio - 800g","p":16.6,"u":"20,75 €/KG","img":"https://fd5-photos.leclercdrive.fr/image.ashx?id=2988433&use=l&cat=p&typeid=i","cat":284726},{"id":129009,"n":"Lait de croissance Babybio Bio En poudre caprea 3 - 800g","p":26.37,"u":"32,96 €/KG","img":"https://fd5-photos.leclercdrive.fr/image.ashx?id=2733343&use=l&cat=p&typeid=i","cat":290219},{"id":129019,"n":"Chocolat Pâtissier Nestlé Dessert : Noir Bio - 170g","p":4.3,"u":"25,29 €/KG","img":"https://fd5-photos.leclercdrive.fr/image.ashx?id=2961245&use=l&cat=p&typeid=i","cat":285562},{"id":129038,"n":"Lait nature Croissance Eveil Bio - 6x1L","p":11.23,"u":"1,87 €/L","img":"https://fd5-photos.leclercdrive.fr/image.ashx?id=1915623&use=l&cat=p&typeid=i","cat":284728},{"id":129044,"n":"Sauce arrabbiata bio Mariangela Prunotto - 340g","p":6.59,"u":"19,38 €/KG","img":"https://fd5-photos.leclercdrive.fr/image.ashx?id=1921015&use=l&cat=p&typeid=i","cat":287599},{"id":129049,"n":"Haricots coco bio Jardin Bio Cuisinés - 680g","p":3.37,"u":"4,96 €/KG","img":"https://fd5-photos.leclercdrive.fr/image.ashx?id=2811200&use=l&cat=p&typeid=i","cat":312606},{"id":129059,"n":"Epinards Jardin Bio Bio - 630g","p":3.3,"u":"5,24 €/KG","img":"https://fd5-photos.leclercdrive.fr/image.ashx?id=2918928&use=l&cat=p&typeid=i","cat":312612},{"id":129067,"n":"Lait caprea 1er âge Babybio Bio 800g","p":22.28,"u":"27,85 €/KG","img":"https://fd5-photos.leclercdrive.fr/image.ashx?id=2733337&use=l&cat=p&typeid=i","cat":284726},{"id":129084,"n":"Purée de tomates  bio Mariangela Prunotto - 690g","p":7.11,"u":"10,30 €/KG","img":"https://fd5-photos.leclercdrive.fr/image.ashx?id=1915749&use=l&cat=p&typeid=i","cat":287599},{"id":129085,"n":"Pulpe de tomates bio Mariangela Prunotto - 690g","p":5.7,"u":"8,26 €/KG","img":"https://fd5-photos.leclercdrive.fr/image.ashx?id=1915746&use=l&cat=p&typeid=i","cat":287599},{"id":129092,"n":"Sauce Tomate Panzani Bio - 400g","p":2.88,"u":"7,20 €/KG","img":"https://fd5-photos.leclercdrive.fr/image.ashx?id=2918559&use=l&cat=p&typeid=i","cat":287599},{"id":129106,"n":"Liqueur de Whisky Jack Daniel's Apple 70cL","p":19.95,"pp":17.95,"u":"25,64 €/L","img":"https://fd5-photos.leclercdrive.fr/image.ashx?id=2764586&use=l&cat=p&typeid=i","cat":286032},{"id":129123,"n":"Gel Lubrifiant Perfect Gliss Durex Longue Durée 100ml","p":8.42,"u":"84,20 €/L","img":"https://fd5-photos.leclercdrive.fr/image.ashx?id=2960693&use=l&cat=p&typeid=i","cat":285160},{"id":129132,"n":"SprayProtect & Bronze Nivea Sun SPF20 - 200ml","p":9.17,"u":"45,85 €/L","img":"https://fd5-photos.leclercdrive.fr/image.ashx?id=2291282&use=l&cat=p&typeid=i","cat":325355},{"id":129137,"n":"Ethylotest 0.5g/L  NF x1","p":1.75,"img":"https://fd5-photos.leclercdrive.fr/image.ashx?id=1916195&use=l&cat=p&typeid=i","cat":334880},{"id":129143,"n":"Lait solaire Nivea Sun Hydrate & Protect SPF30 - 200ml","p":11.39,"u":"56,95 €/L","img":"https://fd5-photos.leclercdrive.fr/image.ashx?id=2225417&use=l&cat=p&typeid=i","cat":325355},{"id":129162,"n":"Boisson énergisante Monster Mango Loco - 50cl","p":1.48,"u":"2,96 €/L","img":"https://fd5-photos.leclercdrive.fr/image.ashx?id=2433443&use=l&cat=p&typeid=i","cat":284533},{"id":129187,"n":"Gourdes multipack Hipp Bio 2 Variétés - Dès 8 mois.8x90ml","p":7.56,"u":"10,50 €/L","img":"https://fd5-photos.leclercdrive.fr/image.ashx?id=2912542&use=l&cat=p&typeid=i","cat":312393},{"id":129189,"n":"Biscuit Lotus Biscoff  Original 375g (3x125g)","p":2.08,"u":"5,55 €/KG","img":"https://fd5-photos.leclercdrive.fr/image.ashx?id=2740271&use=l&cat=p&typeid=i","cat":284487},{"id":129235,"n":"Soda Coca-Cola sans sucres Bouteille - 6x1.75L","p":11.41,"u":"1,09 €/L","img":"https://fd5-photos.leclercdrive.fr/image.ashx?id=2878330&use=l&cat=p&typeid=i","cat":284530},{"id":129251,"n":"Madeleine Armor Délices x16+8 offerts - 792g","p":5.08,"u":"6,41 €/KG","img":"https://fd5-photos.leclercdrive.fr/image.ashx?id=2544278&use=l&cat=p&typeid=i","cat":284492},{"id":129363,"n":"Pizza E Pizze Nustrale Bulagna - 410g","p":8.48,"u":"20,68 €/KG","img":"https://fd5-photos.leclercdrive.fr/image.ashx?id=2817923&use=l&cat=p&typeid=i","cat":284256},{"id":129393,"n":"Tablette Chocolat Noir Atelier Myrtille Amandes Noisettes 170g","p":3.34,"u":"19,65 €/KG","img":"https://fd5-photos.leclercdrive.fr/image.ashx?id=2663057&use=l&cat=p&typeid=i","cat":284956},{"id":129394,"n":"Tablette Chocolat Noir Nestlé L'Atelier Cranberries 170g","p":4.01,"u":"23,59 €/KG","img":"https://fd5-photos.leclercdrive.fr/image.ashx?id=2663054&use=l&cat=p&typeid=i","cat":284956},{"id":129395,"n":"Tablette Chocolat Lait Nestlé  L'Atelier Cranberries 170g","p":3.81,"u":"22,41 €/KG","img":"https://fd5-photos.leclercdrive.fr/image.ashx?id=2663051&use=l&cat=p&typeid=i","cat":284497},{"id":129396,"n":"Tablette Chocolat Lait Nestlé  L'atelier Raisins Amandes 170g","p":3.84,"u":"22,59 €/KG","img":"https://fd5-photos.leclercdrive.fr/image.ashx?id=2663048&use=l&cat=p&typeid=i","cat":284497},{"id":129397,"n":"Tablette Chocolat Noir Nestlé L'Atelier Raisins Amandes 170g","p":3.54,"u":"20,82 €/KG","img":"https://fd5-photos.leclercdrive.fr/image.ashx?id=2662147&use=l&cat=p&typeid=i","cat":284956},{"id":129398,"n":"Tablette Chocolat Lait Nestlé  L'Atelier Noisettes 170g","p":3.77,"u":"22,18 €/KG","img":"https://fd5-photos.leclercdrive.fr/image.ashx?id=2663060&use=l&cat=p&typeid=i","cat":284497},{"id":129399,"n":"Tablette Chocolat Noir Nestlé L'Atelier Noisettes 170g","p":3.54,"u":"20,82 €/KG","img":"https://fd5-photos.leclercdrive.fr/image.ashx?id=2663063&use=l&cat=p&typeid=i","cat":284956},{"id":129410,"n":"Tablette Chocolat Noir Nestlé L'Atelier Amandes entières 170g","p":4.03,"u":"23,71 €/KG","img":"https://fd5-photos.leclercdrive.fr/image.ashx?id=2663066&use=l&cat=p&typeid=i","cat":284956},{"id":129440,"n":"Papier toilette Lotus just1 XXL 6=9","p":8.89,"img":"https://fd5-photos.leclercdrive.fr/image.ashx?id=2854753&use=l&cat=p&typeid=i","cat":284634},{"id":129451,"n":"Thon miettes Petit Navire Tomate Herbes de Provence 160g","p":1.95,"u":"12,19 €/KG","img":"https://fd5-photos.leclercdrive.fr/image.ashx?id=2523909&use=l&cat=p&typeid=i","cat":303867},{"id":129472,"n":"Crème dessert Danette Vanille - 8x125g","p":2.57,"u":"2,57 €/KG","img":"https://fd5-photos.leclercdrive.fr/image.ashx?id=2949838&use=l&cat=p&typeid=i","cat":285041},{"id":129476,"n":"Panés au Camembert Grand Fermage - x4 - 100g","p":2.66,"u":"26,60 €/KG","img":"https://fd5-photos.leclercdrive.fr/image.ashx?id=2645203&use=l&cat=p&typeid=i","cat":314027},{"id":129560,"n":"Filets cabillaud MSC 800g","p":11.98,"u":"14,98 €/KG","img":"https://fd5-photos.leclercdrive.fr/image.ashx?id=1983986&use=l&cat=p&typeid=i","cat":319786},{"id":129602,"n":"Lait demi-écrémé Grandlait Candia Bouteille - 6x25cl","p":4.03,"u":"2,69 €/L","img":"https://fd5-photos.leclercdrive.fr/image.ashx?id=2916189&use=l&cat=p&typeid=i","cat":284377},{"id":129620,"n":"Bière Ambrée 3 Monts 75cl","p":2.98,"u":"3,97 €/L","img":"https://fd5-photos.leclercdrive.fr/image.ashx?id=2548186&use=l&cat=p&typeid=i","cat":334852},{"id":129629,"n":"Sacs congélation zip renforcé Grand modèle - x20","p":2.85,"u":"0,14 €/P","img":"https://fd5-photos.leclercdrive.fr/image.ashx?id=2986341&use=l&cat=p&typeid=i","cat":334134},{"id":129630,"n":"Bâtonnets Trium Menthe - x4 - 290g","p":2.81,"u":"9,69 €/KG","img":"https://fd5-photos.leclercdrive.fr/image.ashx?id=2920794&use=l&cat=p&typeid=i","cat":284265},{"id":129779,"n":"Arrangé ananas Victoria 40%vol - 50cl","p":16.39,"u":"32,78 €/L","img":"https://fd5-photos.leclercdrive.fr/image.ashx?id=2321310&use=l&cat=p&typeid=i","cat":284551},{"id":129809,"n":"Bonbons Carambar Sucettes Caramel - 156g","p":2.29,"u":"14,68 €/KG","img":"https://fd5-photos.leclercdrive.fr/image.ashx?id=2580804&use=l&cat=p&typeid=i","cat":304252},{"id":129810,"n":"Bière blonde Affligem Sans alcool - 12x25cl","p":9.06,"u":"3,02 €/L","img":"https://fd5-photos.leclercdrive.fr/image.ashx?id=2672026&use=l&cat=p&typeid=i","cat":334877},{"id":129820,"n":"AOP Bordeaux Médoc rouge Chateau Tour Prignac - 75cl","p":8.95,"u":"11,93 €/L","img":"https://fd5-photos.leclercdrive.fr/image.ashx?id=2432001&use=l&cat=p&typeid=i","cat":289556},{"id":129829,"n":"Pecorino Romano AOP  Casa Azzurra râpé - 70g","p":1.82,"u":"26,00 €/KG","img":"https://fd5-photos.leclercdrive.fr/image.ashx?id=2349965&use=l&cat=p&typeid=i","cat":314035},{"id":129864,"n":"Crème glacée Ben and Jerry's  Half Baked - 406g","p":3.81,"u":"9,38 €/KG","img":"https://fd5-photos.leclercdrive.fr/image.ashx?id=3011941&use=l&cat=p&typeid=i","cat":284725},{"id":129889,"n":"Biere Paolina Blonde 33cl","p":2.74,"u":"8,30 €/L","img":"https://fd5-photos.leclercdrive.fr/image.ashx?id=1950419&use=l&cat=p&typeid=i","cat":334872},{"id":129890,"n":"Biere blanche Paolina  Immortelle - 33cl","p":2.36,"u":"7,15 €/L","img":"https://fd5-photos.leclercdrive.fr/image.ashx?id=1950425&use=l&cat=p&typeid=i","cat":334878},{"id":129891,"n":"AOP de Corse Biere Paolina Miel - 33cl","p":2.36,"u":"7,15 €/L","img":"https://fd5-photos.leclercdrive.fr/image.ashx?id=1950422&use=l&cat=p&typeid=i","cat":334872},{"id":129933,"n":"Beignets Pasquier Pomme x6 - 270g","p":2.13,"u":"7,89 €/KG","img":"https://fd5-photos.leclercdrive.fr/image.ashx?id=2986371&use=l&cat=p&typeid=i","cat":284495},{"id":129934,"n":"Beignets Pasquier Chocolat noisette - x6 - 270g","p":2.15,"u":"7,96 €/KG","img":"https://fd5-photos.leclercdrive.fr/image.ashx?id=2986374&use=l&cat=p&typeid=i","cat":284495},{"id":129935,"n":"Beignets Pasquier Framboise x6 - 270g","p":3.05,"u":"11,30 €/KG","img":"https://fd5-photos.leclercdrive.fr/image.ashx?id=2986377&use=l&cat=p&typeid=i","cat":284495},{"id":129956,"n":"IGP Pays d'Oc rosé Grenache Gris de Gris 12% vol - 75cl","p":3.45,"u":"4,60 €/L","img":"https://fd5-photos.leclercdrive.fr/image.ashx?id=2986233&use=l&cat=p&typeid=i","cat":289558},{"id":129957,"n":"AOP Côtes du Rhône rouge Combes de Saint Sauveur - BIB 3L","p":13.2,"u":"4,40 €/L","img":"https://fd5-photos.leclercdrive.fr/image.ashx?id=2985033&use=l&cat=p&typeid=i","cat":289560},{"id":129958,"n":"IGP Méditerrannée rosé Saint Sagnol 13% vol - 3L","p":10.48,"u":"3,49 €/L","img":"https://fd5-photos.leclercdrive.fr/image.ashx?id=2445106&use=l&cat=p&typeid=i","cat":289558},{"id":129991,"n":"Yaourt au lait entier Malo Citron - 4x125g","p":1.75,"u":"3,50 €/KG","img":"https://fd5-photos.leclercdrive.fr/image.ashx?id=2908618&use=l&cat=p&typeid=i","cat":286006},{"id":130006,"n":"Sirop Sport Menthe glaciale - 60cl","p":1.82,"u":"3,03 €/L","img":"https://fd5-photos.leclercdrive.fr/image.ashx?id=1936776&use=l&cat=p&typeid=i","cat":295020},{"id":130021,"n":"Signature Crispy Saumon SushiShop Corner - 8p","p":9.5,"u":"52,49 €/KG","img":"https://fd5-photos.leclercdrive.fr/image.ashx?id=2094838&use=l&cat=p&typeid=i","cat":286791},{"id":130022,"n":"Signature Crispy Chicken Sushishop Corner -8p","p":9.5,"u":"48,97 €/KG","img":"https://fd5-photos.leclercdrive.fr/image.ashx?id=2118911&use=l&cat=p&typeid=i","cat":286791},{"id":130023,"n":"Nouilles sautées aux crevettes Tempura Sushishop Corner - 308g","p":9.5,"u":"30,84 €/KG","img":"https://fd5-photos.leclercdrive.fr/image.ashx?id=2118917&use=l&cat=p&typeid=i","cat":286791},{"id":130086,"n":"Mozzarella di bufala 250g","p":5.01,"u":"20,04 €/KG","img":"https://fd5-photos.leclercdrive.fr/image.ashx?id=1928082&use=l&cat=p&typeid=i","cat":314026},{"id":130118,"n":"Gambas argentines Pescnova Crues 10/20 - 2kg","p":36.23,"u":"18,12 €/KG","img":"https://fd5-photos.leclercdrive.fr/image.ashx?id=2139886&use=l&cat=p&typeid=i","cat":319787},{"id":130135,"n":"Gel Main désinfectant Mercurochrome - 75 ml","p":2.41,"u":"32,13 €/L","img":"https://fd5-photos.leclercdrive.fr/image.ashx?id=2537956&use=l&cat=p&typeid=i","cat":284630},{"id":130284,"n":"Grissini artigianali Florelli Romarin - 300g","p":2.25,"u":"7,50 €/KG","img":"https://fd5-photos.leclercdrive.fr/image.ashx?id=2475855&use=l&cat=p&typeid=i","cat":297000},{"id":130285,"n":"Grissini artigianali Florelli Olives noires - 300g","p":2.4,"u":"8,00 €/KG","img":"https://fd5-photos.leclercdrive.fr/image.ashx?id=2475861&use=l&cat=p&typeid=i","cat":297000},{"id":130319,"n":"Mini pots Häagen-Dazs  Fruit Collection x4 - 326g","p":4.62,"u":"14,17 €/KG","img":"https://fd5-photos.leclercdrive.fr/image.ashx?id=3000159&use=l&cat=p&typeid=i","cat":284725},{"id":130334,"n":"Lessive liquide bébé Epsil 25 lavages - 1.25L","p":3.88,"u":"3,10 €/L","img":"https://fd5-photos.leclercdrive.fr/image.ashx?id=2838939&use=l&cat=p&typeid=i","cat":284640},{"id":130339,"n":"Eau gazeuse San pellegrino Citron framboise - 6x33cl","p":2.94,"u":"1,48 €/L","img":"https://fd5-photos.leclercdrive.fr/image.ashx?id=2903800&use=l&cat=p&typeid=i","cat":284536},{"id":130347,"n":"Bâtonnets Trium Caramel Beurre Salé x4 - 288g","p":2.93,"u":"10,17 €/KG","img":"https://fd5-photos.leclercdrive.fr/image.ashx?id=2920788&use=l&cat=p&typeid=i","cat":284265},{"id":130348,"n":"Bâtonnets Trium chocolat au  Lait biscuit cacaoté x4- 290g","p":2.99,"u":"10,31 €/KG","img":"https://fd5-photos.leclercdrive.fr/image.ashx?id=2791341&use=l&cat=p&typeid=i","cat":284265},{"id":130357,"n":"Lait Sans Lactose Candia  Bouteille 1%MG - 6x1L","p":10.51,"u":"1,75 €/L","img":"https://fd5-photos.leclercdrive.fr/image.ashx?id=2481357&use=l&cat=p&typeid=i","cat":317169},{"id":130457,"n":"Portes-mines jetables Esquisse Jaune, vert, bleu - x3","p":0.85,"img":"https://fd5-photos.leclercdrive.fr/image.ashx?id=2943304&use=l&cat=p&typeid=i","cat":284696},{"id":130461,"n":"Bière blonde sans alcool 1664 0,0° - 6x25cl","p":3.4,"u":"2,27 €/L","img":"https://fd5-photos.leclercdrive.fr/image.ashx?id=2120656&use=l&cat=p&typeid=i","cat":334877},{"id":130507,"n":"Sauce apéritif Old El Paso Salsa épicée - 312g","p":3.14,"u":"10,06 €/KG","img":"https://fd5-photos.leclercdrive.fr/image.ashx?id=2737606&use=l&cat=p&typeid=i","cat":288993},{"id":130528,"n":"Croquettes Boeuf Ultima Chat stérilisé Adulte - 7.5kg","p":29.55,"u":"3,94 €/KG","img":"https://fd5-photos.leclercdrive.fr/image.ashx?id=2921906&use=l&cat=p&typeid=i","cat":284680},{"id":130629,"n":"Dés de Mimolette et Gouda Petit Marché - 120g","p":2.6,"u":"21,67 €/KG","img":"https://fd5-photos.leclercdrive.fr/image.ashx?id=2189372&use=l&cat=p&typeid=i","cat":314027},{"id":130666,"n":"Blanc de poulet Fleury Michon -25% de sel x8 - 240g","p":3.05,"u":"12,71 €/KG","img":"https://fd5-photos.leclercdrive.fr/image.ashx?id=2886849&use=l&cat=p&typeid=i","cat":316010},{"id":130667,"n":"Rôti de porc Fleury Michon Sans nitrite - x4 - 160g","p":2.65,"u":"16,56 €/KG","img":"https://fd5-photos.leclercdrive.fr/image.ashx?id=2320977&use=l&cat=p&typeid=i","cat":316009},{"id":130688,"n":"Lubrifiant Essence Total Quartz 7000 10w-40 - 5L","p":26.9,"pp":18.83,"u":"3,77 €/L","img":"https://fd5-photos.leclercdrive.fr/image.ashx?id=2602566&use=l&cat=p&typeid=i","cat":298253},{"id":130689,"n":"Lubrifiant Essence Total Quartz 9000 5w-40 - 5L","p":37.9,"pp":26.53,"u":"5,31 €/L","img":"https://fd5-photos.leclercdrive.fr/image.ashx?id=3014515&use=l&cat=p&typeid=i","cat":298253},{"id":130691,"n":"Lubrifiant Total Quartz 7000 10w-40 diesel - 5L","p":26.9,"pp":18.83,"u":"3,77 €/L","img":"https://fd5-photos.leclercdrive.fr/image.ashx?id=3014518&use=l&cat=p&typeid=i","cat":298253},{"id":130719,"n":"Balai d interieur vinyl 1 pièce","p":4.49,"img":"https://fd5-photos.leclercdrive.fr/image.ashx?id=1932471&use=l&cat=p&typeid=i","cat":284669},{"id":130744,"n":"Nouilles aux oeufs Suzi Wan 250g","p":1.93,"u":"7,72 €/KG","img":"https://fd5-photos.leclercdrive.fr/image.ashx?id=2892928&use=l&cat=p&typeid=i","cat":288992},{"id":130747,"n":"Kit Tortilla Pocket Old El Paso doux - 375g","p":4.94,"u":"13,17 €/KG","img":"https://fd5-photos.leclercdrive.fr/image.ashx?id=2759514&use=l&cat=p&typeid=i","cat":288993},{"id":130750,"n":"Boite ménagère basilic Ducros 29g","p":1.48,"u":"51,03 €/KG","img":"https://fd5-photos.leclercdrive.fr/image.ashx?id=2486587&use=l&cat=p&typeid=i","cat":298297},{"id":130752,"n":"Maquereau Petit Navire 175g Vin blanc et aromates - 175g","p":1.82,"u":"10,40 €/KG","img":"https://fd5-photos.leclercdrive.fr/image.ashx?id=2989063&use=l&cat=p&typeid=i","cat":303868},{"id":130755,"n":"Maquereau Moutarde PETIT NAVIRE Moutarde sans arome ajouté 169g","p":2.21,"u":"13,08 €/KG","img":"https://fd5-photos.leclercdrive.fr/image.ashx?id=2989060&use=l&cat=p&typeid=i","cat":303868},{"id":130759,"n":"Barres Nakd Cacahuètes Raw   Barres de Fruits & Noix 4x35g","p":2.81,"u":"20,07 €/KG","img":"https://fd5-photos.leclercdrive.fr/image.ashx?id=3005251&use=l&cat=p&typeid=i","cat":285869},{"id":130777,"n":"Arrangé Héritage Charrette Le Vanille 40% vol - 70cl","p":21.95,"u":"31,36 €/L","img":"https://fd5-photos.leclercdrive.fr/image.ashx?id=2306225&use=l&cat=p&typeid=i","cat":284551},{"id":130784,"n":"Crème colorante Eugène Color N°15","p":4.14,"img":"https://fd5-photos.leclercdrive.fr/image.ashx?id=2476455&use=l&cat=p&typeid=i","cat":288899},{"id":130790,"n":"Préparation Gâteau alsa Moelleux Chocolat - 435g","p":2.19,"u":"5,03 €/KG","img":"https://fd5-photos.leclercdrive.fr/image.ashx?id=2996434&use=l&cat=p&typeid=i","cat":284505},{"id":130791,"n":"Lait entier UHT Lactel Bouteille - 50cl","p":1.13,"u":"2,26 €/L","img":"https://fd5-photos.leclercdrive.fr/image.ashx?id=2887863&use=l&cat=p&typeid=i","cat":285610},{"id":130796,"n":"Lingettes bébé Love & Green Ecologiques - x64","p":2.3,"u":"0,04 €/P","img":"https://fd5-photos.leclercdrive.fr/image.ashx?id=2300872&use=l&cat=p&typeid=i","cat":284738},{"id":130797,"n":"Miel de Fleurs Crémeux 500g","p":4.56,"u":"9,12 €/KG","img":"https://fd5-photos.leclercdrive.fr/image.ashx?id=2984871&use=l&cat=p&typeid=i","cat":287643},{"id":130798,"n":"Nems poulet + sauce Agis 8x65g","p":6.84,"u":"13,15 €/KG","img":"https://fd5-photos.leclercdrive.fr/image.ashx?id=2870551&use=l&cat=p&typeid=i","cat":333673},{"id":130804,"n":"Préparation Gâteau alsa Fondant au Chocolat - 435g","p":2.39,"u":"7,47 €/KG","img":"https://fd5-photos.leclercdrive.fr/image.ashx?id=2996437&use=l&cat=p&typeid=i","cat":284505},{"id":130805,"n":"Nappage Sainte Lucie Chocolat - 200g","p":2.58,"u":"12,90 €/KG","img":"https://fd5-photos.leclercdrive.fr/image.ashx?id=2776121&use=l&cat=p&typeid=i","cat":284504},{"id":130806,"n":"Nappage Sainte Lucie Caramel beurre salé - 180g","p":3.09,"u":"17,17 €/KG","img":"https://fd5-photos.leclercdrive.fr/image.ashx?id=2144098&use=l&cat=p&typeid=i","cat":284504},{"id":130811,"n":"Brosse à Dents Signal Système Blancheur Medium x1","p":3.1,"img":"https://fd5-photos.leclercdrive.fr/image.ashx?id=2832539&use=l&cat=p&typeid=i","cat":284614},{"id":130812,"n":"Brosse à Dents Signal Ultra Access Medium x1","p":3.2,"img":"https://fd5-photos.leclercdrive.fr/image.ashx?id=3009263&use=l&cat=p&typeid=i","cat":284614},{"id":130815,"n":"Brosse à Dents Signal Bambou Naturel Souple x1","p":2.82,"img":"https://fd5-photos.leclercdrive.fr/image.ashx?id=2853416&use=l&cat=p&typeid=i","cat":284614},{"id":130816,"n":"Dentifrice Zendium Protection complète - 75ml","p":3.09,"img":"https://fd5-photos.leclercdrive.fr/image.ashx?id=2927711&use=l&cat=p&typeid=i","cat":284612},{"id":130826,"n":"Matin Léger Bio de Lactel Sans lactose 1.2%mg - 50cl","p":1.74,"u":"3,48 €/L","img":"https://fd5-photos.leclercdrive.fr/image.ashx?id=2883537&use=l&cat=p&typeid=i","cat":317169},{"id":130830,"n":"Dessert Végétal Charles & Alice Végétal Coco Chocolat 2X110G","p":1.58,"u":"7,18 €/KG","img":"https://fd5-photos.leclercdrive.fr/image.ashx?id=2919307&use=l&cat=p&typeid=i","cat":316071},{"id":130831,"n":"Dessert Végétal Charles & Alice Végétal Coco Marron 2X110G","p":1.71,"u":"7,77 €/KG","img":"https://fd5-photos.leclercdrive.fr/image.ashx?id=2911348&use=l&cat=p&typeid=i","cat":316071},{"id":130857,"n":"Truite fumée de france Ovive 100g","p":3.32,"u":"33,20 €/KG","img":"https://fd5-photos.leclercdrive.fr/image.ashx?id=2902061&use=l&cat=p&typeid=i","cat":285188},{"id":130907,"n":"Amandes effilées La Pateliere 125g","p":3.16,"u":"25,28 €/KG","img":"https://fd5-photos.leclercdrive.fr/image.ashx?id=2101642&use=l&cat=p&typeid=i","cat":284504},{"id":130910,"n":"Arome La Pateliere Vanille - 250ml","p":2.98,"u":"11,92 €/L","img":"https://fd5-photos.leclercdrive.fr/image.ashx?id=2467264&use=l&cat=p&typeid=i","cat":284504},{"id":130914,"n":"Gelifiant végétal La Patelière Agar Agar - 5x4g","p":2.13,"u":"106,50 €/KG","img":"https://fd5-photos.leclercdrive.fr/image.ashx?id=2479796&use=l&cat=p&typeid=i","cat":284504},{"id":130916,"n":"Poudre à lever Bio Sainte Lucie 5x10g","p":1.65,"u":"33,00 €/KG","img":"https://fd5-photos.leclercdrive.fr/image.ashx?id=2774370&use=l&cat=p&typeid=i","cat":284504},{"id":130917,"n":"Lait en poudre Guigoz 1er âge - 0-6 mois - 800g","p":17.3,"u":"21,63 €/KG","img":"https://fd5-photos.leclercdrive.fr/image.ashx?id=2891313&use=l&cat=p&typeid=i","cat":284726},{"id":130918,"n":"Lait bébé poudre Guigoz Evolia  2ème âge - 6-12 mois - 800g","p":13.85,"u":"17,31 €/KG","img":"https://fd5-photos.leclercdrive.fr/image.ashx?id=2737111&use=l&cat=p&typeid=i","cat":284727},{"id":130931,"n":"Dés emmental Petit Marché 120g","p":2.5,"u":"20,83 €/KG","img":"https://fd5-photos.leclercdrive.fr/image.ashx?id=2324483&use=l&cat=p&typeid=i","cat":314027},{"id":130935,"n":"Dés fromage Petit Marché Chèvre - 120g","p":3.5,"u":"29,17 €/KG","img":"https://fd5-photos.leclercdrive.fr/image.ashx?id=2195332&use=l&cat=p&typeid=i","cat":314027},{"id":130937,"n":"Dés Fromage Méditerranéen Petit Marché 120g","p":3.5,"u":"29,17 €/KG","img":"https://fd5-photos.leclercdrive.fr/image.ashx?id=2263733&use=l&cat=p&typeid=i","cat":314027},{"id":130939,"n":"Dés Cheddar Petit Marché - 120g","p":2.75,"u":"22,92 €/KG","img":"https://fd5-photos.leclercdrive.fr/image.ashx?id=2303612&use=l&cat=p&typeid=i","cat":314027},{"id":130963,"n":"Serviettes hypoallergéniques  Love&Green Super - x12","p":2.59,"u":"0,22 €/P","img":"https://fd5-photos.leclercdrive.fr/image.ashx?id=2811362&use=l&cat=p&typeid=i","cat":284624},{"id":130964,"n":"Serviettes normales Love&Green Hypoallergéniques 0% - x10","p":2.71,"u":"0,27 €/P","img":"https://fd5-photos.leclercdrive.fr/image.ashx?id=2811365&use=l&cat=p&typeid=i","cat":284624},{"id":131043,"n":"Classeur carte Les Minions Surf - A4 - 4 anneaux","p":5.06,"img":"https://fd5-photos.leclercdrive.fr/image.ashx?id=1938261&use=l&cat=p&typeid=i","cat":284745},{"id":131044,"n":"Classeur carte Les Minions Pirates - A4 - 4 anneaux","p":5.06,"img":"https://fd5-photos.leclercdrive.fr/image.ashx?id=1938264&use=l&cat=p&typeid=i","cat":284745},{"id":131137,"n":"Ensemble WC 1 pièce","p":3.45,"img":"https://fd5-photos.leclercdrive.fr/image.ashx?id=1937815&use=l&cat=p&typeid=i","cat":284669},{"id":131144,"n":"Recharge adhésive 36 feuilles 2 rouleaux","p":2.59,"u":"1,30 €/P","img":"https://fd5-photos.leclercdrive.fr/image.ashx?id=1937818&use=l&cat=p&typeid=i","cat":284669},{"id":131148,"n":"Frange absorbante spéciale 1 pièce","p":2.95,"img":"https://fd5-photos.leclercdrive.fr/image.ashx?id=1937848&use=l&cat=p&typeid=i","cat":284669},{"id":131153,"n":"Serviettes 40cm 3 plis Ardence Grises - x20","p":1.38,"u":"0,07 €/P","img":"https://fd5-photos.leclercdrive.fr/image.ashx?id=1937803&use=l&cat=p&typeid=i","cat":334134},{"id":131154,"n":"Set aéroport 1 pièce","p":8.79,"img":"https://fd5-photos.leclercdrive.fr/image.ashx?id=1937842&use=l&cat=p&typeid=i","cat":284669},{"id":131158,"n":"Brosse vaisselle design 1 pièce","p":3.9,"img":"https://fd5-photos.leclercdrive.fr/image.ashx?id=1937824&use=l&cat=p&typeid=i","cat":284669},{"id":131192,"n":"Croquettes chien Ultima Nature  Poulet - 3kg","p":11.42,"u":"3,81 €/KG","img":"https://fd5-photos.leclercdrive.fr/image.ashx?id=2593167&use=l&cat=p&typeid=i","cat":284672},{"id":131250,"n":"Crème dessert La Laitière  Pot de crème pistache - 4x100g","p":2.3,"u":"5,75 €/KG","img":"https://fd5-photos.leclercdrive.fr/image.ashx?id=2654608&use=l&cat=p&typeid=i","cat":285041},{"id":131251,"n":"Dessert liégeois Viennois  Fraise - 4x100g","p":1.99,"u":"4,98 €/KG","img":"https://fd5-photos.leclercdrive.fr/image.ashx?id=2875993&use=l&cat=p&typeid=i","cat":285042},{"id":131382,"n":"Lait croissance GUIGOZ RELAIS  dès 12 mois - 800g","p":12.96,"u":"16,20 €/KG","img":"https://fd5-photos.leclercdrive.fr/image.ashx?id=2895029&use=l&cat=p&typeid=i","cat":290219},{"id":131388,"n":"Capsules Starbucks by Nespresso  Colombia Int 7 - x10","p":3.4,"u":"59,65 €/KG","img":"https://fd5-photos.leclercdrive.fr/image.ashx?id=2868152&use=l&cat=p&typeid=i","cat":284749},{"id":131390,"n":"Capsules Starbucks by Nespresso  House Blend Int 8 - x10","p":3.06,"u":"53,68 €/KG","img":"https://fd5-photos.leclercdrive.fr/image.ashx?id=2868143&use=l&cat=p&typeid=i","cat":284749},{"id":131395,"n":"Capsules Starbucks by Nespresso  Espresso Décaf Int 11 - x10","p":3.4,"u":"0,34 €/P","img":"https://fd5-photos.leclercdrive.fr/image.ashx?id=2945778&use=l&cat=p&typeid=i","cat":284749},{"id":131397,"n":"Capsules Starbucks by Nespresso  Sumatra Int 10 - x10","p":4.12,"u":"0,41 €/P","img":"https://fd5-photos.leclercdrive.fr/image.ashx?id=2945772&use=l&cat=p&typeid=i","cat":284749},{"id":131399,"n":"Café Capsules NESPRESSO int 7 Starbucks Pike Place Roast x10","p":3.9,"u":"73,58 €/KG","img":"https://fd5-photos.leclercdrive.fr/image.ashx?id=2945775&use=l&cat=p&typeid=i","cat":284749},{"id":131424,"n":"Capsules Starbucks by Nespresso  Blonde Espresso Int 6 - x10","p":3.36,"u":"63,40 €/KG","img":"https://fd5-photos.leclercdrive.fr/image.ashx?id=2868146&use=l&cat=p&typeid=i","cat":284749},{"id":131426,"n":"Capsules Starbucks by Nespresso  Espresso Roast Int 11 - x10","p":3.4,"u":"59,65 €/KG","img":"https://fd5-photos.leclercdrive.fr/image.ashx?id=2868149&use=l&cat=p&typeid=i","cat":284749},{"id":131428,"n":"Capsules Starbucks by Nespresso  Verona Int 10 - x10","p":3.63,"u":"63,68 €/KG","img":"https://fd5-photos.leclercdrive.fr/image.ashx?id=2945769&use=l&cat=p&typeid=i","cat":284749},{"id":131431,"n":"Café Capsules by DOLCE GUSTO Starbucks Caramel Macchiato 2x6","p":4.39,"u":"34,57 €/KG","img":"https://fd5-photos.leclercdrive.fr/image.ashx?id=2966785&use=l&cat=p&typeid=i","cat":293239},{"id":131563,"n":"Sauce aubergine Panzani Ricotta - 400g","p":2.18,"u":"5,45 €/KG","img":"https://fd5-photos.leclercdrive.fr/image.ashx?id=2918565&use=l&cat=p&typeid=i","cat":287599},{"id":131564,"n":"Sauce courgette chèvre Panzani - 400g","p":2.13,"u":"5,33 €/KG","img":"https://fd5-photos.leclercdrive.fr/image.ashx?id=2880685&use=l&cat=p&typeid=i","cat":287599},{"id":131604,"n":"Truite fumée BIO William&James 4T - 100g","p":8.1,"u":"81,00 €/KG","img":"https://fd5-photos.leclercdrive.fr/image.ashx?id=2419152&use=l&cat=p&typeid=i","cat":285188},{"id":131625,"n":"Thé glacé Fuze Tea  Menthe Citron vert - 1,25L","p":1.62,"u":"1,30 €/L","img":"https://fd5-photos.leclercdrive.fr/image.ashx?id=2940402&use=l&cat=p&typeid=i","cat":295019},{"id":131742,"n":"crème dessert chocolat au lait danette - 4x125g","p":1.64,"u":"3,28 €/KG","img":"https://fd5-photos.leclercdrive.fr/image.ashx?id=2093984&use=l&cat=p&typeid=i","cat":285041},{"id":131777,"n":"Ananas en morceaux Eco+ Sirop léger - 340 g","p":1.01,"u":"2,81 €/KG","img":"https://fd5-photos.leclercdrive.fr/image.ashx?id=2501649&use=l&cat=p&typeid=i","cat":284507},{"id":131782,"n":"Abricots demi-fruits Eco+ Sirop léger - 475 g","p":1.79,"u":"3,77 €/KG","img":"https://fd5-photos.leclercdrive.fr/image.ashx?id=1942512&use=l&cat=p&typeid=i","cat":284507},{"id":131784,"n":"Barres céréales Eco+ Choco/banane - 125g","p":0.71,"u":"5,68 €/KG","img":"https://fd5-photos.leclercdrive.fr/image.ashx?id=2791203&use=l&cat=p&typeid=i","cat":285869},{"id":131786,"n":"Café Dolce Gusto Plantation Décaféiné N°5 - x16 - 106g","p":3.39,"u":"31,98 €/KG","img":"https://fd5-photos.leclercdrive.fr/image.ashx?id=2649741&use=l&cat=p&typeid=i","cat":293239},{"id":131788,"n":"Barres céréales Eco+ Pomme/abricot - 125g","p":0.69,"u":"5,52 €/KG","img":"https://fd5-photos.leclercdrive.fr/image.ashx?id=2791206&use=l&cat=p&typeid=i","cat":285869},{"id":131790,"n":"Barres céréales Eco+ Chocolat & cacahuètes x6 - 126g","p":0.71,"u":"5,63 €/KG","img":"https://fd5-photos.leclercdrive.fr/image.ashx?id=2791209&use=l&cat=p&typeid=i","cat":285869},{"id":131794,"n":"Betteraves rouges 3x130g","p":1.8,"u":"4,62 €/KG","img":"https://fd5-photos.leclercdrive.fr/image.ashx?id=2537848&use=l&cat=p&typeid=i","cat":312611},{"id":131799,"n":"Boules de céréales Eco+ Au chocolat - 750g","p":2.97,"u":"3,96 €/KG","img":"https://fd5-photos.leclercdrive.fr/image.ashx?id=2772948&use=l&cat=p&typeid=i","cat":309513},{"id":131801,"n":"Bonbons tendres aux fruits Eco + - 500g","p":1.99,"u":"3,98 €/KG","img":"https://fd5-photos.leclercdrive.fr/image.ashx?id=2729266&use=l&cat=p&typeid=i","cat":304250},{"id":131806,"n":"Céréales fourrées P'tit Déli Chocolat au lait - 450g","p":2.45,"u":"5,44 €/KG","img":"https://fd5-photos.leclercdrive.fr/image.ashx?id=2835211&use=l&cat=p&typeid=i","cat":309513},{"id":131807,"n":"Choucroute garnie 800g","p":2.17,"u":"2,71 €/KG","img":"https://fd5-photos.leclercdrive.fr/image.ashx?id=2826894&use=l&cat=p&typeid=i","cat":284441},{"id":131809,"n":"Chocolat noir dégustation 100g","p":1.0,"u":"10,00 €/KG","img":"https://fd5-photos.leclercdrive.fr/image.ashx?id=2858375&use=l&cat=p&typeid=i","cat":284956},{"id":131811,"n":"Chicorée café Eco+ Soluble - 200g","p":2.06,"u":"10,30 €/KG","img":"https://fd5-photos.leclercdrive.fr/image.ashx?id=2791200&use=l&cat=p&typeid=i","cat":284843},{"id":131813,"n":"Chocolat noir dégust 99% cacao 80g","p":2.89,"pp":1.91,"u":"23,88 €/KG","img":"https://fd5-photos.leclercdrive.fr/image.ashx?id=2441733&use=l&cat=p&typeid=i","cat":284956},{"id":131814,"n":"Confiture Eco+ Fraise - 1kg","p":2.3,"u":"2,30 €/KG","img":"https://fd5-photos.leclercdrive.fr/image.ashx?id=2953197&use=l&cat=p&typeid=i","cat":284480},{"id":131815,"n":"Crackers 2x100g","p":0.63,"u":"3,15 €/KG","img":"https://fd5-photos.leclercdrive.fr/image.ashx?id=2995737&use=l&cat=p&typeid=i","cat":297000},{"id":131816,"n":"Couscous boulettes volaille 1050g","p":3.1,"u":"2,95 €/KG","img":"https://fd5-photos.leclercdrive.fr/image.ashx?id=2807273&use=l&cat=p&typeid=i","cat":325094},{"id":131821,"n":"Croissants Eco+ x10 - 400g","p":1.45,"u":"3,63 €/KG","img":"https://fd5-photos.leclercdrive.fr/image.ashx?id=2922914&use=l&cat=p&typeid=i","cat":296366},{"id":131822,"n":"Delicioso format familial x10 - 350g","p":2.52,"u":"7,20 €/KG","img":"https://fd5-photos.leclercdrive.fr/image.ashx?id=2416547&use=l&cat=p&typeid=i","cat":284495},{"id":131823,"n":"Gratin dauphinois 850g","p":1.35,"u":"1,59 €/KG","img":"https://fd5-photos.leclercdrive.fr/image.ashx?id=2841747&use=l&cat=p&typeid=i","cat":284441},{"id":131824,"n":"Marshmallows 200g","p":0.79,"u":"3,95 €/KG","img":"https://fd5-photos.leclercdrive.fr/image.ashx?id=2761289&use=l&cat=p&typeid=i","cat":304250},{"id":131826,"n":"Miettes thon à la tomate Eco + 160g","p":0.77,"u":"4,81 €/KG","img":"https://fd5-photos.leclercdrive.fr/image.ashx?id=2751856&use=l&cat=p&typeid=i","cat":303867},{"id":131827,"n":"Mouliné aux 8 légumes Eco+ 1L","p":0.9,"u":"0,90 €/L","img":"https://fd5-photos.leclercdrive.fr/image.ashx?id=2768451&use=l&cat=p&typeid=i","cat":284462},{"id":131829,"n":"Noix de Muscade Ducros 18g","p":2.62,"u":"145,56 €/KG","img":"https://fd5-photos.leclercdrive.fr/image.ashx?id=2559466&use=l&cat=p&typeid=i","cat":298297},{"id":131831,"n":"Pâté de campagne Eco+ 3x78g","p":1.31,"u":"5,60 €/KG","img":"https://fd5-photos.leclercdrive.fr/image.ashx?id=2852943&use=l&cat=p&typeid=i","cat":305149},{"id":131832,"n":"Olives vertes dénoyautées 490g","p":2.52,"u":"5,14 €/KG","img":"https://fd5-photos.leclercdrive.fr/image.ashx?id=2946811&use=l&cat=p&typeid=i","cat":284458},{"id":131833,"n":"Olives vertes réduite en sel Dénoyautées - 160g","p":1.69,"u":"10,56 €/KG","img":"https://fd5-photos.leclercdrive.fr/image.ashx?id=1942587&use=l&cat=p&typeid=i","cat":284458},{"id":131834,"n":"Pain de mie Epi d'Or Extra moelleux - 500g","p":0.99,"u":"1,98 €/KG","img":"https://fd5-photos.leclercdrive.fr/image.ashx?id=2860781&use=l&cat=p&typeid=i","cat":284477},{"id":131836,"n":"Pêches demi-fruits Eco+ Sirop léger - 465 g","p":1.4,"u":"3,01 €/KG","img":"https://fd5-photos.leclercdrive.fr/image.ashx?id=2896009&use=l&cat=p&typeid=i","cat":284507},{"id":131837,"n":"Petit pain grillé Bio Village Bio - 225g","p":1.35,"u":"6,00 €/KG","img":"https://fd5-photos.leclercdrive.fr/image.ashx?id=2595125&use=l&cat=p&typeid=i","cat":284479},{"id":131855,"n":"Saucisses fumées lentilles 840g","p":1.75,"u":"2,08 €/KG","img":"https://fd5-photos.leclercdrive.fr/image.ashx?id=2664569&use=l&cat=p&typeid=i","cat":312609},{"id":131861,"n":"Sticks salés sachet Eco+ 250g","p":0.57,"u":"2,28 €/KG","img":"https://fd5-photos.leclercdrive.fr/image.ashx?id=2664572&use=l&cat=p&typeid=i","cat":297000},{"id":131864,"n":"Potage déshydratée Eco + poireaux pommes de terre 74g","p":0.59,"u":"7,97 €/KG","img":"https://fd5-photos.leclercdrive.fr/image.ashx?id=2656378&use=l&cat=p&typeid=i","cat":284463},{"id":131866,"n":"Paire de ciseaux Bic Rose/Fuchsia - anneaux souple","p":2.91,"img":"https://fd5-photos.leclercdrive.fr/image.ashx?id=1942804&use=l&cat=p&typeid=i","cat":334133},{"id":131868,"n":"Tartines céréales La Boulangère - 450g","p":2.28,"u":"5,07 €/KG","img":"https://fd5-photos.leclercdrive.fr/image.ashx?id=2912410&use=l&cat=p&typeid=i","cat":284477},{"id":131935,"n":"Bouillon Cube Bio Maggi Boeuf - 80g","p":1.72,"u":"21,50 €/KG","img":"https://fd5-photos.leclercdrive.fr/image.ashx?id=2787992&use=l&cat=p&typeid=i","cat":288379},{"id":131938,"n":"Asperges blanches Olabe Pic-nic - 110g","p":2.17,"u":"19,73 €/KG","img":"https://fd5-photos.leclercdrive.fr/image.ashx?id=2107697&use=l&cat=p&typeid=i","cat":312611},{"id":131940,"n":"Bouillon liquide de volaille Maggi - 400ml","p":2.02,"u":"5,05 €/L","img":"https://fd5-photos.leclercdrive.fr/image.ashx?id=2496752&use=l&cat=p&typeid=i","cat":288379},{"id":132001,"n":"Verrines Hénaff Campagne/Canard - 3x180g","p":5.31,"u":"9,83 €/KG","img":"https://fd5-photos.leclercdrive.fr/image.ashx?id=2277887&use=l&cat=p&typeid=i","cat":305149},{"id":132005,"n":"Verrines Hénaff Camp./Lapin/P.Hénaff - 3x180g","p":5.29,"u":"9,80 €/KG","img":"https://fd5-photos.leclercdrive.fr/image.ashx?id=2407628&use=l&cat=p&typeid=i","cat":305149},{"id":132007,"n":"Pain de mie nature Jacquet Maxi tranches - 825g","p":2.57,"u":"3,12 €/KG","img":"https://fd5-photos.leclercdrive.fr/image.ashx?id=2951539&use=l&cat=p&typeid=i","cat":284477},{"id":132008,"n":"Pain de mie complet Jacquet Maxi-tranches - 825g","p":2.25,"u":"2,73 €/KG","img":"https://fd5-photos.leclercdrive.fr/image.ashx?id=2991870&use=l&cat=p&typeid=i","cat":284477},{"id":132067,"n":"Mayonnaise Rustica 830g","p":3.59,"u":"4,33 €/KG","img":"https://fd5-photos.leclercdrive.fr/image.ashx?id=2994827&use=l&cat=p&typeid=i","cat":298295},{"id":132069,"n":"Sauce Samourai Rustica 840g","p":3.79,"u":"4,51 €/KG","img":"https://fd5-photos.leclercdrive.fr/image.ashx?id=1944261&use=l&cat=p&typeid=i","cat":318431},{"id":132070,"n":"Sauce Frites Rustica 919g","p":3.59,"u":"3,91 €/KG","img":"https://fd5-photos.leclercdrive.fr/image.ashx?id=1944264&use=l&cat=p&typeid=i","cat":318431},{"id":132072,"n":"Sauce Burger Rustica 850g","p":3.79,"u":"4,46 €/KG","img":"https://fd5-photos.leclercdrive.fr/image.ashx?id=1944270&use=l&cat=p&typeid=i","cat":318431},{"id":132073,"n":"Huile de Friture Rustica 5L","p":11.99,"u":"2,40 €/L","img":"https://fd5-photos.leclercdrive.fr/image.ashx?id=2916716&use=l&cat=p&typeid=i","cat":284453},{"id":132087,"n":"Fromage de Brebis Les Croisés - Tranche - 100g","p":1.29,"u":"12,90 €/KG","img":"https://fd5-photos.leclercdrive.fr/image.ashx?id=2655716&use=l&cat=p&typeid=i","cat":314031},{"id":132088,"n":"Sauce Barilla Tomates Cuisinées - 400g","p":1.57,"u":"3,93 €/KG","img":"https://fd5-photos.leclercdrive.fr/image.ashx?id=2832527&use=l&cat=p&typeid=i","cat":287599},{"id":132109,"n":"Batonnets de glace Nuii Mangue d'Inde et Noix de Coco  x4","p":4.52,"u":"15,80 €/KG","img":"https://fd5-photos.leclercdrive.fr/image.ashx?id=2506825&use=l&cat=p&typeid=i","cat":284265},{"id":132113,"n":"Tablette chocolat Villars Lait noisette - 100g","p":2.43,"u":"24,30 €/KG","img":"https://fd5-photos.leclercdrive.fr/image.ashx?id=2464273&use=l&cat=p&typeid=i","cat":284497},{"id":132144,"n":"Tablette chocolat blanc Villars Au lait caramélisé - 100g","p":2.43,"u":"24,30 €/KG","img":"https://fd5-photos.leclercdrive.fr/image.ashx?id=2464264&use=l&cat=p&typeid=i","cat":284957},{"id":132145,"n":"Langues de chat Karelea x36 - 100g","p":2.48,"u":"24,80 €/KG","img":"https://fd5-photos.leclercdrive.fr/image.ashx?id=2887902&use=l&cat=p&typeid=i","cat":318651},{"id":132153,"n":"Bâtonnets Trium Cacahuètes x4 - 306g","p":3.52,"u":"11,50 €/KG","img":"https://fd5-photos.leclercdrive.fr/image.ashx?id=1944733&use=l&cat=p&typeid=i","cat":284265},{"id":132154,"n":"Bâtonnets Trium Trois chocolats x4 - 282g","p":3.29,"u":"11,54 €/KG","img":"https://fd5-photos.leclercdrive.fr/image.ashx?id=2920800&use=l&cat=p&typeid=i","cat":284265},{"id":132163,"n":"Lait bébé liquide Blédilait croissance 1-3 ans 4x500ml","p":5.33,"u":"2,67 €/L","img":"https://fd5-photos.leclercdrive.fr/image.ashx?id=2892418&use=l&cat=p&typeid=i","cat":284728},{"id":132165,"n":"Sorbet Eskiss Citron jaune - 650g","p":2.41,"u":"3,71 €/KG","img":"https://fd5-photos.leclercdrive.fr/image.ashx?id=2982664&use=l&cat=p&typeid=i","cat":284263},{"id":132167,"n":"Bac Eskiss Sorbet Framboise - 650g","p":4.01,"u":"6,17 €/KG","img":"https://fd5-photos.leclercdrive.fr/image.ashx?id=1959214&use=l&cat=p&typeid=i","cat":284263},{"id":132177,"n":"Petits pots bébé P'TITE RECETTE Curry de Poisson 12M+ - 2x200g","p":2.04,"u":"5,10 €/KG","img":"https://fd5-photos.leclercdrive.fr/image.ashx?id=2527118&use=l&cat=p&typeid=i","cat":312237},{"id":132180,"n":"Petits pots bébé P'TITE RECETTE Tajine de poulet 12M+ - 2x200g","p":2.11,"u":"5,28 €/KG","img":"https://fd5-photos.leclercdrive.fr/image.ashx?id=2525720&use=l&cat=p&typeid=i","cat":312237},{"id":132192,"n":"Donut fourré choco St Michel x6 - 180g","p":1.61,"u":"8,94 €/KG","img":"https://fd5-photos.leclercdrive.fr/image.ashx?id=2949961&use=l&cat=p&typeid=i","cat":284495},{"id":132217,"n":"Cahier Oxford 96pages Noir Grands carreaux 24x32 cm","p":3.26,"img":"https://fd5-photos.leclercdrive.fr/image.ashx?id=2726935&use=l&cat=p&typeid=i","cat":284697},{"id":132234,"n":"Flocons d'avoine Grainea 500g","p":0.84,"u":"1,68 €/KG","img":"https://fd5-photos.leclercdrive.fr/image.ashx?id=2919655&use=l&cat=p&typeid=i","cat":309512},{"id":132243,"n":"Lessive liquide couleur Epsil 25 lavages - 1.25L","p":2.54,"u":"2,03 €/L","img":"https://fd5-photos.leclercdrive.fr/image.ashx?id=2933449&use=l&cat=p&typeid=i","cat":284640},{"id":132246,"n":"Huile d'olive vierge extra 75cl","p":11.01,"u":"14,68 €/L","img":"https://fd5-photos.leclercdrive.fr/image.ashx?id=1950872&use=l&cat=p&typeid=i","cat":284453},{"id":132285,"n":"Feta grecque AOP Les Croisés - Tranche - 150g","p":1.84,"u":"12,27 €/KG","img":"https://fd5-photos.leclercdrive.fr/image.ashx?id=2210750&use=l&cat=p&typeid=i","cat":314026},{"id":132289,"n":"Café moulu L'Or Décaféiné 100% Arabica - 250g","p":5.25,"u":"21,00 €/KG","img":"https://fd5-photos.leclercdrive.fr/image.ashx?id=1947006&use=l&cat=p&typeid=i","cat":284750},{"id":132290,"n":"Huile d'Olive Carapelli Extra Vierge Classico - 75cl","p":8.78,"u":"11,71 €/L","img":"https://fd5-photos.leclercdrive.fr/image.ashx?id=2737480&use=l&cat=p&typeid=i","cat":284453},{"id":132299,"n":"Praliné grains 100%nat 100g","p":2.79,"u":"27,90 €/KG","img":"https://fd5-photos.leclercdrive.fr/image.ashx?id=2101657&use=l&cat=p&typeid=i","cat":284504},{"id":132304,"n":"Pignons de pin 100%nat 50g","p":4.11,"u":"82,20 €/KG","img":"https://fd5-photos.leclercdrive.fr/image.ashx?id=2467273&use=l&cat=p&typeid=i","cat":284504},{"id":132330,"n":"Ail semoule Eco + 54g","p":0.79,"u":"14,63 €/KG","img":"https://fd5-photos.leclercdrive.fr/image.ashx?id=2717249&use=l&cat=p&typeid=i","cat":298297},{"id":132334,"n":"Tortilla Pockets Old El Paso x8 - 223g","p":3.43,"u":"15,38 €/KG","img":"https://fd5-photos.leclercdrive.fr/image.ashx?id=2737675&use=l&cat=p&typeid=i","cat":288993},{"id":132341,"n":"Couscous Fin Ferrero - 500G","p":1.71,"u":"3,42 €/KG","img":"https://fd5-photos.leclercdrive.fr/image.ashx?id=3008239&use=l&cat=p&typeid=i","cat":284429},{"id":132342,"n":"Tablette de chocolat Eco+ Blanc - 4x100g","p":3.67,"u":"9,18 €/KG","img":"https://fd5-photos.leclercdrive.fr/image.ashx?id=2661927&use=l&cat=p&typeid=i","cat":284957},{"id":132348,"n":"Delir' Pik Haribo Sachet bonbons acidulés - 275g","p":1.88,"u":"6,84 €/KG","img":"https://fd5-photos.leclercdrive.fr/image.ashx?id=2984904&use=l&cat=p&typeid=i","cat":304250},{"id":132368,"n":"Repas bébé Blédichef 15 mois Pâtes sauce tomate jambon -250g","p":1.9,"u":"7,60 €/KG","img":"https://fd5-photos.leclercdrive.fr/image.ashx?id=2643743&use=l&cat=p&typeid=i","cat":312238},{"id":132369,"n":"Repas bébé Blédichef 24 mois  Pâtes légumes cabillaud - 250g","p":1.9,"u":"7,60 €/KG","img":"https://fd5-photos.leclercdrive.fr/image.ashx?id=2644725&use=l&cat=p&typeid=i","cat":312238},{"id":132382,"n":"Sardines à la tomate Eco+ 3x125g","p":1.93,"u":"5,15 €/KG","img":"https://fd5-photos.leclercdrive.fr/image.ashx?id=2694073&use=l&cat=p&typeid=i","cat":305146},{"id":132393,"n":"Lait croissance Guigoz Optipro En poudre - dès 18 mois - 900g","p":9.62,"u":"10,69 €/KG","img":"https://fd5-photos.leclercdrive.fr/image.ashx?id=2517589&use=l&cat=p&typeid=i","cat":290219},{"id":132397,"n":"Lait éveil croissance Lactel Nature - 1L","p":1.72,"u":"1,72 €/L","img":"https://fd5-photos.leclercdrive.fr/image.ashx?id=2927441&use=l&cat=p&typeid=i","cat":284728},{"id":132406,"n":"IGP Ile de Beauté blanc sec Une Ile - 75cl","p":7.35,"u":"9,80 €/L","img":"https://fd5-photos.leclercdrive.fr/image.ashx?id=1969356&use=l&cat=p&typeid=i","cat":289557},{"id":132486,"n":"Eau micellaire 100ml","p":1.49,"u":"14,90 €/L","img":"https://fd5-photos.leclercdrive.fr/image.ashx?id=1947543&use=l&cat=p&typeid=i","cat":284603},{"id":132487,"n":"Gel déboucheur Syphon Javel soude - 1L","p":1.36,"u":"1,36 €/L","img":"https://fd5-photos.leclercdrive.fr/image.ashx?id=2202476&use=l&cat=p&typeid=i","cat":284908},{"id":132556,"n":"Tablette de chocolat Alter Eco Noir, Gingembre, Bio - 100g","p":2.81,"u":"28,10 €/KG","img":"https://fd5-photos.leclercdrive.fr/image.ashx?id=2921891&use=l&cat=p&typeid=i","cat":284956},{"id":132572,"n":"AOP Saumur Mousseux Brut Lacheteau Origine - 75cl","p":5.2,"u":"6,93 €/L","img":"https://fd5-photos.leclercdrive.fr/image.ashx?id=2960768&use=l&cat=p&typeid=i","cat":284545},{"id":132582,"n":"Céréales soufflé blé P'tit Déli Miel caramel - 400g","p":1.99,"u":"4,98 €/KG","img":"https://fd5-photos.leclercdrive.fr/image.ashx?id=2900178&use=l&cat=p&typeid=i","cat":309513},{"id":132585,"n":"Skyr Yoplait  Nature 0%Mg - 4x100g","p":1.8,"u":"4,50 €/KG","img":"https://fd5-photos.leclercdrive.fr/image.ashx?id=2884435&use=l&cat=p&typeid=i","cat":315000},{"id":132601,"n":"Fan of Pik Haribo  Sachet bonbons acidulés - 200g","p":1.72,"u":"8,60 €/KG","img":"https://fd5-photos.leclercdrive.fr/image.ashx?id=2789766&use=l&cat=p&typeid=i","cat":304250},{"id":132603,"n":"Fromage Abondance NRT AOP 250g","p":4.29,"u":"17,16 €/KG","img":"https://fd5-photos.leclercdrive.fr/image.ashx?id=2472686&use=l&cat=p&typeid=i","cat":314034},{"id":132612,"n":"Biscuits Le petit St Michel Coeur chocolat au lait - 132g","p":1.44,"u":"10,91 €/KG","img":"https://fd5-photos.leclercdrive.fr/image.ashx?id=2949967&use=l&cat=p&typeid=i","cat":284488},{"id":132613,"n":"Café dosettes Tassimo L'Or XL Intense x16","p":6.35,"u":"46,69 €/KG","img":"https://fd5-photos.leclercdrive.fr/image.ashx?id=1949081&use=l&cat=p&typeid=i","cat":293240},{"id":132621,"n":"Tablette de chocolat noir Lindt doux 85% - 100g","p":2.34,"u":"23,40 €/KG","img":"https://fd5-photos.leclercdrive.fr/image.ashx?id=2423777&use=l&cat=p&typeid=i","cat":284956},{"id":132625,"n":"Batônnets Trium Vanille Fruits rouge x4 - 286g","p":2.64,"u":"9,23 €/KG","img":"https://fd5-photos.leclercdrive.fr/image.ashx?id=2920782&use=l&cat=p&typeid=i","cat":284265},{"id":132630,"n":"Sorbet Eskiss Pomme - 650g","p":2.49,"u":"3,83 €/KG","img":"https://fd5-photos.leclercdrive.fr/image.ashx?id=2982670&use=l&cat=p&typeid=i","cat":284263},{"id":132631,"n":"Sorbet Eskiss Poire - 650g","p":2.11,"u":"3,25 €/KG","img":"https://fd5-photos.leclercdrive.fr/image.ashx?id=2983826&use=l&cat=p&typeid=i","cat":284263},{"id":132633,"n":"Bac sorbet Eskiss Citron vert - 650g","p":2.61,"u":"4,02 €/KG","img":"https://fd5-photos.leclercdrive.fr/image.ashx?id=1958904&use=l&cat=p&typeid=i","cat":284263},{"id":132634,"n":"Sérum physiologique 40x5ml","p":4.72,"u":"23,60 €/L","img":"https://fd5-photos.leclercdrive.fr/image.ashx?id=2908879&use=l&cat=p&typeid=i","cat":284741},{"id":132637,"n":"Batonnets Eco + Vanille chocolat - x16 - 536g","p":2.19,"u":"4,09 €/KG","img":"https://fd5-photos.leclercdrive.fr/image.ashx?id=2768077&use=l&cat=p&typeid=i","cat":284265},{"id":132640,"n":"Batonnets Trium Citron meringue - x4 - 280g","p":2.85,"u":"10,18 €/KG","img":"https://fd5-photos.leclercdrive.fr/image.ashx?id=2911702&use=l&cat=p&typeid=i","cat":284265},{"id":132641,"n":"Mini batonnets Trium Vanille - x8 - 288g","p":2.78,"u":"9,65 €/KG","img":"https://fd5-photos.leclercdrive.fr/image.ashx?id=2920797&use=l&cat=p&typeid=i","cat":284265},{"id":132643,"n":"Shampooing bio Pétrole Hahn Fortifiant - 250ml","p":4.41,"u":"17,64 €/L","img":"https://fd5-photos.leclercdrive.fr/image.ashx?id=1948140&use=l&cat=p&typeid=i","cat":284606},{"id":132644,"n":"Huile Cadum Bébé  Huile Merveilleuse - 100ml","p":3.32,"u":"33,20 €/L","img":"https://fd5-photos.leclercdrive.fr/image.ashx?id=2518352&use=l&cat=p&typeid=i","cat":284741},{"id":132666,"n":"Basse côte bœuf x 2 *** 320g","p":6.9,"u":"21,56 €/KG","img":"https://fd5-photos.leclercdrive.fr/image.ashx?id=2916977&use=l&cat=p&typeid=i","cat":284328},{"id":132668,"n":"Escalopes de veau x2 - 300g","p":9.89,"u":"32,97 €/KG","img":"https://fd5-photos.leclercdrive.fr/image.ashx?id=2917504&use=l&cat=p&typeid=i","cat":284329},{"id":132669,"n":"Financière de veau 500g","p":12.9,"u":"25,80 €/KG","img":"https://fd5-photos.leclercdrive.fr/image.ashx?id=2916980&use=l&cat=p&typeid=i","cat":284329},{"id":132670,"n":"Côtes porc échine x 2 ** 280g","p":3.71,"u":"13,25 €/KG","img":"https://fd5-photos.leclercdrive.fr/image.ashx?id=2916986&use=l&cat=p&typeid=i","cat":284331},{"id":132671,"n":"Côtes d'agneau x 3 210g","p":6.98,"u":"33,24 €/KG","img":"https://fd5-photos.leclercdrive.fr/image.ashx?id=2916983&use=l&cat=p&typeid=i","cat":284330},{"id":132673,"n":"Côtes porc filet x 2*** 260g","p":3.71,"u":"14,27 €/KG","img":"https://fd5-photos.leclercdrive.fr/image.ashx?id=2916989&use=l&cat=p&typeid=i","cat":284331},{"id":132694,"n":"Menthe Corse 1 pièce","p":2.2,"img":"https://fd5-photos.leclercdrive.fr/image.ashx?id=1227062&use=l&cat=p&typeid=i","cat":293607},{"id":132736,"n":"VIN ROSE  Sciaccarellu - 75cl","p":5.99,"u":"7,99 €/L","img":"https://fd5-photos.leclercdrive.fr/image.ashx?id=1963985&use=l&cat=p&typeid=i","cat":289558},{"id":132780,"n":"AOP Champagne Lanson Brut Le Black Label - 12.5%vol 75cl","p":30.76,"u":"41,01 €/L","img":"https://fd5-photos.leclercdrive.fr/image.ashx?id=2914453&use=l&cat=p&typeid=i","cat":284542},{"id":132789,"n":"Mayonnaise Bénédicta Signature - 255g","p":2.11,"u":"9,38 €/KG","img":"https://fd5-photos.leclercdrive.fr/image.ashx?id=2548216&use=l&cat=p&typeid=i","cat":298295},{"id":132795,"n":"Désinfectant Sanytol 150ml","p":3.51,"u":"23,40 €/L","img":"https://fd5-photos.leclercdrive.fr/image.ashx?id=2785412&use=l&cat=p&typeid=i","cat":285201},{"id":132796,"n":"Haché moelleux Eco+ 500g","p":4.85,"u":"9,70 €/KG","img":"https://fd5-photos.leclercdrive.fr/image.ashx?id=2930606&use=l&cat=p&typeid=i","cat":284332},{"id":132808,"n":"Skyr Yoplait  Lit Fruits Rouges 0%Mg - 4x100g","p":2.11,"u":"5,28 €/KG","img":"https://fd5-photos.leclercdrive.fr/image.ashx?id=2884438&use=l&cat=p&typeid=i","cat":315000},{"id":132811,"n":"Skyr Yoplait  Sur Lit Myrtilles 0%MG - 4x100G","p":2.21,"u":"5,53 €/KG","img":"https://fd5-photos.leclercdrive.fr/image.ashx?id=2884441&use=l&cat=p&typeid=i","cat":315000},{"id":132812,"n":"Bière blonde Grimbergen Sans alcool 0,0° - 6x25cl","p":4.79,"u":"3,19 €/L","img":"https://fd5-photos.leclercdrive.fr/image.ashx?id=2334515&use=l&cat=p&typeid=i","cat":334877},{"id":132815,"n":"Skyr Yoplait  Sur Lit Citron 0%MG - 4x100g","p":2.44,"u":"6,10 €/KG","img":"https://fd5-photos.leclercdrive.fr/image.ashx?id=2317780&use=l&cat=p&typeid=i","cat":315000},{"id":132869,"n":"Bière Pietra a chjuca 6%vol. - 8x15cl","p":4.82,"u":"4,02 €/L","img":"https://fd5-photos.leclercdrive.fr/image.ashx?id=2230989&use=l&cat=p&typeid=i","cat":334872},{"id":132871,"n":"Eau minérale Zilia 9x50cl","p":3.24,"u":"0,72 €/L","img":"https://fd5-photos.leclercdrive.fr/image.ashx?id=2209140&use=l&cat=p&typeid=i","cat":284535},{"id":132872,"n":"Eau minérale pétillante Zilia  1L","p":0.72,"u":"0,72 €/L","img":"https://fd5-photos.leclercdrive.fr/image.ashx?id=2904221&use=l&cat=p&typeid=i","cat":284536},{"id":132873,"n":"Eau de source Zilia Citron - 9x50cl","p":3.85,"u":"0,86 €/L","img":"https://fd5-photos.leclercdrive.fr/image.ashx?id=2094754&use=l&cat=p&typeid=i","cat":284536},{"id":132874,"n":"Eau de source Zilia Bouteille en verre - 1L","p":1.5,"u":"1,50 €/L","img":"https://fd5-photos.leclercdrive.fr/image.ashx?id=2497460&use=l&cat=p&typeid=i","cat":284535},{"id":132905,"n":"Confiture Bonne Maman Myrtille/Cassis - 335g","p":2.47,"u":"7,37 €/KG","img":"https://fd5-photos.leclercdrive.fr/image.ashx?id=2508222&use=l&cat=p&typeid=i","cat":284480},{"id":132924,"n":"Crème mains Le Petit Olivier Karité - 75ml","p":2.65,"u":"35,33 €/L","img":"https://fd5-photos.leclercdrive.fr/image.ashx?id=1951721&use=l&cat=p&typeid=i","cat":325354},{"id":133037,"n":"Masque pieds Loua en tissu exfoliant - 1 pièce","p":4.04,"img":"https://fd5-photos.leclercdrive.fr/image.ashx?id=2406097&use=l&cat=p&typeid=i","cat":325354},{"id":133044,"n":"Lessive laine & soie Epsil 25 lavages - 1.25L","p":2.54,"u":"2,03 €/L","img":"https://fd5-photos.leclercdrive.fr/image.ashx?id=2842319&use=l&cat=p&typeid=i","cat":284640},{"id":133058,"n":"Vin de Corse rosé Domaine Terra Di i Nostri 75cl","p":7.51,"u":"10,01 €/L","img":"https://fd5-photos.leclercdrive.fr/image.ashx?id=1959223&use=l&cat=p&typeid=i","cat":289558},{"id":133059,"n":"Terra di i nostri Vin rouge Corse - 75cl","p":6.6,"u":"8,80 €/L","img":"https://fd5-photos.leclercdrive.fr/image.ashx?id=1959229&use=l&cat=p&typeid=i","cat":289556},{"id":133060,"n":"Terra di i nostri Vin blanc Corse - 75cl","p":6.97,"u":"9,29 €/L","img":"https://fd5-photos.leclercdrive.fr/image.ashx?id=1959226&use=l&cat=p&typeid=i","cat":289557},{"id":133067,"n":"Baume bio Osteo+  So Bio Etic Bien être articulaire - 75ml","p":8.06,"u":"107,47 €/L","img":"https://fd5-photos.leclercdrive.fr/image.ashx?id=2644788&use=l&cat=p&typeid=i","cat":284630},{"id":133071,"n":"Contour yeux bio So Bio Etic Précieux Argan -15ml","p":15.05,"img":"https://fd5-photos.leclercdrive.fr/image.ashx?id=2644244&use=l&cat=p&typeid=i","cat":325345},{"id":133104,"n":"Séchoir tourniquet Homeside 14 pinces","p":3.69,"img":"https://fd5-photos.leclercdrive.fr/image.ashx?id=2083984&use=l&cat=p&typeid=i","cat":335909},{"id":133115,"n":"Sauce Mayomix Heinz Mix mayonnaise & ketchup - 425g","p":2.49,"u":"5,86 €/KG","img":"https://fd5-photos.leclercdrive.fr/image.ashx?id=2926936&use=l&cat=p&typeid=i","cat":318431},{"id":133121,"n":"Poisson Pané Colin Alaska Findus Céréales graines - 250g","p":2.67,"u":"10,68 €/KG","img":"https://fd5-photos.leclercdrive.fr/image.ashx?id=3008764&use=l&cat=p&typeid=i","cat":319788},{"id":133173,"n":"IGP Pays d'Oc blanc Ormes De Cambras Sauvignon 12% 75cl","p":3.19,"u":"4,25 €/L","img":"https://fd5-photos.leclercdrive.fr/image.ashx?id=2105155&use=l&cat=p&typeid=i","cat":289557},{"id":133179,"n":"Yaourt protéiné Hipro Vanille 0%mg - 2x160g","p":2.02,"u":"6,31 €/KG","img":"https://fd5-photos.leclercdrive.fr/image.ashx?id=2807414&use=l&cat=p&typeid=i","cat":315000},{"id":133180,"n":"Yaourt bifidus Activia céréales Muesli quinoa noisette - 8x120g","p":3.73,"u":"3,89 €/KG","img":"https://fd5-photos.leclercdrive.fr/image.ashx?id=2861981&use=l&cat=p&typeid=i","cat":315000},{"id":133188,"n":"Douche crème bio So Bio Etic Surgras à l'huile de coco-650ml","p":5.98,"u":"9,20 €/L","img":"https://fd5-photos.leclercdrive.fr/image.ashx?id=2891580&use=l&cat=p&typeid=i","cat":284594},{"id":133236,"n":"Shampooing Anasphase Ducray complément anti chute - 400ml","p":13.49,"u":"33,73 €/L","img":"https://fd5-photos.leclercdrive.fr/image.ashx?id=2960861&use=l&cat=p&typeid=i","cat":290400},{"id":133365,"n":"Bière 3 Monts Saison Deux houblons - 75 cl","p":3.48,"u":"4,64 €/L","img":"https://fd5-photos.leclercdrive.fr/image.ashx?id=2548183&use=l&cat=p&typeid=i","cat":334852},{"id":133379,"n":"Pain surgras Cold Cream Avène 2x100 g","p":7.79,"u":"38,95 €/KG","img":"https://fd5-photos.leclercdrive.fr/image.ashx?id=1982497&use=l&cat=p&typeid=i","cat":301591},{"id":133393,"n":"Huile sèche SPF 30 Klorane solaire Polysianes -200ml","p":16.39,"u":"81,95 €/L","img":"https://fd5-photos.leclercdrive.fr/image.ashx?id=2377247&use=l&cat=p&typeid=i","cat":290396},{"id":133426,"n":"Capsules Nescafé Dolce Gusto Marrakech Tea - x16","p":4.29,"u":"51,69 €/KG","img":"https://fd5-photos.leclercdrive.fr/image.ashx?id=2467510&use=l&cat=p&typeid=i","cat":293239},{"id":133434,"n":"Marinade Barbecue Aymard 170g","p":3.49,"u":"20,53 €/KG","img":"https://fd5-photos.leclercdrive.fr/image.ashx?id=1955864&use=l&cat=p&typeid=i","cat":298297},{"id":133462,"n":"Bain de bouche Eluday Care action antiplaque - 500ml","p":5.79,"u":"11,58 €/L","img":"https://fd5-photos.leclercdrive.fr/image.ashx?id=2788745&use=l&cat=p&typeid=i","cat":290416},{"id":133464,"n":"Shampooing Bio So Bio Etic Hibiscus Acide laurique - 250ml","p":4.21,"u":"16,84 €/L","img":"https://fd5-photos.leclercdrive.fr/image.ashx?id=2784959&use=l&cat=p&typeid=i","cat":284606},{"id":133465,"n":"Bain de bouche Eluday Protect Protection complète - 500ml","p":4.8,"u":"9,60 €/L","img":"https://fd5-photos.leclercdrive.fr/image.ashx?id=2373600&use=l&cat=p&typeid=i","cat":290416},{"id":133489,"n":"Lait chèvre demi-écrémé Lactel UHT Bouteille - 50cl","p":1.68,"u":"3,36 €/L","img":"https://fd5-photos.leclercdrive.fr/image.ashx?id=2892784&use=l&cat=p&typeid=i","cat":295251},{"id":133535,"n":"Billes d'argile beaux jours 6 L","p":3.29,"u":"0,55 €/L","img":"https://fd5-photos.leclercdrive.fr/image.ashx?id=2632603&use=l&cat=p&typeid=i","cat":335919},{"id":133559,"n":"Crème sublimatrice Klorane après-soleil - 200ml","p":19.7,"u":"98,50 €/L","img":"https://fd5-photos.leclercdrive.fr/image.ashx?id=2377250&use=l&cat=p&typeid=i","cat":290396},{"id":133582,"n":"Steack Haché Charolais 12% Charal - 260g","p":4.91,"u":"18,88 €/KG","img":"https://fd5-photos.leclercdrive.fr/image.ashx?id=1956886&use=l&cat=p&typeid=i","cat":284332},{"id":133618,"n":"Lamelles de Blanc de Gigas 1kg","p":12.25,"u":"12,25 €/KG","img":"https://fd5-photos.leclercdrive.fr/image.ashx?id=1957653&use=l&cat=p&typeid=i","cat":319787},{"id":133650,"n":"DOC Prosecco Treviso Mionetto - 75cl","p":6.23,"u":"8,31 €/L","img":"https://fd5-photos.leclercdrive.fr/image.ashx?id=3011911&use=l&cat=p&typeid=i","cat":289461},{"id":133748,"n":"Soda Coca-Cola - SANS SUCRES Bouteille - 6x25cl","p":4.66,"u":"3,11 €/L","img":"https://fd5-photos.leclercdrive.fr/image.ashx?id=2312308&use=l&cat=p&typeid=i","cat":284530},{"id":133807,"n":"Huile auto Helix Ultra Diesel 5L","p":33.5,"u":"6,70 €/L","img":"https://fd5-photos.leclercdrive.fr/image.ashx?id=2753716&use=l&cat=p&typeid=i","cat":298253},{"id":133916,"n":"Signature Crevette Tempura SushiShop Corner - 8p","p":9.5,"u":"1,19 €/P","img":"https://fd5-photos.leclercdrive.fr/image.ashx?id=1958754&use=l&cat=p&typeid=i","cat":286791},{"id":133959,"n":"Oeufs L'ovu in piazza Plein air bio - x6","p":4.45,"u":"0,74 €/P","img":"https://fd5-photos.leclercdrive.fr/image.ashx?id=2068793&use=l&cat=p&typeid=i","cat":284378},{"id":133975,"n":"Cacahuètes Daco Bello Chouchou sucrées - 300g","p":2.92,"u":"9,73 €/KG","img":"https://fd5-photos.leclercdrive.fr/image.ashx?id=2533664&use=l&cat=p&typeid=i","cat":284357},{"id":133987,"n":"Oeufs La nouvelle agriculture Plein Air - x12","p":3.51,"u":"0,29 €/P","img":"https://fd5-photos.leclercdrive.fr/image.ashx?id=2465562&use=l&cat=p&typeid=i","cat":284378},{"id":133995,"n":"Salade surimi Emperatriz Au piment - 250ml","p":3.97,"u":"15,88 €/L","img":"https://fd5-photos.leclercdrive.fr/image.ashx?id=1960461&use=l&cat=p&typeid=i","cat":305147},{"id":133996,"n":"Haricots géants L'Ortu Bocal - 570g","p":4.55,"u":"7,98 €/KG","img":"https://fd5-photos.leclercdrive.fr/image.ashx?id=1960458&use=l&cat=p&typeid=i","cat":312606},{"id":133997,"n":"Pois chiches L'Ortu Bocal - 570g","p":2.44,"u":"4,28 €/KG","img":"https://fd5-photos.leclercdrive.fr/image.ashx?id=1960452&use=l&cat=p&typeid=i","cat":312609},{"id":133998,"n":"Confiture Charles Antona Mûre sauvage bocal - 350gr","p":4.28,"u":"12,23 €/KG","img":"https://fd5-photos.leclercdrive.fr/image.ashx?id=1993456&use=l&cat=p&typeid=i","cat":284480},{"id":134001,"n":"Mini Baguettes à la Tomate Bio Good Goût - Dès 10 mois - 70g","p":2.96,"u":"42,29 €/KG","img":"https://fd5-photos.leclercdrive.fr/image.ashx?id=2640680&use=l&cat=p&typeid=i","cat":312394},{"id":134011,"n":"Chirashi Saumon SushiShop Corner  - 308g","p":14.5,"u":"47,08 €/KG","img":"https://fd5-photos.leclercdrive.fr/image.ashx?id=1978350&use=l&cat=p&typeid=i","cat":286791},{"id":134012,"n":"Confiture Charles Antona Cédrat bocal 350gr","p":4.0,"u":"11,43 €/KG","img":"https://fd5-photos.leclercdrive.fr/image.ashx?id=2467847&use=l&cat=p&typeid=i","cat":284480},{"id":134013,"n":"Confiture Charles Antona Pêche-abricot-miel bocal 350gr","p":3.98,"u":"11,37 €/KG","img":"https://fd5-photos.leclercdrive.fr/image.ashx?id=2467357&use=l&cat=p&typeid=i","cat":284480},{"id":134014,"n":"Confiture Charles Antona Myrtille bocal 350gr","p":4.13,"u":"11,80 €/KG","img":"https://fd5-photos.leclercdrive.fr/image.ashx?id=2101864&use=l&cat=p&typeid=i","cat":284480},{"id":134016,"n":"Confiture Charles Antona Clémentine bocal 350gr","p":3.88,"u":"11,09 €/KG","img":"https://fd5-photos.leclercdrive.fr/image.ashx?id=1993453&use=l&cat=p&typeid=i","cat":284480},{"id":134017,"n":"Confiture Charles Antona 3 agrumes bocal 350gr","p":3.85,"u":"11,00 €/KG","img":"https://fd5-photos.leclercdrive.fr/image.ashx?id=1966763&use=l&cat=p&typeid=i","cat":284480},{"id":134018,"n":"Confiture Charles Antona Myrte bocal 350gr","p":3.88,"u":"11,09 €/KG","img":"https://fd5-photos.leclercdrive.fr/image.ashx?id=2032174&use=l&cat=p&typeid=i","cat":284480},{"id":134019,"n":"Confiture Charles Antona Arbouse bocal 350gr","p":3.59,"u":"10,26 €/KG","img":"https://fd5-photos.leclercdrive.fr/image.ashx?id=2032171&use=l&cat=p&typeid=i","cat":284480},{"id":134020,"n":"Terrine Charles Antona Veau Corse aux olives - 140g","p":3.95,"u":"28,21 €/KG","img":"https://fd5-photos.leclercdrive.fr/image.ashx?id=1966760&use=l&cat=p&typeid=i","cat":305149},{"id":134022,"n":"Plat cuisiné Charles Antona Veau Corse aux olives - 600g","p":12.75,"u":"21,25 €/KG","img":"https://fd5-photos.leclercdrive.fr/image.ashx?id=2155597&use=l&cat=p&typeid=i","cat":284441},{"id":134024,"n":"Plat cuisiné Charles Antona Taboulé à la myrte - 470g","p":4.63,"u":"9,85 €/KG","img":"https://fd5-photos.leclercdrive.fr/image.ashx?id=2165203&use=l&cat=p&typeid=i","cat":325094},{"id":134028,"n":"Vin rosé Terra Vecchia IGP Le Gris  Corse - 75cl","p":8.93,"u":"11,91 €/L","img":"https://fd5-photos.leclercdrive.fr/image.ashx?id=2189103&use=l&cat=p&typeid=i","cat":289558},{"id":134030,"n":"IGP Ile de Beauté Terra Vecchia Vin rosé - Corse - BIB 5L","p":18.5,"u":"3,70 €/L","img":"https://fd5-photos.leclercdrive.fr/image.ashx?id=2352879&use=l&cat=p&typeid=i","cat":289560},{"id":134031,"n":"Bière Kiara Blonde - 6x25cl","p":10.52,"u":"42,08 €/L","img":"https://fd5-photos.leclercdrive.fr/image.ashx?id=2189097&use=l&cat=p&typeid=i","cat":334872},{"id":134032,"n":"Bière Kiara Ambrée - 6x25cl","p":9.12,"u":"36,48 €/L","img":"https://fd5-photos.leclercdrive.fr/image.ashx?id=2189100&use=l&cat=p&typeid=i","cat":334872},{"id":134033,"n":"Bière blanche Kiara 6x25cl","p":9.54,"u":"38,16 €/L","img":"https://fd5-photos.leclercdrive.fr/image.ashx?id=2189588&use=l&cat=p&typeid=i","cat":334878},{"id":134034,"n":"Bière Kiara Au citron - 6x25cl","p":9.54,"u":"38,16 €/L","img":"https://fd5-photos.leclercdrive.fr/image.ashx?id=2189591&use=l&cat=p&typeid=i","cat":334872},{"id":134047,"n":"Barres de céréales Lion Chocolat caramel - 12x25g","p":3.84,"u":"12,80 €/KG","img":"https://fd5-photos.leclercdrive.fr/image.ashx?id=2846787&use=l&cat=p&typeid=i","cat":285869},{"id":134052,"n":"Velouté La Potagère duo Butternut et potimarron bio-1L","p":2.72,"u":"2,72 €/L","img":"https://fd5-photos.leclercdrive.fr/image.ashx?id=2541205&use=l&cat=p&typeid=i","cat":284462},{"id":134056,"n":"Rougail saucisses et son riz 300g","p":2.55,"u":"8,50 €/KG","img":"https://fd5-photos.leclercdrive.fr/image.ashx?id=3008461&use=l&cat=p&typeid=i","cat":284953},{"id":134074,"n":"Courge Butternut Corse 1 pièce","p":3.68,"img":"https://fd5-photos.leclercdrive.fr/image.ashx?id=1631568&use=l&cat=p&typeid=i","cat":284352},{"id":134088,"n":"Applicateur express Baranne Noir - 75ml","p":2.39,"u":"3,19 €/L","img":"https://fd5-photos.leclercdrive.fr/image.ashx?id=2367883&use=l&cat=p&typeid=i","cat":285201},{"id":134095,"n":"Eau aromatisée Volvic juicy jus de citron - 6x50cl","p":3.96,"u":"1,32 €/L","img":"https://fd5-photos.leclercdrive.fr/image.ashx?id=2961993&use=l&cat=p&typeid=i","cat":284537},{"id":134117,"n":"Foie gras de canard entier  Maison Montfort - 320g","p":26.95,"u":"84,22 €/KG","img":"https://fd5-photos.leclercdrive.fr/image.ashx?id=2730997&use=l&cat=p&typeid=i","cat":316008},{"id":134121,"n":"Poivre noir moulu Eco+ 44g","p":0.55,"u":"12,50 €/KG","img":"https://fd5-photos.leclercdrive.fr/image.ashx?id=2717246&use=l&cat=p&typeid=i","cat":284457},{"id":134122,"n":"Poivre noir moulu Eco+ 90g","p":1.15,"u":"12,78 €/KG","img":"https://fd5-photos.leclercdrive.fr/image.ashx?id=2836307&use=l&cat=p&typeid=i","cat":284457},{"id":134124,"n":"Velouté PurSoup' Liebig Poireaux pomme de terre - 1L","p":2.02,"u":"2,02 €/L","img":"https://fd5-photos.leclercdrive.fr/image.ashx?id=2864324&use=l&cat=p&typeid=i","cat":284462},{"id":134129,"n":"Verrine de Paté Eco+ 3x180g","p":2.69,"u":"4,98 €/KG","img":"https://fd5-photos.leclercdrive.fr/image.ashx?id=2852946&use=l&cat=p&typeid=i","cat":305149},{"id":134130,"n":"Mélange paella Ducros 20g","p":1.43,"u":"71,50 €/KG","img":"https://fd5-photos.leclercdrive.fr/image.ashx?id=2490500&use=l&cat=p&typeid=i","cat":298297},{"id":134131,"n":"Soupe liquide brique Liebig  Velouté de Tomates - 1L","p":2.38,"u":"2,38 €/L","img":"https://fd5-photos.leclercdrive.fr/image.ashx?id=2759439&use=l&cat=p&typeid=i","cat":284462},{"id":134136,"n":"Rhum Spiced Clan Caribbean 35% vol - 70cl","p":12.49,"u":"17,84 €/L","img":"https://fd5-photos.leclercdrive.fr/image.ashx?id=2516044&use=l&cat=p&typeid=i","cat":284550},{"id":134142,"n":"Chirashi Mariné Saumon SushiShop Corner  - 308g","p":15.1,"u":"49,03 €/KG","img":"https://fd5-photos.leclercdrive.fr/image.ashx?id=1978353&use=l&cat=p&typeid=i","cat":286791},{"id":134144,"n":"Don Papa Masskara Base de rhum 40% vol 70cl","p":29.99,"u":"42,84 €/L","img":"https://fd5-photos.leclercdrive.fr/image.ashx?id=2858255&use=l&cat=p&typeid=i","cat":284551},{"id":134145,"n":"Rhum Diplomatico Reserva Exclusiva 70cL","p":66.25,"u":"94,64 €/L","img":"https://fd5-photos.leclercdrive.fr/image.ashx?id=2111349&use=l&cat=p&typeid=i","cat":284550},{"id":134146,"n":"Biscuits Nustikao Fourrés pâte à tartiner - 200g","p":1.67,"u":"8,35 €/KG","img":"https://fd5-photos.leclercdrive.fr/image.ashx?id=2473999&use=l&cat=p&typeid=i","cat":284488},{"id":134152,"n":"Biscuits Kinder Happy Hippo Au lait et au cacao - 103,5g","p":1.75,"u":"16,83 €/KG","img":"https://fd5-photos.leclercdrive.fr/image.ashx?id=2454499&use=l&cat=p&typeid=i","cat":284488},{"id":134162,"n":"Fromage frais nature Eco+ 9%mg - 6x60g","p":0.93,"u":"2,58 €/KG","img":"https://fd5-photos.leclercdrive.fr/image.ashx?id=2722372&use=l&cat=p&typeid=i","cat":284409},{"id":134165,"n":"Yaourt à la Grecque Délisse Stracciatella - 4x150g","p":2.39,"u":"3,98 €/KG","img":"https://fd5-photos.leclercdrive.fr/image.ashx?id=2753487&use=l&cat=p&typeid=i","cat":314999},{"id":134166,"n":"Shampoing Pétrole Hahn Lotion force bleue - 300ml","p":5.53,"u":"18,43 €/L","img":"https://fd5-photos.leclercdrive.fr/image.ashx?id=2450655&use=l&cat=p&typeid=i","cat":284621},{"id":134167,"n":"Yaourt à la grecque Délisse Noix de Coco - 4x150g","p":2.38,"u":"3,97 €/KG","img":"https://fd5-photos.leclercdrive.fr/image.ashx?id=2699759&use=l&cat=p&typeid=i","cat":314999},{"id":134193,"n":"Mozzarella bufala Casa Azzurra Boule - 200g","p":3.52,"u":"17,60 €/KG","img":"https://fd5-photos.leclercdrive.fr/image.ashx?id=2916938&use=l&cat=p&typeid=i","cat":314026},{"id":134194,"n":"Yaourt aromatisé Perle de Lait Lit de Mangue Passion - 4x125g","p":2.4,"u":"4,80 €/P","img":"https://fd5-photos.leclercdrive.fr/image.ashx?id=2989213&use=l&cat=p&typeid=i","cat":314999},{"id":134195,"n":"Yaourt Enfant Petits Filous Aromatisé à la Pêche - 6x100g","p":3.14,"u":"5,23 €/KG","img":"https://fd5-photos.leclercdrive.fr/image.ashx?id=2748437&use=l&cat=p&typeid=i","cat":284415},{"id":134218,"n":"Lardons fumés Tradilège Sans nitrite - 2x75g","p":1.57,"u":"10,47 €/KG","img":"https://fd5-photos.leclercdrive.fr/image.ashx?id=2965828&use=l&cat=p&typeid=i","cat":316011},{"id":134220,"n":"Allumettes nature Tradilège Sans nitrite - 2x75g","p":1.64,"u":"10,93 €/KG","img":"https://fd5-photos.leclercdrive.fr/image.ashx?id=2970486&use=l&cat=p&typeid=i","cat":316011},{"id":134223,"n":"Allumettes fumées Tradilège Sans nitrite - 2x75g","p":1.63,"u":"10,87 €/KG","img":"https://fd5-photos.leclercdrive.fr/image.ashx?id=2965825&use=l&cat=p&typeid=i","cat":316011},{"id":134249,"n":"Blé express cuisiné Ebly  Tomate et basilic - 220g","p":1.66,"u":"7,55 €/KG","img":"https://fd5-photos.leclercdrive.fr/image.ashx?id=1963877&use=l&cat=p&typeid=i","cat":287600},{"id":134257,"n":"Corn Flakes Grainéa Nature - 500g","p":2.08,"u":"4,16 €/KG","img":"https://fd5-photos.leclercdrive.fr/image.ashx?id=2939088&use=l&cat=p&typeid=i","cat":309513},{"id":134262,"n":"Gü Cheesecake fraise des bois 2x87g","p":3.27,"u":"20,96 €/KG","img":"https://fd5-photos.leclercdrive.fr/image.ashx?id=2516911&use=l&cat=p&typeid=i","cat":284419},{"id":134316,"n":"Goûters P'tit Déli Croc' Goût Vanille - 300g","p":1.08,"u":"3,27 €/KG","img":"https://fd5-photos.leclercdrive.fr/image.ashx?id=2708901&use=l&cat=p&typeid=i","cat":284489},{"id":134317,"n":"Biscuit Croc Break P'tit Déli Goût Chocolat - 300g","p":1.68,"u":"5,60 €/KG","img":"https://fd5-photos.leclercdrive.fr/image.ashx?id=2708895&use=l&cat=p&typeid=i","cat":284488},{"id":134318,"n":"Biscuits P'tit déli Pirates Chocolat - 2x300g","p":2.17,"u":"3,62 €/KG","img":"https://fd5-photos.leclercdrive.fr/image.ashx?id=2539460&use=l&cat=p&typeid=i","cat":284488},{"id":134319,"n":"Biscuit Croc Break P'tit Déli Goût Tout Chocolat - 300g","p":1.17,"u":"3,90 €/KG","img":"https://fd5-photos.leclercdrive.fr/image.ashx?id=2472662&use=l&cat=p&typeid=i","cat":284488},{"id":134331,"n":"Muesli croustillant Grainéa Chocolat noir - 500g","p":2.29,"u":"4,58 €/KG","img":"https://fd5-photos.leclercdrive.fr/image.ashx?id=2925991&use=l&cat=p&typeid=i","cat":309512},{"id":134333,"n":"Muesli croustillant Grainéa Noix - 500g","p":2.02,"u":"4,04 €/KG","img":"https://fd5-photos.leclercdrive.fr/image.ashx?id=2917662&use=l&cat=p&typeid=i","cat":309512},{"id":134336,"n":"Muesli croustillant Grainéa  Aux fruits - 500g","p":1.87,"u":"3,74 €/KG","img":"https://fd5-photos.leclercdrive.fr/image.ashx?id=2931796&use=l&cat=p&typeid=i","cat":309512},{"id":134347,"n":"Anneaux Calamars Cité Marine Romaine - 180g","p":3.28,"u":"18,22 €/KG","img":"https://fd5-photos.leclercdrive.fr/image.ashx?id=2867104&use=l&cat=p&typeid=i","cat":284344},{"id":134352,"n":"Muesli croustillant Grainéa  Fraise - 500g","p":2.27,"u":"4,54 €/KG","img":"https://fd5-photos.leclercdrive.fr/image.ashx?id=2873670&use=l&cat=p&typeid=i","cat":309512},{"id":134353,"n":"Muesli croustillant Grainéa Chocolat lait - 500g","p":2.27,"u":"4,54 €/KG","img":"https://fd5-photos.leclercdrive.fr/image.ashx?id=2925994&use=l&cat=p&typeid=i","cat":309512},{"id":134398,"n":"Saucisson Fuet d'Olot 150g","p":2.31,"u":"15,40 €/KG","img":"https://fd5-photos.leclercdrive.fr/image.ashx?id=1971722&use=l&cat=p&typeid=i","cat":316006},{"id":134404,"n":"Bananes chips 275 g","p":3.06,"u":"11,13 €/KG","img":"https://fd5-photos.leclercdrive.fr/image.ashx?id=1963904&use=l&cat=p&typeid=i","cat":284357},{"id":134405,"n":"Moules de Bouchot L'Atelier Poissonnerie - 1,4kg","p":7.9,"u":"5,64 €/KG","img":"https://fd5-photos.leclercdrive.fr/image.ashx?id=2956475&use=l&cat=p&typeid=i","cat":284343},{"id":134412,"n":"Cassoulet Maison rivière  Au confit de canard - 420g","p":3.25,"u":"7,74 €/KG","img":"https://fd5-photos.leclercdrive.fr/image.ashx?id=2734222&use=l&cat=p&typeid=i","cat":284440},{"id":134427,"n":"Salade de betteraves Menu Fraîcheur - 500g","p":1.89,"u":"3,78 €/KG","img":"https://fd5-photos.leclercdrive.fr/image.ashx?id=2645987&use=l&cat=p&typeid=i","cat":333657},{"id":134458,"n":"Fromage Camembert NRT AOP  de Normandie  - 250g","p":3.39,"u":"13,56 €/KG","img":"https://fd5-photos.leclercdrive.fr/image.ashx?id=1962719&use=l&cat=p&typeid=i","cat":314033},{"id":134484,"n":"Pur jus de légume Bio Village Bio - 1L","p":2.86,"u":"2,86 €/L","img":"https://fd5-photos.leclercdrive.fr/image.ashx?id=2901569&use=l&cat=p&typeid=i","cat":284523},{"id":134534,"n":"Café en grains L'OR Absolu N° 7 1kg","p":18.22,"u":"18,22 €/KG","img":"https://fd5-photos.leclercdrive.fr/image.ashx?id=2716837&use=l&cat=p&typeid=i","cat":293237},{"id":134585,"n":"Noix de coco râpée Vahiné 200g","p":2.83,"u":"14,15 €/KG","img":"https://fd5-photos.leclercdrive.fr/image.ashx?id=2805276&use=l&cat=p&typeid=i","cat":284504},{"id":134600,"n":"Barres chocolat Milka Nussini - 5x31,5g","p":2.62,"u":"16,69 €/KG","img":"https://fd5-photos.leclercdrive.fr/image.ashx?id=2913487&use=l&cat=p&typeid=i","cat":284498},{"id":134615,"n":"Mini sucettes Chupa Chups Margarita x50 - 300g","p":4.6,"u":"15,33 €/KG","img":"https://fd5-photos.leclercdrive.fr/image.ashx?id=2189208&use=l&cat=p&typeid=i","cat":304252},{"id":134676,"n":"Friandises chien Pedigree  Schmackos multi mix x20 - 144g","p":2.06,"u":"14,31 €/KG","img":"https://fd5-photos.leclercdrive.fr/image.ashx?id=2338579&use=l&cat=p&typeid=i","cat":294527},{"id":134677,"n":"Friandise petit chien Pedigree  Os à mâcher x4 - 160g","p":2.17,"u":"13,56 €/KG","img":"https://fd5-photos.leclercdrive.fr/image.ashx?id=2997253&use=l&cat=p&typeid=i","cat":294527},{"id":134678,"n":"Friandise moyen chien Pedigree Os à mâcher x2 - 180g","p":2.11,"u":"11,72 €/KG","img":"https://fd5-photos.leclercdrive.fr/image.ashx?id=2981710&use=l&cat=p&typeid=i","cat":294527},{"id":134680,"n":"Biscuits chien Pedigree Markies fourrés - 1,5kg","p":4.74,"u":"3,16 €/KG","img":"https://fd5-photos.leclercdrive.fr/image.ashx?id=2109671&use=l&cat=p&typeid=i","cat":294527},{"id":134688,"n":"Compote Charles & Alice Pommes Pruneaux - 4x100g","p":1.62,"u":"4,05 €/KG","img":"https://fd5-photos.leclercdrive.fr/image.ashx?id=2757335&use=l&cat=p&typeid=i","cat":284416},{"id":134698,"n":"Pomme de terre filière vapeur  sautées Panier du Primeur - 2kg","p":2.29,"u":"1,15 €/KG","img":"https://fd5-photos.leclercdrive.fr/image.ashx?id=2959644&use=l&cat=p&typeid=i","cat":284352},{"id":134736,"n":"Lotion verte Petole Hahn Force 5 Vitalité - 300ml","p":4.05,"u":"13,50 €/L","img":"https://fd5-photos.leclercdrive.fr/image.ashx?id=2450652&use=l&cat=p&typeid=i","cat":284608},{"id":134742,"n":"Chili con carne Paul et Louise 400g","p":2.25,"u":"5,63 €/KG","img":"https://fd5-photos.leclercdrive.fr/image.ashx?id=3008485&use=l&cat=p&typeid=i","cat":325094},{"id":134745,"n":"Yaourt nature ECO+ 12x125g","p":1.69,"u":"1,13 €/KG","img":"https://fd5-photos.leclercdrive.fr/image.ashx?id=2791194&use=l&cat=p&typeid=i","cat":284409},{"id":134747,"n":"Biscuits Bio Nat&Vie Avoine/chocolat - 130g","p":2.12,"u":"16,31 €/KG","img":"https://fd5-photos.leclercdrive.fr/image.ashx?id=2329197&use=l&cat=p&typeid=i","cat":318651},{"id":134748,"n":"Asperges blanches Eco+ Miniatures - 125g","p":0.99,"u":"7,92 €/KG","img":"https://fd5-photos.leclercdrive.fr/image.ashx?id=2661076&use=l&cat=p&typeid=i","cat":312611},{"id":134749,"n":"Biscuits avoine complet Nat&Vie Bio - 130g","p":1.78,"u":"13,69 €/KG","img":"https://fd5-photos.leclercdrive.fr/image.ashx?id=1965806&use=l&cat=p&typeid=i","cat":318651},{"id":134751,"n":"Boisson végétale Bio Village Riz coco bio - 1l","p":1.89,"u":"1,89 €/L","img":"https://fd5-photos.leclercdrive.fr/image.ashx?id=2352243&use=l&cat=p&typeid=i","cat":316067},{"id":134754,"n":"Café moulu Bio Village Guatémala Bio - 250g","p":4.9,"u":"19,60 €/KG","img":"https://fd5-photos.leclercdrive.fr/image.ashx?id=2468879&use=l&cat=p&typeid=i","cat":284750},{"id":134755,"n":"Café moulu Bio Village Décaféiné Bio - 250g","p":4.99,"u":"19,96 €/KG","img":"https://fd5-photos.leclercdrive.fr/image.ashx?id=2468885&use=l&cat=p&typeid=i","cat":284750},{"id":134758,"n":"Compote Allégée en sucres Eco+ Coupelle pomme banane - 4x100g","p":0.58,"u":"1,45 €/KG","img":"https://fd5-photos.leclercdrive.fr/image.ashx?id=1965671&use=l&cat=p&typeid=i","cat":284508},{"id":134760,"n":"Confiture extra bio Bio Village Figues - 370g","p":2.31,"u":"6,24 €/KG","img":"https://fd5-photos.leclercdrive.fr/image.ashx?id=2459593&use=l&cat=p&typeid=i","cat":284480},{"id":134769,"n":"Galette de maïs Bio Village Chocolat au lait Bio - 100g","p":1.95,"u":"19,50 €/KG","img":"https://fd5-photos.leclercdrive.fr/image.ashx?id=2510636&use=l&cat=p&typeid=i","cat":318651},{"id":134770,"n":"Compote bio Bio Village Gourdes multivariétés - 12x90g","p":6.35,"u":"5,88 €/KG","img":"https://fd5-photos.leclercdrive.fr/image.ashx?id=1965920&use=l&cat=p&typeid=i","cat":284508},{"id":134772,"n":"Huile de noisette Rustica 25cl","p":2.89,"u":"11,56 €/L","img":"https://fd5-photos.leclercdrive.fr/image.ashx?id=3002635&use=l&cat=p&typeid=i","cat":284453},{"id":134773,"n":"Pur jus de citron vert - 25 cl vert - 25 cl","p":1.77,"u":"7,08 €/L","img":"https://fd5-photos.leclercdrive.fr/image.ashx?id=2140944&use=l&cat=p&typeid=i","cat":288383},{"id":134774,"n":"Pur jus de citron jaune - 50 cl jaune - 50 cl","p":2.39,"u":"4,78 €/L","img":"https://fd5-photos.leclercdrive.fr/image.ashx?id=2140941&use=l&cat=p&typeid=i","cat":288383},{"id":134775,"n":"Lait de coco Bio Village Bio - 200ml","p":1.29,"u":"6,45 €/L","img":"https://fd5-photos.leclercdrive.fr/image.ashx?id=2552451&use=l&cat=p&typeid=i","cat":288992},{"id":134779,"n":"Mini gâteaux Bio Village Fourrés chocolat Bio x5 - 140g","p":2.6,"u":"18,57 €/KG","img":"https://fd5-photos.leclercdrive.fr/image.ashx?id=2852252&use=l&cat=p&typeid=i","cat":284495},{"id":134782,"n":"Palet breton Bio Village Bio - 125g","p":1.53,"u":"12,24 €/KG","img":"https://fd5-photos.leclercdrive.fr/image.ashx?id=2496425&use=l&cat=p&typeid=i","cat":284487},{"id":134787,"n":"Ravioli bœuf Bio village Bio 700g","p":3.7,"u":"5,29 €/KG","img":"https://fd5-photos.leclercdrive.fr/image.ashx?id=2717255&use=l&cat=p&typeid=i","cat":284442},{"id":134788,"n":"Spaghetti complets Bio Village Bio - 500g","p":0.89,"u":"1,78 €/KG","img":"https://fd5-photos.leclercdrive.fr/image.ashx?id=2503308&use=l&cat=p&typeid=i","cat":284429},{"id":134791,"n":"Thon à la catalane Eco + 135g","p":0.82,"u":"6,07 €/KG","img":"https://fd5-photos.leclercdrive.fr/image.ashx?id=2756834&use=l&cat=p&typeid=i","cat":303867},{"id":134792,"n":"Thon blanc Pêche océan MSC Entier nature - France - 112g","p":2.75,"u":"24,55 €/KG","img":"https://fd5-photos.leclercdrive.fr/image.ashx?id=2942235&use=l&cat=p&typeid=i","cat":303867},{"id":134793,"n":"Toasts fins nature Epi d'Or 100g","p":1.65,"u":"16,50 €/KG","img":"https://fd5-photos.leclercdrive.fr/image.ashx?id=2696283&use=l&cat=p&typeid=i","cat":285454},{"id":134794,"n":"Toasts fins sésame Epi d'Or 100g","p":1.65,"u":"16,50 €/KG","img":"https://fd5-photos.leclercdrive.fr/image.ashx?id=2705092&use=l&cat=p&typeid=i","cat":285454},{"id":134796,"n":"Tomates entières pelées Eco+ 240g","p":0.55,"u":"2,29 €/KG","img":"https://fd5-photos.leclercdrive.fr/image.ashx?id=2762501&use=l&cat=p&typeid=i","cat":312608},{"id":134797,"n":"Tuiles goût barbecue Tokapi 170g","p":1.39,"u":"8,18 €/KG","img":"https://fd5-photos.leclercdrive.fr/image.ashx?id=2632891&use=l&cat=p&typeid=i","cat":287899},{"id":134798,"n":"Velouté de légumes Eco + 1L","p":0.89,"u":"0,89 €/L","img":"https://fd5-photos.leclercdrive.fr/image.ashx?id=2768448&use=l&cat=p&typeid=i","cat":284462},{"id":134799,"n":"Vinaigre de vin 6° Eco +  1L","p":0.55,"u":"0,55 €/L","img":"https://fd5-photos.leclercdrive.fr/image.ashx?id=2606034&use=l&cat=p&typeid=i","cat":298543},{"id":134815,"n":"Pur jus 4 agrumes Eco +  1L","p":1.43,"u":"1,43 €/L","img":"https://fd5-photos.leclercdrive.fr/image.ashx?id=2762943&use=l&cat=p&typeid=i","cat":284917},{"id":134816,"n":"Jus d'orange ABC Eco + Brique - 1L","p":1.3,"u":"1,30 €/L","img":"https://fd5-photos.leclercdrive.fr/image.ashx?id=2802257&use=l&cat=p&typeid=i","cat":284521},{"id":134817,"n":"Jus de pamplemousse rose Eco + ABC - 1L","p":0.98,"u":"0,98 €/L","img":"https://fd5-photos.leclercdrive.fr/image.ashx?id=2802266&use=l&cat=p&typeid=i","cat":284914},{"id":134819,"n":"Nectar d'orange Eco + Brique - 2L","p":1.92,"u":"0,96 €/L","img":"https://fd5-photos.leclercdrive.fr/image.ashx?id=2842444&use=l&cat=p&typeid=i","cat":284521},{"id":134823,"n":"Nectar multifruits Eco+ 6x20cl","p":1.75,"u":"1,46 €/L","img":"https://fd5-photos.leclercdrive.fr/image.ashx?id=2957548&use=l&cat=p&typeid=i","cat":284917},{"id":134825,"n":"Bière 0.0% Falsbourg  Sans alcool - 6x25cl","p":2.63,"u":"1,75 €/L","img":"https://fd5-photos.leclercdrive.fr/image.ashx?id=2637979&use=l&cat=p&typeid=i","cat":334877},{"id":134829,"n":"Bière forte 7.9% Millbrau 50CL","p":0.85,"u":"1,70 €/L","img":"https://fd5-photos.leclercdrive.fr/image.ashx?id=2955578&use=l&cat=p&typeid=i","cat":334853},{"id":134830,"n":"Eau minérale gaz Alizée Eco + 6x50cl","p":1.14,"u":"0,38 €/L","img":"https://fd5-photos.leclercdrive.fr/image.ashx?id=2971861&use=l&cat=p&typeid=i","cat":284536},{"id":134840,"n":"Sangria rouge 7% Eco + 7% vol - 5L","p":5.99,"u":"1,20 €/L","img":"https://fd5-photos.leclercdrive.fr/image.ashx?id=2714974&use=l&cat=p&typeid=i","cat":286032},{"id":134841,"n":"IGP Pays d'Oc Merlot vin rosé Vieux Carion 12% vol - BIB 3L","p":7.99,"u":"2,66 €/L","img":"https://fd5-photos.leclercdrive.fr/image.ashx?id=2887410&use=l&cat=p&typeid=i","cat":289560},{"id":134842,"n":"Vin d'Union Européenne blanc Adrien Champaud 11% vol BIB 5L","p":8.49,"u":"1,70 €/L","img":"https://fd5-photos.leclercdrive.fr/image.ashx?id=2960517&use=l&cat=p&typeid=i","cat":289557},{"id":134843,"n":"IGP Var vin rosé Terres Ocrées 12% vol - BIB 5L","p":15.99,"u":"3,20 €/L","img":"https://fd5-photos.leclercdrive.fr/image.ashx?id=2883327&use=l&cat=p&typeid=i","cat":289560},{"id":134844,"n":"Crème de cassis Gildo 15% - 70cl","p":4.67,"u":"6,67 €/L","img":"https://fd5-photos.leclercdrive.fr/image.ashx?id=2563181&use=l&cat=p&typeid=i","cat":286032},{"id":134852,"n":"Bière blonde de luxe Millbrau 4% - 10x25cl","p":3.97,"u":"1,59 €/L","img":"https://fd5-photos.leclercdrive.fr/image.ashx?id=2955590&use=l&cat=p&typeid=i","cat":334873},{"id":134853,"n":"Bière speciale 4,9% Gildo 50cl","p":0.87,"u":"1,74 €/L","img":"https://fd5-photos.leclercdrive.fr/image.ashx?id=2955605&use=l&cat=p&typeid=i","cat":334853},{"id":134854,"n":"Bière blonde de luxe Millbrau 4% - 24x25cl","p":7.67,"u":"1,28 €/L","img":"https://fd5-photos.leclercdrive.fr/image.ashx?id=2955596&use=l&cat=p&typeid=i","cat":334873},{"id":134857,"n":"Désodorisant fraîcheur Uni Vert Plantes - 200ml","p":1.95,"u":"9,75 €/L","img":"https://fd5-photos.leclercdrive.fr/image.ashx?id=2573953&use=l&cat=p&typeid=i","cat":311626},{"id":134858,"n":"Brosse à dent enfant Dentamyl Clignotante licorne - 1 pièce","p":1.99,"img":"https://fd5-photos.leclercdrive.fr/image.ashx?id=1965773&use=l&cat=p&typeid=i","cat":288897},{"id":134860,"n":"Maxi carré bébé Mots d'Enfants Coton bio - x80","p":2.6,"u":"0,03 €/P","img":"https://fd5-photos.leclercdrive.fr/image.ashx?id=3014296&use=l&cat=p&typeid=i","cat":284739},{"id":134861,"n":"Maxi carré bébé Mots d'Enfants Coton bio écru - x40","p":1.37,"u":"0,03 €/P","img":"https://fd5-photos.leclercdrive.fr/image.ashx?id=1965833&use=l&cat=p&typeid=i","cat":284739},{"id":134862,"n":"Gel hydroalcoolique Primoplast 550ml","p":2.1,"u":"3,82 €/L","img":"https://fd5-photos.leclercdrive.fr/image.ashx?id=2856591&use=l&cat=p&typeid=i","cat":284630},{"id":134873,"n":"Jeu vidéo : Dirt 5 Console : PS4","p":24.9,"img":"https://fd5-photos.leclercdrive.fr/image.ashx?id=1968993&use=l&cat=p&typeid=i","cat":300553},{"id":134877,"n":"Jeu vidéo : FIFA 21 Console : PS4","p":52.8,"img":"https://fd5-photos.leclercdrive.fr/image.ashx?id=1969002&use=l&cat=p&typeid=i","cat":300553},{"id":134888,"n":"CD : Louane Album : Joie de vivre","p":14.99,"img":"https://fd5-photos.leclercdrive.fr/image.ashx?id=1967691&use=l&cat=p&typeid=i","cat":300554},{"id":134989,"n":"Amora Cornichons Extra-Fins Bocal Croq'Vert 370g","p":2.94,"u":"7,95 €/KG","img":"https://fd5-photos.leclercdrive.fr/image.ashx?id=2670911&use=l&cat=p&typeid=i","cat":284458},{"id":134992,"n":"Lingettes désinfectantes multi- usages Sanytol x48","p":2.14,"u":"0,04 €/P","img":"https://fd5-photos.leclercdrive.fr/image.ashx?id=2905270&use=l&cat=p&typeid=i","cat":325358},{"id":135004,"n":"Baba au rhum Bonne Maman 2x140g","p":2.25,"u":"8,04 €/P","img":"https://fd5-photos.leclercdrive.fr/image.ashx?id=2912329&use=l&cat=p&typeid=i","cat":284419},{"id":135102,"n":"Salade & Cie Sodebo Auvergnate Jambon Bleu Noix Pâtes 320g","p":5.06,"u":"15,81 €/KG","img":"https://fd5-photos.leclercdrive.fr/image.ashx?id=2795716&use=l&cat=p&typeid=i","cat":333657},{"id":135104,"n":"Salade & Cie Sodebo Brooklyn Poulet Rôti Pâtes - 320g","p":4.28,"u":"13,38 €/KG","img":"https://fd5-photos.leclercdrive.fr/image.ashx?id=2795719&use=l&cat=p&typeid=i","cat":333657},{"id":135133,"n":"Moelleux au chocolat Equador 4x80g","p":2.99,"u":"24,92 €/KG","img":"https://fd5-photos.leclercdrive.fr/image.ashx?id=1974305&use=l&cat=p&typeid=i","cat":284419},{"id":135134,"n":"Cheesecake au caramel Equador 2x80g","p":2.41,"u":"15,06 €/KG","img":"https://fd5-photos.leclercdrive.fr/image.ashx?id=2712992&use=l&cat=p&typeid=i","cat":284419},{"id":135135,"n":"Cheesecake au citron Equador 2x80g","p":2.41,"u":"15,06 €/KG","img":"https://fd5-photos.leclercdrive.fr/image.ashx?id=2760193&use=l&cat=p&typeid=i","cat":284419},{"id":135136,"n":"Coeur fondant chocolat Equador 2x90g","p":2.13,"u":"11,83 €/KG","img":"https://fd5-photos.leclercdrive.fr/image.ashx?id=1979707&use=l&cat=p&typeid=i","cat":284419},{"id":135137,"n":"Croustillant au chocolat noir Equador - 2x80g","p":2.75,"u":"17,19 €/KG","img":"https://fd5-photos.leclercdrive.fr/image.ashx?id=2557887&use=l&cat=p&typeid=i","cat":284419},{"id":135138,"n":"Mousse au chocolat noir Equador 2x90g","p":2.59,"u":"14,39 €/KG","img":"https://fd5-photos.leclercdrive.fr/image.ashx?id=2143341&use=l&cat=p&typeid=i","cat":284417},{"id":135139,"n":"Mousse au caramel Beurre salé Equador - 2x90g","p":2.79,"u":"15,50 €/KG","img":"https://fd5-photos.leclercdrive.fr/image.ashx?id=1979701&use=l&cat=p&typeid=i","cat":284417},{"id":135140,"n":"Mousse au chocolat croustillant Equador - 2x90g","p":2.79,"u":"15,50 €/KG","img":"https://fd5-photos.leclercdrive.fr/image.ashx?id=2966920&use=l&cat=p&typeid=i","cat":284417},{"id":135141,"n":"Panna cotta lit framboise Equador - 2x120g","p":2.19,"u":"9,13 €/KG","img":"https://fd5-photos.leclercdrive.fr/image.ashx?id=1975044&use=l&cat=p&typeid=i","cat":284419},{"id":135179,"n":"Sauce béchamel Bridélice 50cl","p":2.44,"u":"4,88 €/L","img":"https://fd5-photos.leclercdrive.fr/image.ashx?id=2904718&use=l&cat=p&typeid=i","cat":284382},{"id":135180,"n":"Crème légère fluide Bridélice 12% - 2x25cl","p":2.59,"u":"5,18 €/L","img":"https://fd5-photos.leclercdrive.fr/image.ashx?id=2911291&use=l&cat=p&typeid=i","cat":284381},{"id":135182,"n":"Poke bowl saumon SushiShop Corner - 358g","p":14.89,"u":"41,59 €/KG","img":"https://fd5-photos.leclercdrive.fr/image.ashx?id=2118914&use=l&cat=p&typeid=i","cat":286791},{"id":135183,"n":"Poke bowl fresh salmon SushiShop Corner - 387g","p":14.9,"u":"38,50 €/KG","img":"https://fd5-photos.leclercdrive.fr/image.ashx?id=2365216&use=l&cat=p&typeid=i","cat":286791},{"id":135184,"n":"Poke bowl poulet SushiShop Corner - 383g","p":12.5,"u":"32,64 €/KG","img":"https://fd5-photos.leclercdrive.fr/image.ashx?id=1978021&use=l&cat=p&typeid=i","cat":286791},{"id":135185,"n":"Nouilles sautées aux légumes SushiShop Corner - 261g","p":7.9,"u":"30,27 €/KG","img":"https://fd5-photos.leclercdrive.fr/image.ashx?id=1978015&use=l&cat=p&typeid=i","cat":333665},{"id":135186,"n":"Nouilles sautées au poulet SushiShop Corner - 313g","p":9.5,"u":"30,35 €/KG","img":"https://fd5-photos.leclercdrive.fr/image.ashx?id=1978018&use=l&cat=p&typeid=i","cat":286791},{"id":135191,"n":"Yaourt aromatisé sucré Eco+ Pack 12x125g","p":1.86,"u":"1,24 €/KG","img":"https://fd5-photos.leclercdrive.fr/image.ashx?id=2759774&use=l&cat=p&typeid=i","cat":286006},{"id":135196,"n":"Flan vanille Eco+ Nappé caramel - 12x100g","p":1.77,"u":"1,48 €/KG","img":"https://fd5-photos.leclercdrive.fr/image.ashx?id=2935211&use=l&cat=p&typeid=i","cat":284420},{"id":135201,"n":"Matière grasse bio St Hubert Doux 55%MG - 230g","p":2.02,"u":"8,78 €/KG","img":"https://fd5-photos.leclercdrive.fr/image.ashx?id=2886097&use=l&cat=p&typeid=i","cat":315229},{"id":135203,"n":"Yaourt nature Eco+ 4x125g","p":0.58,"u":"1,16 €/KG","img":"https://fd5-photos.leclercdrive.fr/image.ashx?id=2671789&use=l&cat=p&typeid=i","cat":284409},{"id":135229,"n":"Emmental rapé Eco+ 29%mg - 1kg","p":7.39,"u":"7,39 €/KG","img":"https://fd5-photos.leclercdrive.fr/image.ashx?id=2587097&use=l&cat=p&typeid=i","cat":314035},{"id":135246,"n":"Crème fraiche Eco+ Légère - 15% MG - 50cl","p":1.35,"u":"2,70 €/L","img":"https://fd5-photos.leclercdrive.fr/image.ashx?id=2891869&use=l&cat=p&typeid=i","cat":284381},{"id":135247,"n":"Fromage fondu Eco+ 17%mg - x10 - 200g","p":1.08,"u":"5,40 €/KG","img":"https://fd5-photos.leclercdrive.fr/image.ashx?id=2652290&use=l&cat=p&typeid=i","cat":314028},{"id":135251,"n":"Yaourt nature sucré Yoplait - 8x125g","p":1.75,"u":"1,75 €/KG","img":"https://fd5-photos.leclercdrive.fr/image.ashx?id=2796830&use=l&cat=p&typeid=i","cat":284409},{"id":135266,"n":"Pruneau Eco+ 1kg","p":5.97,"u":"5,97 €/KG","img":"https://fd5-photos.leclercdrive.fr/image.ashx?id=2964562&use=l&cat=p&typeid=i","cat":284357},{"id":135270,"n":"Pomme de terre rouge Vapeur  Sautées Panier du Primeur - 2kg","p":2.29,"u":"1,15 €/KG","img":"https://fd5-photos.leclercdrive.fr/image.ashx?id=2959638&use=l&cat=p&typeid=i","cat":284352},{"id":135271,"n":"Lait demi-écrémé Eco+ UHT Bouteille -  6x1L","p":5.76,"u":"0,96 €/L","img":"https://fd5-photos.leclercdrive.fr/image.ashx?id=2100757&use=l&cat=p&typeid=i","cat":284377},{"id":135278,"n":"Fromage blanc aromatisé Eco+ 2.8%MG - 12x60g","p":1.79,"u":"2,49 €/KG","img":"https://fd5-photos.leclercdrive.fr/image.ashx?id=2794817&use=l&cat=p&typeid=i","cat":284409},{"id":135279,"n":"Ail violet Panier du Primeur x3","p":2.99,"u":"1,00 €/P","img":"https://fd5-photos.leclercdrive.fr/image.ashx?id=2960520&use=l&cat=p&typeid=i","cat":284352},{"id":135282,"n":"Oignons sauciers Filière Panier du Primeur Filet 500g","p":1.49,"u":"2,98 €/KG","img":"https://fd5-photos.leclercdrive.fr/image.ashx?id=2966370&use=l&cat=p&typeid=i","cat":284352},{"id":135292,"n":"Crème dessert Eco+ Panachées - 12x125g","p":2.43,"u":"1,62 €/KG","img":"https://fd5-photos.leclercdrive.fr/image.ashx?id=2804326&use=l&cat=p&typeid=i","cat":285041},{"id":135293,"n":"Crème dessert Eco+ Saveur vanille - 4x125g","p":0.77,"u":"1,54 €/KG","img":"https://fd5-photos.leclercdrive.fr/image.ashx?id=2765695&use=l&cat=p&typeid=i","cat":285041},{"id":135294,"n":"Crème dessert Eco+ Chocolat - 4x125g","p":0.74,"u":"1,48 €/KG","img":"https://fd5-photos.leclercdrive.fr/image.ashx?id=3003046&use=l&cat=p&typeid=i","cat":285041},{"id":135295,"n":"Tranchette de gouda Eco+ 28%mg - 300g","p":2.53,"u":"8,43 €/KG","img":"https://fd5-photos.leclercdrive.fr/image.ashx?id=1974470&use=l&cat=p&typeid=i","cat":314028},{"id":135296,"n":"Fromage mi-chèvre Eco+ 23%mg - 180g","p":1.65,"u":"9,17 €/KG","img":"https://fd5-photos.leclercdrive.fr/image.ashx?id=2978504&use=l&cat=p&typeid=i","cat":314031},{"id":135301,"n":"Hauts de cuisse Eco+ Poulet blanc - 1kg","p":4.49,"u":"4,49 €/KG","img":"https://fd5-photos.leclercdrive.fr/image.ashx?id=2804163&use=l&cat=p&typeid=i","cat":284336},{"id":135302,"n":"Hauts de cuisse Eco+ Poulet jaune - 1kg","p":4.49,"u":"4,49 €/KG","img":"https://fd5-photos.leclercdrive.fr/image.ashx?id=2804160&use=l&cat=p&typeid=i","cat":284336},{"id":135343,"n":"Râpé 3 fromages Les Croisés  Format familial - 350g","p":3.12,"u":"8,91 €/KG","img":"https://fd5-photos.leclercdrive.fr/image.ashx?id=2959734&use=l&cat=p&typeid=i","cat":314035},{"id":135425,"n":"Kit French tacos Old El Paso doux - 385g","p":4.92,"u":"12,78 €/KG","img":"https://fd5-photos.leclercdrive.fr/image.ashx?id=2759718&use=l&cat=p&typeid=i","cat":288993},{"id":135426,"n":"Sauce Salsa Old El Paso à napper doux - 226g","p":2.27,"u":"10,04 €/KG","img":"https://fd5-photos.leclercdrive.fr/image.ashx?id=2738797&use=l&cat=p&typeid=i","cat":288993},{"id":135429,"n":"Pommes Dauphine Findus 540g","p":3.19,"u":"5,91 €/KG","img":"https://fd5-photos.leclercdrive.fr/image.ashx?id=2009954&use=l&cat=p&typeid=i","cat":319792},{"id":135444,"n":"Croco Baby -30% de sucre Haribo Sachet bonbons - 165g","p":2.01,"u":"12,18 €/KG","img":"https://fd5-photos.leclercdrive.fr/image.ashx?id=2806111&use=l&cat=p&typeid=i","cat":304250},{"id":135454,"n":"Brioche tranchée Harrys Nature sans additif Maxi - 680g","p":3.1,"u":"4,56 €/KG","img":"https://fd5-photos.leclercdrive.fr/image.ashx?id=2503022&use=l&cat=p&typeid=i","cat":284478},{"id":135456,"n":"Brioche tranchée Harrys Nature / Sans additifs - 485 g","p":2.51,"u":"5,18 €/KG","img":"https://fd5-photos.leclercdrive.fr/image.ashx?id=2503019&use=l&cat=p&typeid=i","cat":284478},{"id":135458,"n":"Brioche tranchée nature Harrys Allégée en sucre - 485g","p":2.84,"u":"5,86 €/KG","img":"https://fd5-photos.leclercdrive.fr/image.ashx?id=2503031&use=l&cat=p&typeid=i","cat":284478},{"id":135459,"n":"Brioche Tranchée Harrys Pépites de chocolat - 485g","p":3.2,"u":"6,60 €/KG","img":"https://fd5-photos.leclercdrive.fr/image.ashx?id=2503028&use=l&cat=p&typeid=i","cat":284478},{"id":135476,"n":"Fromage à Tartiner Tartare  Ail et Fines Herbes - 150g","p":1.82,"u":"12,13 €/KG","img":"https://fd5-photos.leclercdrive.fr/image.ashx?id=2243365&use=l&cat=p&typeid=i","cat":314029},{"id":135481,"n":"Barres céréales Nesquik Chocolat - 12x25g","p":3.84,"u":"12,80 €/KG","img":"https://fd5-photos.leclercdrive.fr/image.ashx?id=2843225&use=l&cat=p&typeid=i","cat":285869},{"id":135533,"n":"Chocolat noir Les Citronettes Les Chevaliers d'Argouges 170g","p":7.08,"u":"41,65 €/KG","img":"https://fd5-photos.leclercdrive.fr/image.ashx?id=2842732&use=l&cat=p&typeid=i","cat":327601},{"id":135534,"n":"Bûchettes chocolat noir cerise Les Chevaliers d'Argouges  150g","p":5.98,"u":"39,87 €/KG","img":"https://fd5-photos.leclercdrive.fr/image.ashx?id=2842738&use=l&cat=p&typeid=i","cat":327601},{"id":135536,"n":"Chocolat tranche d'oranges Les Chevalier d'Argouges - 180g","p":7.62,"u":"42,33 €/KG","img":"https://fd5-photos.leclercdrive.fr/image.ashx?id=2841415&use=l&cat=p&typeid=i","cat":327601},{"id":135554,"n":"Boules chocolat praliné Jacquot Lait, Amandes, noisettes - 1kg","p":11.31,"u":"11,31 €/KG","img":"https://fd5-photos.leclercdrive.fr/image.ashx?id=2303306&use=l&cat=p&typeid=i","cat":327595},{"id":135617,"n":"Champagne G.H. Mumm  brut - 75cl","p":34.3,"pp":31.3,"u":"41,73 €/L","img":"https://fd5-photos.leclercdrive.fr/image.ashx?id=2988315&use=l&cat=p&typeid=i","cat":284542},{"id":135640,"n":"Cuadro 4 chocolat praliné Novi Noir, lait, blanc noisette 150g","p":4.79,"u":"31,93 €/KG","img":"https://fd5-photos.leclercdrive.fr/image.ashx?id=2922218&use=l&cat=p&typeid=i","cat":327595},{"id":135645,"n":"Cuadro 4 chocolat praliné Novi Pistaches - 150g","p":4.55,"u":"30,33 €/KG","img":"https://fd5-photos.leclercdrive.fr/image.ashx?id=2922215&use=l&cat=p&typeid=i","cat":327595},{"id":135658,"n":"Chocolats Ferrero Prestige Assortiments x16- 166g","p":5.74,"u":"34,58 €/KG","img":"https://fd5-photos.leclercdrive.fr/image.ashx?id=2896429&use=l&cat=p&typeid=i","cat":327595},{"id":135682,"n":"Yaourt a la grecque Yaos Vanille - 4x125g + 2 offerts","p":2.5,"u":"3,33 €/KG","img":"https://fd5-photos.leclercdrive.fr/image.ashx?id=2580666&use=l&cat=p&typeid=i","cat":314999},{"id":135687,"n":"Riz vinaigré SushiShop Corner - 199g","p":2.9,"u":"9,27 €/KG","img":"https://fd5-photos.leclercdrive.fr/image.ashx?id=2094844&use=l&cat=p&typeid=i","cat":286791},{"id":135688,"n":"Sushi saumon Sushishop Corner - 10p","p":12.3,"u":"1,23 €/P","img":"https://fd5-photos.leclercdrive.fr/image.ashx?id=2094841&use=l&cat=p&typeid=i","cat":286791},{"id":135689,"n":"Sushi Découverte Sushishop Corner - 8p","p":12.5,"u":"1,56 €/P","img":"https://fd5-photos.leclercdrive.fr/image.ashx?id=1979868&use=l&cat=p&typeid=i","cat":286791},{"id":135691,"n":"Mix Sushi & Roll SushiShop Corner  - 12p","p":13.44,"u":"1,12 €/P","img":"https://fd5-photos.leclercdrive.fr/image.ashx?id=1978176&use=l&cat=p&typeid=i","cat":286791},{"id":135693,"n":"Gourmet SushiShop Corner  - 12p","p":13.7,"u":"1,14 €/P","img":"https://fd5-photos.leclercdrive.fr/image.ashx?id=1978182&use=l&cat=p&typeid=i","cat":286791},{"id":135698,"n":"Super California SushiShop Corner  - 18 pièces","p":15.5,"u":"0,86 €/P","img":"https://fd5-photos.leclercdrive.fr/image.ashx?id=2366796&use=l&cat=p&typeid=i","cat":286791},{"id":135699,"n":"Rainbow SushiShop Corner  - 18p","p":17.44,"u":"0,97 €/P","img":"https://fd5-photos.leclercdrive.fr/image.ashx?id=1978203&use=l&cat=p&typeid=i","cat":286791},{"id":135700,"n":"Mix Roll ( sans poisson cru) SushiShop Corner  - 18p","p":15.09,"u":"0,84 €/P","img":"https://fd5-photos.leclercdrive.fr/image.ashx?id=1978287&use=l&cat=p&typeid=i","cat":286791},{"id":135701,"n":"Amateurs SushiShop Corner  - 18p","p":17.4,"u":"0,97 €/P","img":"https://fd5-photos.leclercdrive.fr/image.ashx?id=1978293&use=l&cat=p&typeid=i","cat":286791},{"id":135702,"n":"Veggie Fresh Box SushiShop Corner  - 18p","p":13.3,"u":"0,74 €/P","img":"https://fd5-photos.leclercdrive.fr/image.ashx?id=1978296&use=l&cat=p&typeid=i","cat":286791},{"id":135703,"n":"Mix & Match SushiShop Corner  - 22p","p":18.5,"u":"0,84 €/P","img":"https://fd5-photos.leclercdrive.fr/image.ashx?id=2367886&use=l&cat=p&typeid=i","cat":286791},{"id":135704,"n":"Box Duo à partager SushiShop Corner  - 36 pièces","p":32.0,"u":"0,89 €/P","img":"https://fd5-photos.leclercdrive.fr/image.ashx?id=2365228&use=l&cat=p&typeid=i","cat":286791},{"id":135711,"n":"Mon premier Cacolac Briquettes - 3x20cl","p":2.43,"u":"4,05 €/L","img":"https://fd5-photos.leclercdrive.fr/image.ashx?id=3011176&use=l&cat=p&typeid=i","cat":295246},{"id":135729,"n":"Louche trendy HOMESIDE 1 pièce","p":3.9,"img":"https://fd5-photos.leclercdrive.fr/image.ashx?id=2017608&use=l&cat=p&typeid=i","cat":334135},{"id":135731,"n":"Cuillère trendy HOMESIDE 1 pièce","p":3.9,"img":"https://fd5-photos.leclercdrive.fr/image.ashx?id=2017599&use=l&cat=p&typeid=i","cat":334135},{"id":135732,"n":"Pelle trendy HOMESIDE 1 pièce","p":3.9,"img":"https://fd5-photos.leclercdrive.fr/image.ashx?id=2017611&use=l&cat=p&typeid=i","cat":334135},{"id":135735,"n":"IGP Méditerranée  Carafon Rosé - 75cl","p":3.62,"u":"4,83 €/L","img":"https://fd5-photos.leclercdrive.fr/image.ashx?id=1980699&use=l&cat=p&typeid=i","cat":289558},{"id":135758,"n":"Jambon Supérieur VPF Tradilège A l'étouffée Découennéx10 -400g","p":5.09,"u":"12,73 €/KG","img":"https://fd5-photos.leclercdrive.fr/image.ashx?id=2970477&use=l&cat=p&typeid=i","cat":316009},{"id":135780,"n":"Petits pots bébé P'TITE RECETTE Cabillaud 8M+ - 2x200g","p":2.11,"u":"5,28 €/KG","img":"https://fd5-photos.leclercdrive.fr/image.ashx?id=2525717&use=l&cat=p&typeid=i","cat":312236},{"id":135798,"n":"Barres céréales Extra Kellogg's  Miel - 4x32g","p":3.07,"u":"15,99 €/KG","img":"https://fd5-photos.leclercdrive.fr/image.ashx?id=3003414&use=l&cat=p&typeid=i","cat":285869},{"id":136264,"n":"Tapis en mousse 9 dalles Dès 6 mois","p":8.95,"img":"https://fd5-photos.leclercdrive.fr/image.ashx?id=1977541&use=l&cat=p&typeid=i","cat":334379},{"id":136362,"n":"AOC Côtes du Rhône rouge Réserve de Bonpas - 75cl","p":6.21,"u":"8,28 €/L","img":"https://fd5-photos.leclercdrive.fr/image.ashx?id=2991202&use=l&cat=p&typeid=i","cat":289556},{"id":136445,"n":"Gateau marbré Savane Chocolat - 310g","p":2.37,"u":"7,65 €/KG","img":"https://fd5-photos.leclercdrive.fr/image.ashx?id=2870719&use=l&cat=p&typeid=i","cat":294776},{"id":136450,"n":"Blé à l'Huile d'Olive Ebly Express 2mn - 220g","p":1.54,"u":"7,00 €/KG","img":"https://fd5-photos.leclercdrive.fr/image.ashx?id=1989105&use=l&cat=p&typeid=i","cat":284429},{"id":136452,"n":"Blé gourmand l'Original Ebly Cuisson 10min - 500g","p":1.82,"u":"3,64 €/KG","img":"https://fd5-photos.leclercdrive.fr/image.ashx?id=2286281&use=l&cat=p&typeid=i","cat":284429},{"id":136457,"n":"Pain grillé original Pasquier 415g","p":2.34,"u":"5,64 €/KG","img":"https://fd5-photos.leclercdrive.fr/image.ashx?id=2943957&use=l&cat=p&typeid=i","cat":284479},{"id":136472,"n":"Confiture Pure Via Fraise - 300g","p":2.47,"u":"8,23 €/KG","img":"https://fd5-photos.leclercdrive.fr/image.ashx?id=2752065&use=l&cat=p&typeid=i","cat":284480},{"id":136474,"n":"Confiture Pure Via Abricot - 300g","p":2.24,"u":"7,47 €/KG","img":"https://fd5-photos.leclercdrive.fr/image.ashx?id=2752062&use=l&cat=p&typeid=i","cat":284480},{"id":136507,"n":"Gros sel marin Bjorg Gris - 1 kg","p":1.78,"u":"1,78 €/KG","img":"https://fd5-photos.leclercdrive.fr/image.ashx?id=2105320&use=l&cat=p&typeid=i","cat":284457},{"id":136509,"n":"Sel et herbes Essentiel Bio 250g","p":2.58,"u":"10,32 €/KG","img":"https://fd5-photos.leclercdrive.fr/image.ashx?id=2560888&use=l&cat=p&typeid=i","cat":284457},{"id":136537,"n":"Velouté bio La Potagère Butternut Potimarron - 2x30cl","p":2.83,"u":"4,72 €/L","img":"https://fd5-photos.leclercdrive.fr/image.ashx?id=1984191&use=l&cat=p&typeid=i","cat":284462},{"id":136565,"n":"Galettes Lentilles Bio Hari&Co Courgettes Menthe x2 - 170 g","p":2.92,"u":"17,18 €/KG","img":"https://fd5-photos.leclercdrive.fr/image.ashx?id=2903596&use=l&cat=p&typeid=i","cat":316036},{"id":136579,"n":"Soupe liquide brique Liebig  Velouté de 12 légumes - 1L","p":2.18,"u":"2,18 €/L","img":"https://fd5-photos.leclercdrive.fr/image.ashx?id=2172645&use=l&cat=p&typeid=i","cat":284462},{"id":136580,"n":"Soupe liquide brique Liebig  Mouliné de 12 légumes - 1L","p":2.46,"u":"2,46 €/L","img":"https://fd5-photos.leclercdrive.fr/image.ashx?id=2172642&use=l&cat=p&typeid=i","cat":284462},{"id":136585,"n":"Plat bébé soir Blédiner 15 mois pâtes crème légumes - 2x200g","p":2.73,"u":"6,83 €/KG","img":"https://fd5-photos.leclercdrive.fr/image.ashx?id=2845859&use=l&cat=p&typeid=i","cat":312239},{"id":136586,"n":"Plat bébé soir Blédiner 8 mois Boulghour poireau - 2x200g","p":2.51,"u":"6,28 €/KG","img":"https://fd5-photos.leclercdrive.fr/image.ashx?id=2845862&use=l&cat=p&typeid=i","cat":312239},{"id":136598,"n":"Compote Bio Village Gourdes Pomme bio - 12x90g","p":5.25,"u":"4,86 €/KG","img":"https://fd5-photos.leclercdrive.fr/image.ashx?id=2330517&use=l&cat=p&typeid=i","cat":284508},{"id":136604,"n":"Serviettes ultra nuit Tadam Dermosensitives - x10","p":2.66,"img":"https://fd5-photos.leclercdrive.fr/image.ashx?id=2754755&use=l&cat=p&typeid=i","cat":284624},{"id":136607,"n":"Protège lingerie long Tadam Dermo-sensitives bio - x24","p":2.23,"img":"https://fd5-photos.leclercdrive.fr/image.ashx?id=2754767&use=l&cat=p&typeid=i","cat":284625},{"id":136627,"n":"Pad Thai Céréal Bio  Bio repas express - 220g","p":2.75,"u":"12,50 €/KG","img":"https://fd5-photos.leclercdrive.fr/image.ashx?id=2574089&use=l&cat=p&typeid=i","cat":288992},{"id":136628,"n":"Biscuit pépites choco noisette Gerblé - Sans gluten - 150g","p":3.24,"u":"21,60 €/KG","img":"https://fd5-photos.leclercdrive.fr/image.ashx?id=2868380&use=l&cat=p&typeid=i","cat":318654},{"id":136635,"n":"Cassoulet Maison Rivière Confit de canard - 840g","p":6.06,"u":"7,21 €/KG","img":"https://fd5-photos.leclercdrive.fr/image.ashx?id=2734225&use=l&cat=p&typeid=i","cat":284440},{"id":136638,"n":"Biscuit cacao céréales Gerblé   - 160g","p":2.65,"u":"16,56 €/KG","img":"https://fd5-photos.leclercdrive.fr/image.ashx?id=2810798&use=l&cat=p&typeid=i","cat":318651},{"id":136645,"n":"Blé gourmand l'Original Ebly Cuisson 10min - 1kg","p":2.84,"u":"2,84 €/KG","img":"https://fd5-photos.leclercdrive.fr/image.ashx?id=2286278&use=l&cat=p&typeid=i","cat":284429},{"id":136646,"n":"Bonbons Tic Tac 100 pastilles Festival de goûts - 49g","p":1.79,"u":"36,53 €/KG","img":"https://fd5-photos.leclercdrive.fr/image.ashx?id=2758607&use=l&cat=p&typeid=i","cat":304256},{"id":136659,"n":"Pâtes fraîches Spaetzle Stoeffler - 300g","p":2.48,"u":"8,27 €/KG","img":"https://fd5-photos.leclercdrive.fr/image.ashx?id=2767522&use=l&cat=p&typeid=i","cat":333682},{"id":136668,"n":"Champignons de Paris bruns Panier du Primeur - 250g","p":1.79,"u":"7,16 €/KG","img":"https://fd5-photos.leclercdrive.fr/image.ashx?id=2600255&use=l&cat=p&typeid=i","cat":284352},{"id":136670,"n":"Oignons jaunes Eco+ 1.5 Kg","p":1.69,"u":"1,13 €/KG","img":"https://fd5-photos.leclercdrive.fr/image.ashx?id=2772572&use=l&cat=p&typeid=i","cat":284352},{"id":136775,"n":"Fleur de maïs Maïzena 700g","p":2.45,"pp":1.71,"u":"2,44 €/KG","img":"https://fd5-photos.leclercdrive.fr/image.ashx?id=2328361&use=l&cat=p&typeid=i","cat":288382},{"id":136777,"n":"Sachet chat Felix Succulent Campagne - 12x80g","p":5.06,"u":"5,27 €/KG","img":"https://fd5-photos.leclercdrive.fr/image.ashx?id=2861186&use=l&cat=p&typeid=i","cat":285286},{"id":136808,"n":"Biscuit pistache abricot Gerblé  - 160g","p":2.67,"u":"16,69 €/KG","img":"https://fd5-photos.leclercdrive.fr/image.ashx?id=2812711&use=l&cat=p&typeid=i","cat":318651},{"id":136813,"n":"Biscuits Bruges Delacre Boîte Assortiment - 200g","p":2.64,"u":"13,20 €/KG","img":"https://fd5-photos.leclercdrive.fr/image.ashx?id=2867966&use=l&cat=p&typeid=i","cat":284490},{"id":136814,"n":"Barre céréales Chocapic  Chocolat - 12x25g","p":4.0,"u":"13,33 €/KG","img":"https://fd5-photos.leclercdrive.fr/image.ashx?id=2846784&use=l&cat=p&typeid=i","cat":285869},{"id":136933,"n":"Kit fajita Old El Paso Tomate poivrons - 500g","p":4.0,"u":"8,00 €/KG","img":"https://fd5-photos.leclercdrive.fr/image.ashx?id=2759715&use=l&cat=p&typeid=i","cat":288993},{"id":137011,"n":"Noix de St Jacques Costa 2/3 pers.","p":16.71,"u":"42,52 €/KG","img":"https://fd5-photos.leclercdrive.fr/image.ashx?id=2889802&use=l&cat=p&typeid=i","cat":319787},{"id":137027,"n":"fromage blanc sous mousse gervita coco - 4x100g","p":2.44,"u":"6,10 €/KG","img":"https://fd5-photos.leclercdrive.fr/image.ashx?id=2103523&use=l&cat=p&typeid=i","cat":284409},{"id":137060,"n":"Compote Bio Village Gourdes Pomme bio - 4x90g","p":1.91,"u":"5,31 €/KG","img":"https://fd5-photos.leclercdrive.fr/image.ashx?id=2619755&use=l&cat=p&typeid=i","cat":284508},{"id":137070,"n":"Petits pois Bio Village Bio - 420g","p":2.35,"u":"5,60 €/KG","img":"https://fd5-photos.leclercdrive.fr/image.ashx?id=3002707&use=l&cat=p&typeid=i","cat":312607},{"id":137160,"n":"IGP Clémentines fines de Corse Nos régions ont du Talent - 1kg","p":4.99,"u":"4,99 €/KG","img":"https://fd5-photos.leclercdrive.fr/image.ashx?id=2934847&use=l&cat=p&typeid=i","cat":284356},{"id":137162,"n":"Pommes de terre Pompadour  Nos régions ont du Talent - 1kg","p":1.99,"u":"1,99 €/KG","img":"https://fd5-photos.leclercdrive.fr/image.ashx?id=2960589&use=l&cat=p&typeid=i","cat":284352},{"id":137228,"n":"Sucre en poudre Saint Louis 650g","p":1.67,"u":"2,57 €/KG","img":"https://fd5-photos.leclercdrive.fr/image.ashx?id=2659936&use=l&cat=p&typeid=i","cat":284502},{"id":137244,"n":"Huile d'Olive vierge  Cauvin Extra Bio - 75cl","p":10.87,"u":"14,49 €/L","img":"https://fd5-photos.leclercdrive.fr/image.ashx?id=2498356&use=l&cat=p&typeid=i","cat":284453},{"id":137289,"n":"Yaourt à boire Ptit Yop Aromatisé Framboise - 6x180g","p":2.4,"u":"2,22 €/KG","img":"https://fd5-photos.leclercdrive.fr/image.ashx?id=2951797&use=l&cat=p&typeid=i","cat":284415},{"id":137298,"n":"Yaourt à boire Ptit Yop Aromatisé Panaché - 6x180g","p":2.34,"u":"2,17 €/KG","img":"https://fd5-photos.leclercdrive.fr/image.ashx?id=2985168&use=l&cat=p&typeid=i","cat":284415},{"id":137305,"n":"Lessive concentrée Biovie Peaux sensibles 40 lavages - 2L","p":6.57,"u":"3,29 €/L","img":"https://fd5-photos.leclercdrive.fr/image.ashx?id=2849995&use=l&cat=p&typeid=i","cat":284640},{"id":137325,"n":"Lait bébé Candia Baby  croissance 3ème âge - 6x25cl","p":4.14,"u":"2,76 €/L","img":"https://fd5-photos.leclercdrive.fr/image.ashx?id=2963346&use=l&cat=p&typeid=i","cat":284728},{"id":137364,"n":"Pâte feuilletée Tablier blanc Complète - 240g","p":1.99,"u":"8,29 €/KG","img":"https://fd5-photos.leclercdrive.fr/image.ashx?id=2635937&use=l&cat=p&typeid=i","cat":333681},{"id":137382,"n":"Spray retouche L'Oréal Paris Magic Retouch Châtain Clair","p":10.58,"u":"14,11 €/L","img":"https://fd5-photos.leclercdrive.fr/image.ashx?id=2597196&use=l&cat=p&typeid=i","cat":288899},{"id":137384,"n":"Déodorant bille Men Expert Efficacité 48h - 50ml","p":2.73,"u":"54,60 €/L","img":"https://fd5-photos.leclercdrive.fr/image.ashx?id=2300512&use=l&cat=p&typeid=i","cat":284618},{"id":137388,"n":"Gel Douche Bio Sans Savon Cadum Huile d'Amandes Douces - 500ml","p":2.44,"u":"4,88 €/L","img":"https://fd5-photos.leclercdrive.fr/image.ashx?id=2575627&use=l&cat=p&typeid=i","cat":284594},{"id":137395,"n":"Huile extraordinaire Elseve Jojoba 100ml","p":11.77,"u":"117,70 €/L","img":"https://fd5-photos.leclercdrive.fr/image.ashx?id=2870674&use=l&cat=p&typeid=i","cat":284608},{"id":137413,"n":"Pommes Duchesse Findus 720g","p":3.19,"u":"4,43 €/KG","img":"https://fd5-photos.leclercdrive.fr/image.ashx?id=2888512&use=l&cat=p&typeid=i","cat":319792},{"id":137414,"n":"Pommes Étoile 720g","p":3.19,"u":"4,43 €/KG","img":"https://fd5-photos.leclercdrive.fr/image.ashx?id=2023134&use=l&cat=p&typeid=i","cat":319792},{"id":137427,"n":"Soin Nutri-correcteur Dessange Cheveux Blonds, Colorés - 125ml","p":6.05,"u":"48,40 €/L","img":"https://fd5-photos.leclercdrive.fr/image.ashx?id=2870689&use=l&cat=p&typeid=i","cat":284608},{"id":137436,"n":"Masque Protection Couleur Elsève Color-Vive - 310ml","p":5.85,"u":"18,87 €/L","img":"https://fd5-photos.leclercdrive.fr/image.ashx?id=2865875&use=l&cat=p&typeid=i","cat":284608},{"id":137437,"n":"gateau Savane Brossard Chocolat - 310g","p":2.44,"u":"7,87 €/KG","img":"https://fd5-photos.leclercdrive.fr/image.ashx?id=2976836&use=l&cat=p&typeid=i","cat":294776},{"id":137440,"n":"Maïs Bonduelle Sans Sucres Ajoutés 3x140g","p":1.99,"u":"4,74 €/KG","img":"https://fd5-photos.leclercdrive.fr/image.ashx?id=2996524&use=l&cat=p&typeid=i","cat":312611},{"id":137499,"n":"Chocolats fourrés Mon Cheri  x27 -283,5g","p":10.57,"u":"37,35 €/KG","img":"https://fd5-photos.leclercdrive.fr/image.ashx?id=2940282&use=l&cat=p&typeid=i","cat":327601},{"id":137522,"n":"Boite cadeau Toblerone assortiment mini toblerone 400g","p":11.58,"u":"28,95 €/KG","img":"https://fd5-photos.leclercdrive.fr/image.ashx?id=2861195&use=l&cat=p&typeid=i","cat":327595},{"id":137578,"n":"Jambon foué Paul Predault A l'os - 4 tranches - 240g","p":4.17,"u":"17,38 €/KG","img":"https://fd5-photos.leclercdrive.fr/image.ashx?id=1987839&use=l&cat=p&typeid=i","cat":316009},{"id":137590,"n":"Sauté de porc caissette 1kg","p":8.13,"u":"8,13 €/KG","img":"https://fd5-photos.leclercdrive.fr/image.ashx?id=2010665&use=l&cat=p&typeid=i","cat":284331},{"id":137669,"n":"Croquette chiens Mix  Fido Volaille/légumes - 2.5kg","p":5.4,"u":"2,16 €/KG","img":"https://fd5-photos.leclercdrive.fr/image.ashx?id=2973309&use=l&cat=p&typeid=i","cat":284672},{"id":137680,"n":"Croquette pour chien  Fido Croq' Mix boeuf et légumes 3kg","p":5.78,"u":"1,93 €/KG","img":"https://fd5-photos.leclercdrive.fr/image.ashx?id=2973306&use=l&cat=p&typeid=i","cat":284672},{"id":137682,"n":"Croquette pour chiens Fido Mix Poulet Légumes - 12 kg","p":20.07,"u":"1,67 €/KG","img":"https://fd5-photos.leclercdrive.fr/image.ashx?id=2973300&use=l&cat=p&typeid=i","cat":284672},{"id":137686,"n":"Croquette pour chiens Fido Boeuf & légumes - 7kg","p":12.57,"u":"1,80 €/KG","img":"https://fd5-photos.leclercdrive.fr/image.ashx?id=2973297&use=l&cat=p&typeid=i","cat":284672},{"id":137700,"n":"Compote Douceur du Verger Coupelle fruits rouges -16x100g","p":4.21,"u":"2,63 €/KG","img":"https://fd5-photos.leclercdrive.fr/image.ashx?id=2663560&use=l&cat=p&typeid=i","cat":284508},{"id":137702,"n":"Compote Douceur du Verger Coupelle fruits jaunes -16x100g","p":3.97,"u":"2,48 €/KG","img":"https://fd5-photos.leclercdrive.fr/image.ashx?id=2834890&use=l&cat=p&typeid=i","cat":284508},{"id":137703,"n":"Compote Douceur du Verger Coupelle pomme - 16x100g","p":3.55,"u":"2,22 €/KG","img":"https://fd5-photos.leclercdrive.fr/image.ashx?id=2991452&use=l&cat=p&typeid=i","cat":284508},{"id":137733,"n":"Gnocchi à Poeler Turini 700g","p":1.99,"u":"2,84 €/KG","img":"https://fd5-photos.leclercdrive.fr/image.ashx?id=3014377&use=l&cat=p&typeid=i","cat":333682},{"id":137746,"n":"Gourmet Purina Poulet / Dinde - 8x85g","p":6.25,"u":"9,19 €/KG","img":"https://fd5-photos.leclercdrive.fr/image.ashx?id=2896795&use=l&cat=p&typeid=i","cat":285286},{"id":137757,"n":"Tarte aux poireaux Marie Gratinée à l'Emmental - 400g","p":3.34,"u":"8,35 €/KG","img":"https://fd5-photos.leclercdrive.fr/image.ashx?id=2996680&use=l&cat=p&typeid=i","cat":284257},{"id":137759,"n":"Tarte au Chèvre Marie Tomates cerises - 400g","p":3.44,"u":"8,60 €/KG","img":"https://fd5-photos.leclercdrive.fr/image.ashx?id=2996677&use=l&cat=p&typeid=i","cat":284257},{"id":137769,"n":"Soupe liquide brique Liebig  Poireaux Pomme de Terre 2x30cl","p":1.8,"u":"3,00 €/L","img":"https://fd5-photos.leclercdrive.fr/image.ashx?id=2864327&use=l&cat=p&typeid=i","cat":284462},{"id":137772,"n":"Pancakes La fournée Dorée 350g","p":2.35,"u":"6,71 €/KG","img":"https://fd5-photos.leclercdrive.fr/image.ashx?id=2581502&use=l&cat=p&typeid=i","cat":284495},{"id":137777,"n":"Haricots verts Bonduelle Extra Fins 440g","p":1.94,"u":"4,41 €/KG","img":"https://fd5-photos.leclercdrive.fr/image.ashx?id=2943927&use=l&cat=p&typeid=i","cat":312606},{"id":137796,"n":"Porto Cruz rouge 18%vol - 1L","p":9.73,"u":"9,73 €/L","img":"https://fd5-photos.leclercdrive.fr/image.ashx?id=2161512&use=l&cat=p&typeid=i","cat":284913},{"id":137853,"n":"AOP Côtes de provence rosé Château Cavalier - 75cl","p":6.58,"u":"8,77 €/L","img":"https://fd5-photos.leclercdrive.fr/image.ashx?id=2486329&use=l&cat=p&typeid=i","cat":289558},{"id":137857,"n":"Petits Pois Bonduelle Sans Arôme Ajouté 280g","p":1.19,"u":"4,25 €/KG","img":"https://fd5-photos.leclercdrive.fr/image.ashx?id=2913157&use=l&cat=p&typeid=i","cat":312607},{"id":137860,"n":"Riz long blanchi Eco+ 1kg","p":1.22,"u":"1,22 €/KG","img":"https://fd5-photos.leclercdrive.fr/image.ashx?id=2076622&use=l&cat=p&typeid=i","cat":284428},{"id":137861,"n":"Thé noir bio Bio Village English Breakfast x20 - 36g","p":1.25,"u":"34,72 €/KG","img":"https://fd5-photos.leclercdrive.fr/image.ashx?id=1987003&use=l&cat=p&typeid=i","cat":293233},{"id":137862,"n":"Riz long étuvé Eco+ 1kg","p":1.35,"u":"1,35 €/KG","img":"https://fd5-photos.leclercdrive.fr/image.ashx?id=2076625&use=l&cat=p&typeid=i","cat":284428},{"id":137864,"n":"Riz long étuvé Eco+ 4x125g","p":0.87,"u":"1,74 €/KG","img":"https://fd5-photos.leclercdrive.fr/image.ashx?id=1991126&use=l&cat=p&typeid=i","cat":284428},{"id":137865,"n":"Compote SSA Douceur du Verger Gourdes Pomme Poire - 4x90g","p":1.23,"u":"3,42 €/KG","img":"https://fd5-photos.leclercdrive.fr/image.ashx?id=2837069&use=l&cat=p&typeid=i","cat":284508},{"id":137866,"n":"Compotes Douceur du Verger Pomme Banane - 4x90g","p":1.39,"u":"3,86 €/KG","img":"https://fd5-photos.leclercdrive.fr/image.ashx?id=2837066&use=l&cat=p&typeid=i","cat":284508},{"id":137883,"n":"Rillettes thon Ronde des Mers 220g","p":2.64,"u":"12,00 €/KG","img":"https://fd5-photos.leclercdrive.fr/image.ashx?id=2436693&use=l&cat=p&typeid=i","cat":284451},{"id":137892,"n":"Biscottes bio Bio Village sans sel ni sucres ajoutés 100g","p":2.09,"u":"6,97 €/KG","img":"https://fd5-photos.leclercdrive.fr/image.ashx?id=1987015&use=l&cat=p&typeid=i","cat":284479},{"id":137897,"n":"Bretzels bio Bio Village 150g","p":1.99,"u":"13,27 €/KG","img":"https://fd5-photos.leclercdrive.fr/image.ashx?id=2390663&use=l&cat=p&typeid=i","cat":297000},{"id":137900,"n":"Barres de céréales Grainéa Chocolat noir x6 - 126g","p":1.39,"u":"11,03 €/KG","img":"https://fd5-photos.leclercdrive.fr/image.ashx?id=2721370&use=l&cat=p&typeid=i","cat":285869},{"id":137904,"n":"Barre de céréales Grainea 126g","p":1.39,"u":"11,03 €/KG","img":"https://fd5-photos.leclercdrive.fr/image.ashx?id=2912863&use=l&cat=p&typeid=i","cat":285869},{"id":137907,"n":"Compote Douceur du Verger Coupelle pomme mangue - 4x100g","p":1.45,"u":"3,63 €/KG","img":"https://fd5-photos.leclercdrive.fr/image.ashx?id=2663548&use=l&cat=p&typeid=i","cat":284508},{"id":137910,"n":"Compote Douceur du Verger Gourdes multivariétés - 20x90g","p":6.09,"u":"3,38 €/KG","img":"https://fd5-photos.leclercdrive.fr/image.ashx?id=2805045&use=l&cat=p&typeid=i","cat":284508},{"id":137955,"n":"Maïs ultra croquant D'Aucy 3x140g","p":2.05,"u":"4,88 €/KG","img":"https://fd5-photos.leclercdrive.fr/image.ashx?id=2429215&use=l&cat=p&typeid=i","cat":312611},{"id":137957,"n":"Maïs ultra croquant D'Aucy 285g","p":0.86,"u":"3,02 €/KG","img":"https://fd5-photos.leclercdrive.fr/image.ashx?id=2380454&use=l&cat=p&typeid=i","cat":312611},{"id":137958,"n":"Cocktail Venezzio Spritz Orange Sans alcool - 4x20cl","p":3.95,"u":"4,94 €/L","img":"https://fd5-photos.leclercdrive.fr/image.ashx?id=2896528&use=l&cat=p&typeid=i","cat":284913},{"id":137969,"n":"Pavé fondant emmental Président 2 pièces - 200g","p":2.98,"u":"14,90 €/KG","img":"https://fd5-photos.leclercdrive.fr/image.ashx?id=2856088&use=l&cat=p&typeid=i","cat":314027},{"id":137970,"n":"Carottes râpées à la ciboulette Pierre Martinet - 300g","p":1.59,"u":"5,30 €/KG","img":"https://fd5-photos.leclercdrive.fr/image.ashx?id=2990535&use=l&cat=p&typeid=i","cat":333657},{"id":137971,"n":"Carottes rapées à la Ciboulette Pierre Martinet - 510g","p":2.19,"u":"4,29 €/KG","img":"https://fd5-photos.leclercdrive.fr/image.ashx?id=2990532&use=l&cat=p&typeid=i","cat":333657},{"id":137980,"n":"Biscuits croquants Délichoc Chocolat blanc - 150g","p":1.51,"u":"10,07 €/KG","img":"https://fd5-photos.leclercdrive.fr/image.ashx?id=2939289&use=l&cat=p&typeid=i","cat":284488},{"id":137988,"n":"Préparation Tablier Blanc Frangipane - 200g","p":2.67,"u":"13,35 €/KG","img":"https://fd5-photos.leclercdrive.fr/image.ashx?id=2460628&use=l&cat=p&typeid=i","cat":284504},{"id":138076,"n":"Foie gras de canard Delpeyrat Entier du Sud-ouest - 180 g","p":23.5,"pp":15.51,"u":"86,17 €/KG","img":"https://fd5-photos.leclercdrive.fr/image.ashx?id=2905279&use=l&cat=p&typeid=i","cat":316008},{"id":138164,"n":"Piles rechargeables Foxter R20 300mAh chargé - x1","p":7.99,"img":"https://fd5-photos.leclercdrive.fr/image.ashx?id=2034166&use=l&cat=p&typeid=i","cat":300572},{"id":138193,"n":"Fromage blanc bébé Blédina 6m Vanille - 4x100g","p":2.94,"u":"7,35 €/KG","img":"https://fd5-photos.leclercdrive.fr/image.ashx?id=2636817&use=l&cat=p&typeid=i","cat":312392},{"id":138200,"n":"Repas bébé Blédichef 15 mois  Tajine légumes poulet - 250g","p":1.88,"u":"7,52 €/KG","img":"https://fd5-photos.leclercdrive.fr/image.ashx?id=2951602&use=l&cat=p&typeid=i","cat":312238},{"id":138298,"n":"Gratte éponge + Microfibre Spontex x6","p":3.9,"u":"0,65 €/P","img":"https://fd5-photos.leclercdrive.fr/image.ashx?id=2673208&use=l&cat=p&typeid=i","cat":284667},{"id":138304,"n":"Fromage apéritif Apéricube Incontournables apéro 48 cubes","p":4.36,"u":"17,44 €/KG","img":"https://fd5-photos.leclercdrive.fr/image.ashx?id=2882671&use=l&cat=p&typeid=i","cat":314027},{"id":138314,"n":"Pain Mie Maxi Tranches Gerblé Sans gluten - 350g","p":4.08,"u":"11,66 €/KG","img":"https://fd5-photos.leclercdrive.fr/image.ashx?id=2662859&use=l&cat=p&typeid=i","cat":318654},{"id":138318,"n":"Savane Bipack Chocolat Brossard - 620g","p":5.47,"u":"8,82 €/KG","img":"https://fd5-photos.leclercdrive.fr/image.ashx?id=2966086&use=l&cat=p&typeid=i","cat":294776},{"id":138320,"n":"FROMAGE BLANC NATURE AU LAIT  DE BREBIS 4X100g SOIGNON","p":2.83,"u":"7,08 €/KG","img":"https://fd5-photos.leclercdrive.fr/image.ashx?id=2948129&use=l&cat=p&typeid=i","cat":314998},{"id":138537,"n":"Coloration Casting Crème Gloss  400 Châtain Craquant","p":10.11,"img":"https://fd5-photos.leclercdrive.fr/image.ashx?id=2869080&use=l&cat=p&typeid=i","cat":288899},{"id":138597,"n":"Décoration fenêtre blanche 1 pièce","p":2.1,"img":"https://fd5-photos.leclercdrive.fr/image.ashx?id=2002231&use=l&cat=p&typeid=i","cat":335913},{"id":138664,"n":"Guirlande 120 Led blanc chaud 1 pièce","p":7.9,"img":"https://fd5-photos.leclercdrive.fr/image.ashx?id=1993783&use=l&cat=p&typeid=i","cat":335913},{"id":138668,"n":"Masque Cheveux Nutrition Elsève Huile Extraordinaire - 310ml","p":5.69,"u":"18,35 €/L","img":"https://fd5-photos.leclercdrive.fr/image.ashx?id=2511859&use=l&cat=p&typeid=i","cat":284608},{"id":138669,"n":"Masque reconstructeur Elsève Dream Long Cheveu Abîmé - 310ml","p":5.76,"u":"18,58 €/L","img":"https://fd5-photos.leclercdrive.fr/image.ashx?id=2278139&use=l&cat=p&typeid=i","cat":284608},{"id":139265,"n":"Calendrier de l'avent Abtey Chocolat noir la liqueur 290g","p":11.93,"u":"41,14 €/KG","img":"https://fd5-photos.leclercdrive.fr/image.ashx?id=2526728&use=l&cat=p&typeid=i","cat":327601},{"id":139322,"n":"Marrons glacés L'Artisan Provençal 250g","p":9.62,"u":"38,48 €/KG","img":"https://fd5-photos.leclercdrive.fr/image.ashx?id=1995723&use=l&cat=p&typeid=i","cat":327603},{"id":139729,"n":"CD : Angèle Album : Brol La Suite","p":9.99,"img":"https://fd5-photos.leclercdrive.fr/image.ashx?id=1995969&use=l&cat=p&typeid=i","cat":300554},{"id":139905,"n":"Oeufs au sol Eco+ x10","p":1.78,"u":"0,18 €/P","img":"https://fd5-photos.leclercdrive.fr/image.ashx?id=2724547&use=l&cat=p&typeid=i","cat":284378},{"id":141078,"n":"Clémentine de Corse bio Bio Village Barquette 500g","p":3.99,"u":"7,98 €/KG","img":"https://fd5-photos.leclercdrive.fr/image.ashx?id=2552011&use=l&cat=p&typeid=i","cat":284356},{"id":141162,"n":"Fond de veau Maggi 110g","p":2.21,"u":"20,09 €/KG","img":"https://fd5-photos.leclercdrive.fr/image.ashx?id=2917546&use=l&cat=p&typeid=i","cat":288379},{"id":141607,"n":"Compléments alimentaires Luxéol 3en1 - x90 gélules","p":29.89,"u":"0,33 €/P","img":"https://fd5-photos.leclercdrive.fr/image.ashx?id=2922542&use=l&cat=p&typeid=i","cat":301266},{"id":141608,"n":"Spray assainissant Puressentiel 41 huiles essentielles - 500ml","p":27.89,"u":"55,78 €/L","img":"https://fd5-photos.leclercdrive.fr/image.ashx?id=2988529&use=l&cat=p&typeid=i","cat":298633},{"id":141617,"n":"Liftactiv Collagen Vichy Specialist crême anti-âge -50ml","p":34.0,"u":"680,00 €/L","img":"https://fd5-photos.leclercdrive.fr/image.ashx?id=2015684&use=l&cat=p&typeid=i","cat":291168},{"id":141631,"n":"Antibactérien Puressentiel Spray mains & surfaces - 250ml","p":5.73,"u":"22,92 €/L","img":"https://fd5-photos.leclercdrive.fr/image.ashx?id=2988617&use=l&cat=p&typeid=i","cat":298633},{"id":141632,"n":"Xémose crème Uriage Relipidante Anti-irritations - 400ml","p":15.49,"u":"38,73 €/L","img":"https://fd5-photos.leclercdrive.fr/image.ashx?id=2966740&use=l&cat=p&typeid=i","cat":290421},{"id":141641,"n":"Xémose baume 500ml Uriage Oléo apaisant anti-grattage","p":16.0,"u":"32,00 €/L","img":"https://fd5-photos.leclercdrive.fr/image.ashx?id=2966743&use=l&cat=p&typeid=i","cat":290421},{"id":141651,"n":"Lingettes quotidiennes Hydralin Le paquet de 10 lingettes","p":2.5,"u":"0,25 €/P","img":"https://fd5-photos.leclercdrive.fr/image.ashx?id=2003527&use=l&cat=p&typeid=i","cat":328622},{"id":141659,"n":"Baume intensif Atoderm Bioderma 500ml","p":16.3,"u":"32,60 €/L","img":"https://fd5-photos.leclercdrive.fr/image.ashx?id=2979938&use=l&cat=p&typeid=i","cat":290421},{"id":141666,"n":"Rectangles de coton Gilbert Le lot de 180 rectangles","p":2.99,"u":"0,02 €/P","img":"https://fd5-photos.leclercdrive.fr/image.ashx?id=2944131&use=l&cat=p&typeid=i","cat":291163},{"id":141667,"n":"Arkorelax Sommeil Fort 8h La boîte de 30 comprimés","p":14.99,"u":"0,50 €/P","img":"https://fd5-photos.leclercdrive.fr/image.ashx?id=2780475&use=l&cat=p&typeid=i","cat":301265},{"id":141668,"n":"Sommeil fort Arkopharma La boîte de 15 comprimés","p":9.99,"u":"0,67 €/P","img":"https://fd5-photos.leclercdrive.fr/image.ashx?id=2551324&use=l&cat=p&typeid=i","cat":301265},{"id":141672,"n":"D-stress 80 comprimés","p":9.89,"u":"0,12 €/P","img":"https://fd5-photos.leclercdrive.fr/image.ashx?id=2003608&use=l&cat=p&typeid=i","cat":301265},{"id":141677,"n":"Brûleur de graisses Anaca 3 La boîte de 120 gélules","p":27.99,"u":"0,23 €/P","img":"https://fd5-photos.leclercdrive.fr/image.ashx?id=2650717&use=l&cat=p&typeid=i","cat":301267},{"id":141692,"n":"Azinc Arkopharma La boîte de 120 gélules","p":10.8,"u":"0,09 €/P","img":"https://fd5-photos.leclercdrive.fr/image.ashx?id=2986506&use=l&cat=p&typeid=i","cat":301264},{"id":141705,"n":"D-stress booster La boîte de 20 sticks","p":10.99,"u":"0,55 €/P","img":"https://fd5-photos.leclercdrive.fr/image.ashx?id=2652263&use=l&cat=p&typeid=i","cat":301265},{"id":141709,"n":"Huile Grenade Weleda Régénératrice - 100ml","p":19.89,"u":"198,90 €/L","img":"https://fd5-photos.leclercdrive.fr/image.ashx?id=2505124&use=l&cat=p&typeid=i","cat":290422},{"id":141711,"n":"Huile de massage Arnica Weleda Le flacon de 100ml","p":10.89,"u":"108,90 €/L","img":"https://fd5-photos.leclercdrive.fr/image.ashx?id=2924056&use=l&cat=p&typeid=i","cat":290422},{"id":141723,"n":"Soin lavant doux Saforelle Eco recharge 400ml","p":7.39,"u":"18,48 €/L","img":"https://fd5-photos.leclercdrive.fr/image.ashx?id=2003617&use=l&cat=p&typeid=i","cat":301348},{"id":141724,"n":"Soin lavant doux Saforelle Le flacon de 100ml","p":3.09,"u":"30,90 €/L","img":"https://fd5-photos.leclercdrive.fr/image.ashx?id=2003563&use=l&cat=p&typeid=i","cat":301348},{"id":141732,"n":"Renu Multiplus Le flacon de 360ml","p":12.9,"u":"35,83 €/L","img":"https://fd5-photos.leclercdrive.fr/image.ashx?id=2116897&use=l&cat=p&typeid=i","cat":301256},{"id":141737,"n":"Huile de soin Bi Oil 200ml","p":23.89,"u":"119,45 €/L","img":"https://fd5-photos.leclercdrive.fr/image.ashx?id=2944969&use=l&cat=p&typeid=i","cat":291159},{"id":141738,"n":"Regard Le flacon de 355ml","p":12.39,"u":"34,90 €/L","img":"https://fd5-photos.leclercdrive.fr/image.ashx?id=2025647&use=l&cat=p&typeid=i","cat":301256},{"id":141746,"n":"Dentifrice blancheur Parodontax Le lot de 2x75ml","p":6.95,"u":"46,33 €/L","img":"https://fd5-photos.leclercdrive.fr/image.ashx?id=2536966&use=l&cat=p&typeid=i","cat":290419},{"id":141754,"n":"Gel Arnican Cooper Choc, coup, chute  - 50g","p":2.99,"u":"59,80 €/KG","img":"https://fd5-photos.leclercdrive.fr/image.ashx?id=2003545&use=l&cat=p&typeid=i","cat":291163},{"id":141761,"n":"Baume du tigre rouge Le pot de 19g","p":6.7,"u":"352,63 €/KG","img":"https://fd5-photos.leclercdrive.fr/image.ashx?id=2489968&use=l&cat=p&typeid=i","cat":290421},{"id":141762,"n":"Baume du tigre rouge Le pot de 30g","p":10.99,"u":"366,33 €/KG","img":"https://fd5-photos.leclercdrive.fr/image.ashx?id=2489971&use=l&cat=p&typeid=i","cat":290421},{"id":141769,"n":"Papier d'Arménie à la Rose Le carnet","p":4.07,"img":"https://fd5-photos.leclercdrive.fr/image.ashx?id=2057041&use=l&cat=p&typeid=i","cat":298633},{"id":141773,"n":"Rescue nuit spray Fleurs de Bach - 20ml","p":15.44,"u":"772,00 €/L","img":"https://fd5-photos.leclercdrive.fr/image.ashx?id=2003809&use=l&cat=p&typeid=i","cat":298633},{"id":141774,"n":"Rescue gouttes Fleurs de Bach - 20ml","p":12.76,"u":"638,00 €/L","img":"https://fd5-photos.leclercdrive.fr/image.ashx?id=2506639&use=l&cat=p&typeid=i","cat":298633},{"id":141805,"n":"Repas Felix Tasty Purina Saumon thon 12x80g","p":5.67,"u":"5,91 €/KG","img":"https://fd5-photos.leclercdrive.fr/image.ashx?id=2478417&use=l&cat=p&typeid=i","cat":285286},{"id":141809,"n":"Friandise pour chat Dentalife Poulet - 40g","p":1.55,"u":"38,75 €/KG","img":"https://fd5-photos.leclercdrive.fr/image.ashx?id=2424716&use=l&cat=p&typeid=i","cat":285285},{"id":141810,"n":"Croquette Purina One Chat difficile  Cabillaud 1.5kg","p":7.42,"u":"4,95 €/KG","img":"https://fd5-photos.leclercdrive.fr/image.ashx?id=2477871&use=l&cat=p&typeid=i","cat":284680},{"id":141949,"n":"Crème dessert Les 2 vaches Bio Cremeuh café - 4x95g","p":1.73,"u":"4,55 €/KG","img":"https://fd5-photos.leclercdrive.fr/image.ashx?id=2774106&use=l&cat=p&typeid=i","cat":285041},{"id":142084,"n":"Pommes de terre Grenailles  Panier du Primeur - 1kg","p":1.99,"u":"1,99 €/KG","img":"https://fd5-photos.leclercdrive.fr/image.ashx?id=2233214&use=l&cat=p&typeid=i","cat":284352},{"id":142196,"n":"Fouet Homeside 1 pièce","p":3.69,"img":"https://fd5-photos.leclercdrive.fr/image.ashx?id=2017533&use=l&cat=p&typeid=i","cat":334135},{"id":142197,"n":"Poche à décorer Homeside Avec douilles - 1 pièce","p":2.9,"img":"https://fd5-photos.leclercdrive.fr/image.ashx?id=2017539&use=l&cat=p&typeid=i","cat":334135},{"id":142199,"n":"Spatule pâtisserie Homeside 1 pièce","p":1.9,"img":"https://fd5-photos.leclercdrive.fr/image.ashx?id=2017542&use=l&cat=p&typeid=i","cat":334135},{"id":142200,"n":"Planche à découper Homeside 1 pièce","p":4.0,"img":"https://fd5-photos.leclercdrive.fr/image.ashx?id=2017593&use=l&cat=p&typeid=i","cat":334135},{"id":142202,"n":"Tire Bouchon Homeside Limonadier - 1 pièce","p":1.69,"img":"https://fd5-photos.leclercdrive.fr/image.ashx?id=2017518&use=l&cat=p&typeid=i","cat":334135},{"id":142204,"n":"Allume gaz Homeside 1 pièce","p":3.99,"img":"https://fd5-photos.leclercdrive.fr/image.ashx?id=2017554&use=l&cat=p&typeid=i","cat":334135},{"id":142205,"n":"Mini piques brochettes Homeside 1 pièce","p":0.64,"img":"https://fd5-photos.leclercdrive.fr/image.ashx?id=2017503&use=l&cat=p&typeid=i","cat":334135},{"id":142206,"n":"Piques brochettes Homeside 25cm - 1 pièce","p":0.62,"img":"https://fd5-photos.leclercdrive.fr/image.ashx?id=2017500&use=l&cat=p&typeid=i","cat":334135},{"id":142207,"n":"Casse noix/crustacés Homeside 1 pièce","p":4.49,"img":"https://fd5-photos.leclercdrive.fr/image.ashx?id=2017569&use=l&cat=p&typeid=i","cat":334135},{"id":142210,"n":"Couteau à huîtres Homeside 1 pièce","p":2.1,"img":"https://fd5-photos.leclercdrive.fr/image.ashx?id=2017581&use=l&cat=p&typeid=i","cat":334135},{"id":142218,"n":"Pinceau de cuisine Homeside 1 pièce","p":0.82,"img":"https://fd5-photos.leclercdrive.fr/image.ashx?id=2017536&use=l&cat=p&typeid=i","cat":334135},{"id":142219,"n":"Cure-dents Homeside x2 boîtes","p":1.0,"u":"0,50 €/P","img":"https://fd5-photos.leclercdrive.fr/image.ashx?id=2026331&use=l&cat=p&typeid=i","cat":334135},{"id":142220,"n":"Cuillère à glace Homeside 1 pièce","p":3.99,"img":"https://fd5-photos.leclercdrive.fr/image.ashx?id=2017530&use=l&cat=p&typeid=i","cat":334135},{"id":142222,"n":"Râpe  Homeside 1 pièce","p":2.59,"img":"https://fd5-photos.leclercdrive.fr/image.ashx?id=2017614&use=l&cat=p&typeid=i","cat":334135},{"id":142224,"n":"Thermomètre intérieur Homeside 1 pièce","p":2.89,"img":"https://fd5-photos.leclercdrive.fr/image.ashx?id=2017563&use=l&cat=p&typeid=i","cat":334135},{"id":142228,"n":"Pailles en papier Homeside x24","p":1.05,"u":"0,04 €/P","img":"https://fd5-photos.leclercdrive.fr/image.ashx?id=2017620&use=l&cat=p&typeid=i","cat":334135},{"id":142229,"n":"Cuillère à infusion Homeside 1 pièce","p":1.49,"img":"https://fd5-photos.leclercdrive.fr/image.ashx?id=2017515&use=l&cat=p&typeid=i","cat":334135},{"id":142230,"n":"Filtre à café Homeside 1 pièce","p":2.5,"img":"https://fd5-photos.leclercdrive.fr/image.ashx?id=2017512&use=l&cat=p&typeid=i","cat":334135},{"id":142232,"n":"Caissettes à gâteaux Homeside 1 pièce","p":2.9,"img":"https://fd5-photos.leclercdrive.fr/image.ashx?id=2017524&use=l&cat=p&typeid=i","cat":334135},{"id":142405,"n":"DVD : The walking dead Saisons 1 à 9","p":79.99,"img":"https://fd5-photos.leclercdrive.fr/image.ashx?id=2012993&use=l&cat=p&typeid=i","cat":300555},{"id":142522,"n":"Ananas Del Monte en morceaux - 350g","p":2.59,"u":"7,40 €/KG","img":"https://fd5-photos.leclercdrive.fr/image.ashx?id=2029403&use=l&cat=p&typeid=i","cat":284507},{"id":142764,"n":"Saindoux pur porc extra Lardina Plaquette de 250g","p":1.79,"u":"7,16 €/KG","img":"https://fd5-photos.leclercdrive.fr/image.ashx?id=2677450&use=l&cat=p&typeid=i","cat":316008},{"id":142975,"n":"Yaourts panachés Délisse Fraise framboise - 4x125g","p":1.66,"u":"3,32 €/KG","img":"https://fd5-photos.leclercdrive.fr/image.ashx?id=2595543&use=l&cat=p&typeid=i","cat":284410},{"id":142977,"n":"Yaourts Délisse Aux fruits exotiques - 8x125g","p":2.35,"u":"2,35 €/KG","img":"https://fd5-photos.leclercdrive.fr/image.ashx?id=2595540&use=l&cat=p&typeid=i","cat":284410},{"id":142978,"n":"Compotes Douceur du Verger Panachées - 16x100g","p":3.85,"u":"2,41 €/KG","img":"https://fd5-photos.leclercdrive.fr/image.ashx?id=2026857&use=l&cat=p&typeid=i","cat":284416},{"id":142999,"n":"Cassolette saint jacques Tipiak Royale - 2x110g","p":5.89,"u":"26,77 €/KG","img":"https://fd5-photos.leclercdrive.fr/image.ashx?id=2798096&use=l&cat=p&typeid=i","cat":319775},{"id":143001,"n":"Dosettes café Plantation CLassique - x60 - 416g","p":6.09,"u":"14,64 €/KG","img":"https://fd5-photos.leclercdrive.fr/image.ashx?id=2824289&use=l&cat=p&typeid=i","cat":293238},{"id":143157,"n":"Biscottes Aixoises Très pauvres en sel - Roger - 280g","p":2.89,"u":"10,32 €/KG","img":"https://fd5-photos.leclercdrive.fr/image.ashx?id=2680131&use=l&cat=p&typeid=i","cat":284479},{"id":143344,"n":"Biscottes Eco+ 90 tranches - 750g","p":2.08,"u":"2,77 €/KG","img":"https://fd5-photos.leclercdrive.fr/image.ashx?id=2662580&use=l&cat=p&typeid=i","cat":284479},{"id":143345,"n":"Biscottes Epi d'Or x108 - 900g","p":2.52,"u":"2,80 €/KG","img":"https://fd5-photos.leclercdrive.fr/image.ashx?id=2532847&use=l&cat=p&typeid=i","cat":284479},{"id":143347,"n":"Boisson instantanée cacao Tablette d'Or - 400g","p":1.95,"u":"4,88 €/KG","img":"https://fd5-photos.leclercdrive.fr/image.ashx?id=2038717&use=l&cat=p&typeid=i","cat":293235},{"id":143349,"n":"Infusion detox Bio Village Bio - x20","p":1.87,"u":"62,33 €/KG","img":"https://fd5-photos.leclercdrive.fr/image.ashx?id=2672960&use=l&cat=p&typeid=i","cat":293234},{"id":143426,"n":"AOC Champagne Brut Laurent Perrier 75cl","p":36.9,"u":"49,20 €/L","img":"https://fd5-photos.leclercdrive.fr/image.ashx?id=2028375&use=l&cat=p&typeid=i","cat":284542},{"id":143477,"n":"Dessert liégeois Viennois  Café - 4x100g","p":1.52,"u":"3,80 €/KG","img":"https://fd5-photos.leclercdrive.fr/image.ashx?id=2692110&use=l&cat=p&typeid=i","cat":285042},{"id":143478,"n":"Dessert liégeois Viennois  Chocolat - 4x100g","p":1.73,"u":"4,33 €/KG","img":"https://fd5-photos.leclercdrive.fr/image.ashx?id=2849689&use=l&cat=p&typeid=i","cat":285042},{"id":143489,"n":"AOP Bordeaux moelleux Haussmann - 75cl","p":5.1,"pp":3.57,"u":"4,76 €/L","img":"https://fd5-photos.leclercdrive.fr/image.ashx?id=2165215&use=l&cat=p&typeid=i","cat":289557},{"id":143500,"n":"Oignon doux des Cévennes AOP Nos régions ont du Talent - x3","p":2.99,"u":"1,00 €/P","img":"https://fd5-photos.leclercdrive.fr/image.ashx?id=2058274&use=l&cat=p&typeid=i","cat":284352},{"id":143504,"n":"Capsules L'Origine du Goût Guatemala Décaféiné - x10 - 52g","p":2.59,"u":"49,81 €/KG","img":"https://fd5-photos.leclercdrive.fr/image.ashx?id=2841762&use=l&cat=p&typeid=i","cat":284749},{"id":143506,"n":"IGP Ail rose de Lautrec  Nos Régions ont du Talent x3","p":4.59,"u":"1,53 €/P","img":"https://fd5-photos.leclercdrive.fr/image.ashx?id=2039599&use=l&cat=p&typeid=i","cat":284352},{"id":143528,"n":"Dessert liégeois Viennois  Panaché Chocolat Café - 8x100g","p":2.56,"u":"3,20 €/KG","img":"https://fd5-photos.leclercdrive.fr/image.ashx?id=2675298&use=l&cat=p&typeid=i","cat":285042},{"id":143602,"n":"Barres de céréales Grainéa Chocolat lait, noisette x6-126g","p":1.63,"u":"12,94 €/KG","img":"https://fd5-photos.leclercdrive.fr/image.ashx?id=2912875&use=l&cat=p&typeid=i","cat":285869},{"id":143603,"n":"Barre de céréales Grainéa Fruits rouges x6 - 126g","p":1.4,"u":"11,11 €/KG","img":"https://fd5-photos.leclercdrive.fr/image.ashx?id=2912869&use=l&cat=p&typeid=i","cat":285869},{"id":143606,"n":"Barre de céréales Grainea Abricot - 126g","p":1.79,"u":"14,21 €/KG","img":"https://fd5-photos.leclercdrive.fr/image.ashx?id=2912866&use=l&cat=p&typeid=i","cat":285869},{"id":143654,"n":"Chiffonnade de Jambon de Parme AOP Corte Del Gusto - 80g","p":5.58,"u":"69,75 €/KG","img":"https://fd5-photos.leclercdrive.fr/image.ashx?id=2484395&use=l&cat=p&typeid=i","cat":316007},{"id":143744,"n":"Chutney d'abricot Labeyrie 50g","p":1.5,"u":"30,00 €/KG","img":"https://fd5-photos.leclercdrive.fr/image.ashx?id=2185208&use=l&cat=p&typeid=i","cat":316008},{"id":143807,"n":"Foie gras canard Larnaudie Origine france entier - 220g","p":29.97,"u":"136,23 €/KG","img":"https://fd5-photos.leclercdrive.fr/image.ashx?id=2916779&use=l&cat=p&typeid=i","cat":316008},{"id":143812,"n":"Tomates farcies Marie Riz à la tomate - 360g","p":3.5,"u":"9,72 €/KG","img":"https://fd5-photos.leclercdrive.fr/image.ashx?id=2317483&use=l&cat=p&typeid=i","cat":333665},{"id":144188,"n":"Bloc foie gras Delpeyrat Sud-ouest 30% morceaux 300g","p":23.5,"pp":15.51,"u":"51,70 €/KG","img":"https://fd5-photos.leclercdrive.fr/image.ashx?id=2905288&use=l&cat=p&typeid=i","cat":316008},{"id":144367,"n":"Copeaux savon Marseille  UNI VERT - 750g","p":3.9,"u":"5,20 €/KG","img":"https://fd5-photos.leclercdrive.fr/image.ashx?id=2574470&use=l&cat=p&typeid=i","cat":325365},{"id":144422,"n":"Lot toast ronds Jacquet Nature - 2x250g","p":2.4,"u":"4,80 €/KG","img":"https://fd5-photos.leclercdrive.fr/image.ashx?id=2741343&use=l&cat=p&typeid=i","cat":285454},{"id":144423,"n":"Lot toast ronds Jacquet Foie gras - 500g","p":3.14,"u":"6,28 €/KG","img":"https://fd5-photos.leclercdrive.fr/image.ashx?id=2741346&use=l&cat=p&typeid=i","cat":285454},{"id":144475,"n":"Compote Charles & Alice Pommes - 8x100g","p":2.36,"u":"2,95 €/KG","img":"https://fd5-photos.leclercdrive.fr/image.ashx?id=2757689&use=l&cat=p&typeid=i","cat":284416},{"id":144633,"n":"Citron de Corse 1 pièce","p":0.69,"img":"https://fd5-photos.leclercdrive.fr/image.ashx?id=2265115&use=l&cat=p&typeid=i","cat":284356},{"id":144715,"n":"Mini-beurre Paysan Breton Doux x20 - 82%MG - 200g","p":3.03,"u":"15,15 €/KG","img":"https://fd5-photos.leclercdrive.fr/image.ashx?id=2774568&use=l&cat=p&typeid=i","cat":284379},{"id":144728,"n":"Filet de poulet Fleury Michon rôti -25% de sel - x4 - 120g","p":2.88,"u":"24,00 €/KG","img":"https://fd5-photos.leclercdrive.fr/image.ashx?id=2885965&use=l&cat=p&typeid=i","cat":316010},{"id":144773,"n":"Yaourt ferments lactiques Alsa 4 sachets - 8g","p":2.45,"u":"306,25 €/KG","img":"https://fd5-photos.leclercdrive.fr/image.ashx?id=2813875&use=l&cat=p&typeid=i","cat":284505},{"id":144779,"n":"Pizza XXL Fromage - 520g","p":3.71,"u":"7,13 €/KG","img":"https://fd5-photos.leclercdrive.fr/image.ashx?id=2034944&use=l&cat=p&typeid=i","cat":333679},{"id":144834,"n":"Dosettes café Plantation  Corsé - x60 - 417g","p":5.79,"u":"13,88 €/KG","img":"https://fd5-photos.leclercdrive.fr/image.ashx?id=2824292&use=l&cat=p&typeid=i","cat":293238},{"id":144845,"n":"Lait Empresuré chocolat Laiterie de Saint Malo 4x125g","p":2.05,"u":"4,10 €/KG","img":"https://fd5-photos.leclercdrive.fr/image.ashx?id=2908612&use=l&cat=p&typeid=i","cat":285041},{"id":144846,"n":"Dessert gourmand Mamie Nova Tiramisu cappuccino - 2x85g","p":2.14,"u":"12,59 €/KG","img":"https://fd5-photos.leclercdrive.fr/image.ashx?id=2921316&use=l&cat=p&typeid=i","cat":284419},{"id":144865,"n":"Bière La Goudale IPA 7.2% - 75cl","p":4.18,"u":"5,57 €/L","img":"https://fd5-photos.leclercdrive.fr/image.ashx?id=2892589&use=l&cat=p&typeid=i","cat":334872},{"id":144889,"n":"Whisky Aberlour White Oak 40% - 70cl","p":27.97,"u":"39,96 €/L","img":"https://fd5-photos.leclercdrive.fr/image.ashx?id=2998997&use=l&cat=p&typeid=i","cat":284547},{"id":144890,"n":"Whisky Aberlour 14 ans Single Malt Scotch 40% vol 70cl","p":38.42,"u":"54,89 €/L","img":"https://fd5-photos.leclercdrive.fr/image.ashx?id=2878297&use=l&cat=p&typeid=i","cat":284547},{"id":144929,"n":"Yaourt brassé Perle de Lait Citron - 8x125g","p":3.37,"u":"3,37 €/KG","img":"https://fd5-photos.leclercdrive.fr/image.ashx?id=2990550&use=l&cat=p&typeid=i","cat":286006},{"id":144953,"n":"Gateau au fromage blanc Nature - Saint Amour - 350g","p":3.36,"u":"9,60 €/KG","img":"https://fd5-photos.leclercdrive.fr/image.ashx?id=2711271&use=l&cat=p&typeid=i","cat":284419},{"id":145041,"n":"Dattes Couleurs Vives Moelleuses - 250g","p":1.99,"u":"7,96 €/KG","img":"https://fd5-photos.leclercdrive.fr/image.ashx?id=2543938&use=l&cat=p&typeid=i","cat":284357},{"id":145065,"n":"Dés fromage Origan Basilic Les Croisés - 300g","p":2.83,"u":"9,43 €/KG","img":"https://fd5-photos.leclercdrive.fr/image.ashx?id=2744243&use=l&cat=p&typeid=i","cat":314027},{"id":145070,"n":"PIzza l'ovale Sodebo Chorizo poivrons - 200g","p":1.56,"u":"7,80 €/KG","img":"https://fd5-photos.leclercdrive.fr/image.ashx?id=2438567&use=l&cat=p&typeid=i","cat":333679},{"id":145115,"n":"Anti-moustiques Labo Marie Rose Répulsif & apaisant 6h - 100ml","p":6.16,"u":"61,60 €/L","img":"https://fd5-photos.leclercdrive.fr/image.ashx?id=2666743&use=l&cat=p&typeid=i","cat":299654},{"id":145117,"n":"Coupe-ongles Mercurochrome 1 pièce","p":4.27,"img":"https://fd5-photos.leclercdrive.fr/image.ashx?id=2665616&use=l&cat=p&typeid=i","cat":325354},{"id":145120,"n":"Préservatifs Classic Lubrifiés - x14","p":3.92,"img":"https://fd5-photos.leclercdrive.fr/image.ashx?id=2848704&use=l&cat=p&typeid=i","cat":284631},{"id":145121,"n":"Préservatifs Classic Intimy Lubrifiés - x28","p":7.49,"u":"0,27 €/P","img":"https://fd5-photos.leclercdrive.fr/image.ashx?id=2927324&use=l&cat=p&typeid=i","cat":284631},{"id":145130,"n":"Rasoir Gillette Skinguard Sensitive aloé vera - 1 pièce","p":14.3,"img":"https://fd5-photos.leclercdrive.fr/image.ashx?id=2569914&use=l&cat=p&typeid=i","cat":284616},{"id":145155,"n":"Surimi saveur langouste 150g","p":2.25,"u":"15,00 €/KG","img":"https://fd5-photos.leclercdrive.fr/image.ashx?id=2609857&use=l&cat=p&typeid=i","cat":285189},{"id":145185,"n":"Pommes de terre Raclette micro-ondable - 500g","p":2.2,"u":"4,40 €/KG","img":"https://fd5-photos.leclercdrive.fr/image.ashx?id=2040149&use=l&cat=p&typeid=i","cat":284352},{"id":145191,"n":"Pain Burger Biofournil Bio - 150g","p":1.79,"u":"11,93 €/KG","img":"https://fd5-photos.leclercdrive.fr/image.ashx?id=2750504&use=l&cat=p&typeid=i","cat":325067},{"id":145205,"n":"Eau de roses Christian Lenart 200ml","p":3.88,"u":"19,40 €/L","img":"https://fd5-photos.leclercdrive.fr/image.ashx?id=2036140&use=l&cat=p&typeid=i","cat":284603},{"id":145223,"n":"Test de grossesse Medicaid 8 jours - 1 pièce","p":5.24,"img":"https://fd5-photos.leclercdrive.fr/image.ashx?id=2053331&use=l&cat=p&typeid=i","cat":324482},{"id":145227,"n":"Shampooing Marie Rose Anti-poux & Lentes  - 125ml","p":5.43,"u":"43,44 €/L","img":"https://fd5-photos.leclercdrive.fr/image.ashx?id=2689523&use=l&cat=p&typeid=i","cat":299654},{"id":145228,"n":"Solution lentille souple multi- fonctions Mercurochrome - 360ml","p":8.14,"u":"22,61 €/L","img":"https://fd5-photos.leclercdrive.fr/image.ashx?id=2684452&use=l&cat=p&typeid=i","cat":284630},{"id":145245,"n":"Pansements Mercurochrome Cors-portection - x12","p":3.55,"u":"0,30 €/P","img":"https://fd5-photos.leclercdrive.fr/image.ashx?id=2785829&use=l&cat=p&typeid=i","cat":284630},{"id":145250,"n":"Patchs chauffants Mercurochrome Décontractants grand format -x2","p":10.02,"u":"5,01 €/P","img":"https://fd5-photos.leclercdrive.fr/image.ashx?id=2923663&use=l&cat=p&typeid=i","cat":284630},{"id":145252,"n":"Tests grossesse Mercurochrome x3","p":10.56,"u":"3,52 €/P","img":"https://fd5-photos.leclercdrive.fr/image.ashx?id=2036533&use=l&cat=p&typeid=i","cat":324482},{"id":145255,"n":"Ciseaux à ongles Mercurochrome 1 pièce","p":4.62,"img":"https://fd5-photos.leclercdrive.fr/image.ashx?id=2788493&use=l&cat=p&typeid=i","cat":325354},{"id":145256,"n":"Solution lentille Mercurochrome Yeux sensibles - 350ml","p":10.97,"u":"31,34 €/L","img":"https://fd5-photos.leclercdrive.fr/image.ashx?id=2885342&use=l&cat=p&typeid=i","cat":284630},{"id":145269,"n":"Feuilletés Tomate Mozzarella Côté Table - 2x130g","p":2.89,"u":"11,12 €/KG","img":"https://fd5-photos.leclercdrive.fr/image.ashx?id=2958665&use=l&cat=p&typeid=i","cat":333671},{"id":145286,"n":"Assortiment lunchs x24 - 480g","p":26.4,"u":"2,29 €/KG","img":"https://fd5-photos.leclercdrive.fr/image.ashx?id=2039063&use=l&cat=p&typeid=i","cat":284360},{"id":145349,"n":"Purée Douceur du Verger Pomme banane - x4 - 400g","p":1.41,"u":"3,53 €/KG","img":"https://fd5-photos.leclercdrive.fr/image.ashx?id=2036728&use=l&cat=p&typeid=i","cat":284416},{"id":145359,"n":"Grana Padano Bio Village Rapé Bio - 40g","p":1.27,"u":"31,75 €/KG","img":"https://fd5-photos.leclercdrive.fr/image.ashx?id=2036815&use=l&cat=p&typeid=i","cat":314035},{"id":145366,"n":"Rapé 3 fromages Bio Village Bio - 200g","p":2.59,"u":"12,95 €/KG","img":"https://fd5-photos.leclercdrive.fr/image.ashx?id=2036821&use=l&cat=p&typeid=i","cat":314035},{"id":145409,"n":"Noisettes Bio Village Bio Décortiquées - 125g","p":2.36,"u":"18,88 €/KG","img":"https://fd5-photos.leclercdrive.fr/image.ashx?id=2036865&use=l&cat=p&typeid=i","cat":284357},{"id":145410,"n":"Amandes grillées Couleurs Vives Décortiquées - non salé - 250g","p":3.47,"u":"13,88 €/KG","img":"https://fd5-photos.leclercdrive.fr/image.ashx?id=2542929&use=l&cat=p&typeid=i","cat":284357},{"id":145411,"n":"Filet de cabillaud Pêche Océan MSC - x4 - 400g","p":7.89,"u":"19,73 €/KG","img":"https://fd5-photos.leclercdrive.fr/image.ashx?id=2930129&use=l&cat=p&typeid=i","cat":319786},{"id":145491,"n":"Peau chamoisée multiusage Tech9 Taille S - 30x45cm - 1 pièce","p":5.45,"img":"https://fd5-photos.leclercdrive.fr/image.ashx?id=2068417&use=l&cat=p&typeid=i","cat":298252},{"id":145500,"n":"Chips extra croquante Vico 150g","p":1.03,"u":"6,87 €/KG","img":"https://fd5-photos.leclercdrive.fr/image.ashx?id=2917822&use=l&cat=p&typeid=i","cat":284447},{"id":145513,"n":"Fond de veau Kubor Maggi Dégraissé - 100g","p":2.84,"u":"28,40 €/KG","img":"https://fd5-photos.leclercdrive.fr/image.ashx?id=2917540&use=l&cat=p&typeid=i","cat":288379},{"id":145516,"n":"Gourde bébé bio Bio Village Pomme poire vanille - 4x90g","p":2.79,"u":"7,75 €/KG","img":"https://fd5-photos.leclercdrive.fr/image.ashx?id=2704867&use=l&cat=p&typeid=i","cat":312393},{"id":145556,"n":"Crêpes Whaou Chocolat cracky - x15 - 480g","p":3.9,"u":"8,13 €/KG","img":"https://fd5-photos.leclercdrive.fr/image.ashx?id=2971032&use=l&cat=p&typeid=i","cat":284494},{"id":145559,"n":"Fond de volaille Maggi 110g","p":2.6,"u":"23,64 €/KG","img":"https://fd5-photos.leclercdrive.fr/image.ashx?id=2917549&use=l&cat=p&typeid=i","cat":288379},{"id":145560,"n":"Frites rustique Pom'lisse 600g","p":1.99,"u":"3,32 €/KG","img":"https://fd5-photos.leclercdrive.fr/image.ashx?id=2770690&use=l&cat=p&typeid=i","cat":319791},{"id":145561,"n":"Frites  Pom'lisse De patates douces - 600g","p":3.45,"u":"5,75 €/KG","img":"https://fd5-photos.leclercdrive.fr/image.ashx?id=2843797&use=l&cat=p&typeid=i","cat":319791},{"id":145563,"n":"Sirop d'érable bio Bio Village 250g","p":4.15,"u":"16,60 €/KG","img":"https://fd5-photos.leclercdrive.fr/image.ashx?id=2037860&use=l&cat=p&typeid=i","cat":287643},{"id":145583,"n":"Eau nettoyante Mots d'Enfants bébé bio - 750ml","p":3.99,"u":"5,32 €/L","img":"https://fd5-photos.leclercdrive.fr/image.ashx?id=3014251&use=l&cat=p&typeid=i","cat":284741},{"id":145598,"n":"Gourde bébé bio Bio Village Pomme Banane Myrtille - 4x90g","p":2.79,"u":"7,75 €/KG","img":"https://fd5-photos.leclercdrive.fr/image.ashx?id=2878759&use=l&cat=p&typeid=i","cat":312393},{"id":145754,"n":"Chou rouge Découpe fraîche Florette - 180g","p":1.33,"u":"7,39 €/KG","img":"https://fd5-photos.leclercdrive.fr/image.ashx?id=2844067&use=l&cat=p&typeid=i","cat":290299},{"id":145755,"n":"Sauce champignons crème Knorr 30cl","p":1.94,"u":"6,47 €/L","img":"https://fd5-photos.leclercdrive.fr/image.ashx?id=2420030&use=l&cat=p&typeid=i","cat":288381},{"id":145881,"n":"Coulis de tomate NRT De Provence - 400g","p":1.31,"u":"3,28 €/KG","img":"https://fd5-photos.leclercdrive.fr/image.ashx?id=2840001&use=l&cat=p&typeid=i","cat":288384},{"id":145883,"n":"Sauce Provencale NRT Aux tomates - 400g","p":1.92,"u":"4,80 €/KG","img":"https://fd5-photos.leclercdrive.fr/image.ashx?id=2840004&use=l&cat=p&typeid=i","cat":288384},{"id":145884,"n":"Mogette cuite au naturel NRT De Vendée - 265g","p":1.69,"u":"6,38 €/KG","img":"https://fd5-photos.leclercdrive.fr/image.ashx?id=2771426&use=l&cat=p&typeid=i","cat":312606},{"id":145901,"n":"Film fraîcheur Albal Découpe Facile - 20m","p":1.91,"img":"https://fd5-photos.leclercdrive.fr/image.ashx?id=2551456&use=l&cat=p&typeid=i","cat":334134},{"id":145946,"n":"Pâte feuilletée Tablier Blanc -30%mg - 230g","p":1.19,"u":"5,17 €/KG","img":"https://fd5-photos.leclercdrive.fr/image.ashx?id=2922430&use=l&cat=p&typeid=i","cat":333681},{"id":145948,"n":"Yaourt brassés Délisse Fruits saison - 8x125g","p":2.75,"u":"2,75 €/KG","img":"https://fd5-photos.leclercdrive.fr/image.ashx?id=2995658&use=l&cat=p&typeid=i","cat":284410},{"id":146060,"n":"Gazpacho L'Original Alvalle 1L","p":3.34,"u":"3,34 €/L","img":"https://fd5-photos.leclercdrive.fr/image.ashx?id=2672047&use=l&cat=p&typeid=i","cat":284355},{"id":146130,"n":"AOP Muscadet Sèvre et Maine Sur Lie blanc Plessis Duval - 75 cl","p":6.18,"u":"8,24 €/L","img":"https://fd5-photos.leclercdrive.fr/image.ashx?id=2941044&use=l&cat=p&typeid=i","cat":289557},{"id":146330,"n":"Yaourts brassés Bio Village Fruits rouges bio - 8x125g","p":3.35,"u":"3,35 €/KG","img":"https://fd5-photos.leclercdrive.fr/image.ashx?id=2706670&use=l&cat=p&typeid=i","cat":284410},{"id":146366,"n":"Quiche Lorraine Marie Pur beurre - 400g","p":2.93,"u":"7,33 €/KG","img":"https://fd5-photos.leclercdrive.fr/image.ashx?id=2996674&use=l&cat=p&typeid=i","cat":284257},{"id":146412,"n":"Infusion bio Jardin Bio Digestion légère x20 - 30g","p":2.65,"u":"88,33 €/KG","img":"https://fd5-photos.leclercdrive.fr/image.ashx?id=2792603&use=l&cat=p&typeid=i","cat":293234},{"id":146413,"n":"Infusion bio Jardin Bio Détente sommeil x20 - 30g","p":2.86,"u":"95,33 €/KG","img":"https://fd5-photos.leclercdrive.fr/image.ashx?id=3011449&use=l&cat=p&typeid=i","cat":293234},{"id":146414,"n":"Infusion bio Jardin Bio Nuits paisibles x20 - 30g","p":2.48,"u":"82,67 €/KG","img":"https://fd5-photos.leclercdrive.fr/image.ashx?id=2792612&use=l&cat=p&typeid=i","cat":293234},{"id":146415,"n":"Infusion Jardin Bio Bio digestion - x20 - 30g","p":2.38,"u":"79,33 €/KG","img":"https://fd5-photos.leclercdrive.fr/image.ashx?id=2792615&use=l&cat=p&typeid=i","cat":293234},{"id":146417,"n":"Infusion Jardin Bio Bio Thym citron - 30g - x20","p":2.76,"u":"92,00 €/KG","img":"https://fd5-photos.leclercdrive.fr/image.ashx?id=2792621&use=l&cat=p&typeid=i","cat":293234},{"id":146418,"n":"Infusion Jardin Bio Bio ventre plat - x20 - 30g","p":2.35,"u":"78,33 €/KG","img":"https://fd5-photos.leclercdrive.fr/image.ashx?id=2986564&use=l&cat=p&typeid=i","cat":293234},{"id":146419,"n":"Infusion Jardin Bio Bio bruleur de graisse x20 -30g","p":2.86,"u":"95,33 €/KG","img":"https://fd5-photos.leclercdrive.fr/image.ashx?id=2968322&use=l&cat=p&typeid=i","cat":293234},{"id":146421,"n":"Infusion Jardin Bio Bio detox - x20 - 30g","p":2.68,"u":"89,33 €/KG","img":"https://fd5-photos.leclercdrive.fr/image.ashx?id=2792630&use=l&cat=p&typeid=i","cat":293234},{"id":146422,"n":"Thé vert Jardin Bio Bio minceur - x20 - 30g","p":2.65,"u":"88,33 €/KG","img":"https://fd5-photos.leclercdrive.fr/image.ashx?id=2948066&use=l&cat=p&typeid=i","cat":293233},{"id":146425,"n":"Thé Jardin Bio Bio détox - x20 - 30g","p":2.6,"u":"86,67 €/KG","img":"https://fd5-photos.leclercdrive.fr/image.ashx?id=2578205&use=l&cat=p&typeid=i","cat":293233},{"id":146426,"n":"Thé vert bio Jardin Bio Gingembre citron vert x20 - 30g","p":2.75,"u":"91,67 €/KG","img":"https://fd5-photos.leclercdrive.fr/image.ashx?id=3011452&use=l&cat=p&typeid=i","cat":293233},{"id":146499,"n":"Ramen Bulgogi Tanoshi 366g","p":2.85,"u":"7,79 €/KG","img":"https://fd5-photos.leclercdrive.fr/image.ashx?id=2922998&use=l&cat=p&typeid=i","cat":288992},{"id":146591,"n":"Chipolatas A Pignatta Nustrale 450g","p":4.89,"u":"10,87 €/KG","img":"https://fd5-photos.leclercdrive.fr/image.ashx?id=2058626&use=l&cat=p&typeid=i","cat":284334},{"id":146592,"n":"Merguez A Pignatta Nustrale 450g","p":6.9,"u":"15,33 €/KG","img":"https://fd5-photos.leclercdrive.fr/image.ashx?id=2058629&use=l&cat=p&typeid=i","cat":284334},{"id":146593,"n":"Chipolatas A Pignatta Nustrale Aux Herbes - 450g","p":6.74,"u":"14,98 €/KG","img":"https://fd5-photos.leclercdrive.fr/image.ashx?id=2058632&use=l&cat=p&typeid=i","cat":284334},{"id":146697,"n":"Steak haché x2 - 300g","p":7.15,"u":"23,83 €/KG","img":"https://fd5-photos.leclercdrive.fr/image.ashx?id=1097628&use=l&cat=p&typeid=i","cat":284332},{"id":146735,"n":"Haricots verts Bonduelle Extra fins - 220g","p":1.19,"u":"5,41 €/KG","img":"https://fd5-photos.leclercdrive.fr/image.ashx?id=3008074&use=l&cat=p&typeid=i","cat":312606},{"id":146736,"n":"Ravioli pur boeuf francais Zapetti 1.2kg","p":4.67,"u":"3,89 €/KG","img":"https://fd5-photos.leclercdrive.fr/image.ashx?id=2560615&use=l&cat=p&typeid=i","cat":284442},{"id":146738,"n":"Café Soluble Nescafé Cappuccino Noisette - 270g","p":5.43,"u":"20,11 €/KG","img":"https://fd5-photos.leclercdrive.fr/image.ashx?id=2867791&use=l&cat=p&typeid=i","cat":284843},{"id":146739,"n":"Maïs Bonduelle Sans Résidu Pesticides - 3x140g","p":2.22,"u":"5,29 €/KG","img":"https://fd5-photos.leclercdrive.fr/image.ashx?id=2913133&use=l&cat=p&typeid=i","cat":312611},{"id":146740,"n":"Petits Pois Bonduelle Sans Arôme Ajouté 560g","p":2.08,"u":"3,71 €/KG","img":"https://fd5-photos.leclercdrive.fr/image.ashx?id=2939256&use=l&cat=p&typeid=i","cat":312607},{"id":146839,"n":"Kiwis de Corse 1 kg","p":4.99,"u":"4,99 €/KG","img":"https://fd5-photos.leclercdrive.fr/image.ashx?id=1633862&use=l&cat=p&typeid=i","cat":284356},{"id":146890,"n":"Gourde bébé bio Bio Village Pomme abricot - 4x90g","p":2.79,"u":"7,75 €/KG","img":"https://fd5-photos.leclercdrive.fr/image.ashx?id=2704876&use=l&cat=p&typeid=i","cat":312393},{"id":146891,"n":"Gourde bébé bio Bio Village Pomme biscuit - 4x90g","p":2.79,"u":"7,75 €/KG","img":"https://fd5-photos.leclercdrive.fr/image.ashx?id=2704873&use=l&cat=p&typeid=i","cat":312393},{"id":146894,"n":"Gourde bébé bio Bio Village Semoule cacao - 4x85g","p":3.02,"u":"8,88 €/KG","img":"https://fd5-photos.leclercdrive.fr/image.ashx?id=2704861&use=l&cat=p&typeid=i","cat":312393},{"id":146916,"n":"Préparation alsa Crème Pâtissière - 390g","p":2.9,"u":"7,44 €/KG","img":"https://fd5-photos.leclercdrive.fr/image.ashx?id=3007990&use=l&cat=p&typeid=i","cat":284505},{"id":146925,"n":"Kiwis 3p","p":0.95,"u":"0,32 €/P","img":"https://fd5-photos.leclercdrive.fr/image.ashx?id=1633862&use=l&cat=p&typeid=i","cat":284356},{"id":146984,"n":"Kiwi de Corse 1p.","p":0.89,"img":"https://fd5-photos.leclercdrive.fr/image.ashx?id=1633877&use=l&cat=p&typeid=i","cat":284356},{"id":146985,"n":"Orange feuille de Corse 1p.","p":0.6,"img":"https://fd5-photos.leclercdrive.fr/image.ashx?id=1547288&use=l&cat=p&typeid=i","cat":284356},{"id":147002,"n":"Feuilleté de Mousse La Laitière Chocolat - 4x57g","p":1.59,"u":"6,97 €/KG","img":"https://fd5-photos.leclercdrive.fr/image.ashx?id=2858594&use=l&cat=p&typeid=i","cat":284417},{"id":147003,"n":"Feuilleté de Mousse La Laitière Vanille - 4x57g","p":1.61,"u":"7,06 €/KG","img":"https://fd5-photos.leclercdrive.fr/image.ashx?id=2764511&use=l&cat=p&typeid=i","cat":284417},{"id":147009,"n":"Chewing-gum Mentos Pure Fresh  Fraise sans sucres - 100g","p":4.49,"u":"44,90 €/KG","img":"https://fd5-photos.leclercdrive.fr/image.ashx?id=2659804&use=l&cat=p&typeid=i","cat":304251},{"id":147024,"n":"Raviolis farcis Ajinomoto Gyoza poulet légumes - 400g","p":6.31,"u":"15,78 €/KG","img":"https://fd5-photos.leclercdrive.fr/image.ashx?id=2590294&use=l&cat=p&typeid=i","cat":284254},{"id":147026,"n":"Raviolis farcis Ajinomoto Gyoza crevettes - 400g","p":6.25,"u":"15,63 €/KG","img":"https://fd5-photos.leclercdrive.fr/image.ashx?id=2590297&use=l&cat=p&typeid=i","cat":284254},{"id":147067,"n":"Gyoza Boeuf et Légumes Ajinomoto - 212g","p":4.24,"u":"20,00 €/KG","img":"https://fd5-photos.leclercdrive.fr/image.ashx?id=2590628&use=l&cat=p&typeid=i","cat":319774},{"id":147076,"n":"Bouillon Cube Maggi Volaille - 80g","p":0.98,"u":"12,25 €/KG","img":"https://fd5-photos.leclercdrive.fr/image.ashx?id=2737036&use=l&cat=p&typeid=i","cat":288379},{"id":147107,"n":"Purée de fruits Charles & Alice Fruits Panaché - 12x100g","p":4.29,"u":"3,58 €/KG","img":"https://fd5-photos.leclercdrive.fr/image.ashx?id=2908051&use=l&cat=p&typeid=i","cat":284416},{"id":147119,"n":"Lave glace Tech 9 -20°C - 5L","p":5.99,"u":"1,20 €/L","img":"https://fd5-photos.leclercdrive.fr/image.ashx?id=2054896&use=l&cat=p&typeid=i","cat":298252},{"id":147127,"n":"Spray dégraissant Clair Savon noir - 750ml","p":2.05,"u":"2,73 €/L","img":"https://fd5-photos.leclercdrive.fr/image.ashx?id=2840389&use=l&cat=p&typeid=i","cat":325357},{"id":147128,"n":"Coton carré Bio Bionaïa x80","p":2.99,"u":"0,04 €/P","img":"https://fd5-photos.leclercdrive.fr/image.ashx?id=2558832&use=l&cat=p&typeid=i","cat":285593},{"id":147185,"n":"Cuisse de poulet Maitre Coq Jaune nourri maïs - 1kg","p":6.1,"u":"6,10 €/KG","img":"https://fd5-photos.leclercdrive.fr/image.ashx?id=2855160&use=l&cat=p&typeid=i","cat":284336},{"id":147186,"n":"Cuisse de poulet blanc Maître Coq - 1kg","p":6.31,"u":"6,31 €/KG","img":"https://fd5-photos.leclercdrive.fr/image.ashx?id=2855157&use=l&cat=p&typeid=i","cat":284336},{"id":147189,"n":"Filet de poulet Maitre Coq Jaune - Nourri au maïs - 720g","p":11.34,"u":"15,75 €/KG","img":"https://fd5-photos.leclercdrive.fr/image.ashx?id=2855142&use=l&cat=p&typeid=i","cat":284336},{"id":147194,"n":"Haut de cuisse Maitre Coq Poulet blanc nourri au blé 750g","p":4.52,"u":"6,03 €/KG","img":"https://fd5-photos.leclercdrive.fr/image.ashx?id=2855882&use=l&cat=p&typeid=i","cat":284336},{"id":147196,"n":"Pilon de poulet Maitre Coq Blanc - Nourri au blé - 750g","p":4.93,"u":"6,57 €/KG","img":"https://fd5-photos.leclercdrive.fr/image.ashx?id=2855522&use=l&cat=p&typeid=i","cat":284336},{"id":147200,"n":"Escargot de Bourgogne surgelé L'origine du goût x24 - 220g","p":11.99,"u":"54,50 €/KG","img":"https://fd5-photos.leclercdrive.fr/image.ashx?id=2809882&use=l&cat=p&typeid=i","cat":319775},{"id":147202,"n":"Haut de cuisse jaune Maitre Coq Poulet -nourri au maïs - 750g","p":5.5,"u":"7,33 €/KG","img":"https://fd5-photos.leclercdrive.fr/image.ashx?id=2855519&use=l&cat=p&typeid=i","cat":284336},{"id":147203,"n":"Pilon de poulet Maitre Coq Jaune - nourri au maïs - 750g","p":5.28,"u":"7,04 €/KG","img":"https://fd5-photos.leclercdrive.fr/image.ashx?id=2855525&use=l&cat=p&typeid=i","cat":284336},{"id":147212,"n":"Burrata Tradizioni d'Italia Truffe été - 100g","p":3.21,"u":"0,03 €/GR","img":"https://fd5-photos.leclercdrive.fr/image.ashx?id=2904031&use=l&cat=p&typeid=i","cat":314026},{"id":147224,"n":"Capsules Nescafé Dolce Gusto  Espresso - x30","p":7.38,"u":"44,73 €/KG","img":"https://fd5-photos.leclercdrive.fr/image.ashx?id=2737105&use=l&cat=p&typeid=i","cat":293239},{"id":147225,"n":"Pâtes Risetti Panzani 500g","p":1.53,"u":"3,06 €/KG","img":"https://fd5-photos.leclercdrive.fr/image.ashx?id=2878774&use=l&cat=p&typeid=i","cat":284427},{"id":147237,"n":"Compote Douceur du Verger    Bocal pomme morceaux - 730g","p":1.74,"u":"2,38 €/KG","img":"https://fd5-photos.leclercdrive.fr/image.ashx?id=2663563&use=l&cat=p&typeid=i","cat":284508},{"id":147243,"n":"Dessert rhubarbe et pommes NRT 570g","p":3.55,"u":"6,23 €/KG","img":"https://fd5-photos.leclercdrive.fr/image.ashx?id=2840010&use=l&cat=p&typeid=i","cat":284508},{"id":147245,"n":"Dessert abricots et pommes NRT 570g","p":3.55,"u":"6,23 €/KG","img":"https://fd5-photos.leclercdrive.fr/image.ashx?id=2840016&use=l&cat=p&typeid=i","cat":284508},{"id":147248,"n":"Muesli  Grainea chocolat Noisette 350g","p":2.84,"u":"8,11 €/KG","img":"https://fd5-photos.leclercdrive.fr/image.ashx?id=2077358&use=l&cat=p&typeid=i","cat":309512},{"id":147250,"n":"Préparation Flan Entremets alsa Vanille - 192g","p":1.29,"u":"6,72 €/KG","img":"https://fd5-photos.leclercdrive.fr/image.ashx?id=2805117&use=l&cat=p&typeid=i","cat":284504},{"id":147254,"n":"Confiture Eco+ Fraise - 450g","p":1.14,"u":"2,53 €/KG","img":"https://fd5-photos.leclercdrive.fr/image.ashx?id=2953200&use=l&cat=p&typeid=i","cat":284480},{"id":147255,"n":"Confiture Eco+ Abricot - 450g","p":1.23,"u":"2,73 €/KG","img":"https://fd5-photos.leclercdrive.fr/image.ashx?id=2953203&use=l&cat=p&typeid=i","cat":284480},{"id":147262,"n":"Edulcorant Purevia Spécial Pâtisserie - 380g","p":4.91,"u":"12,92 €/KG","img":"https://fd5-photos.leclercdrive.fr/image.ashx?id=2417306&use=l&cat=p&typeid=i","cat":324846},{"id":147268,"n":"Croquettes Plénima Petit chien sans céréales 2kg","p":6.15,"u":"3,08 €/KG","img":"https://fd5-photos.leclercdrive.fr/image.ashx?id=2047097&use=l&cat=p&typeid=i","cat":294526},{"id":147279,"n":"Croquettes Plénima Sans céréales - 2kg","p":6.0,"u":"3,00 €/KG","img":"https://fd5-photos.leclercdrive.fr/image.ashx?id=2047100&use=l&cat=p&typeid=i","cat":284672},{"id":147286,"n":"Croquette pour chat Plénima Poulet - 600g","p":2.45,"u":"4,08 €/KG","img":"https://fd5-photos.leclercdrive.fr/image.ashx?id=2047114&use=l&cat=p&typeid=i","cat":284680},{"id":147295,"n":"Croquette chat Plénima Saumon - Stérilisé 600g","p":2.45,"u":"4,08 €/KG","img":"https://fd5-photos.leclercdrive.fr/image.ashx?id=2047120&use=l&cat=p&typeid=i","cat":284680},{"id":147296,"n":"Gourde Bio Village - 6 mois Bio - 6x90g","p":4.39,"u":"8,13 €/KG","img":"https://fd5-photos.leclercdrive.fr/image.ashx?id=2704879&use=l&cat=p&typeid=i","cat":312393},{"id":147306,"n":"Dos de Cabillaud de Atlantique MSC Marès x4 - 400g","p":9.77,"u":"24,43 €/KG","img":"https://fd5-photos.leclercdrive.fr/image.ashx?id=3002138&use=l&cat=p&typeid=i","cat":319786},{"id":147307,"n":"Pavé de Saumon ASC Atlantique Marès - x4 - 400g","p":10.74,"u":"26,85 €/KG","img":"https://fd5-photos.leclercdrive.fr/image.ashx?id=2399303&use=l&cat=p&typeid=i","cat":319786},{"id":147350,"n":"Préparation Vahiné Crème frangipane - 250g","p":3.82,"u":"15,28 €/KG","img":"https://fd5-photos.leclercdrive.fr/image.ashx?id=2559781&use=l&cat=p&typeid=i","cat":284504},{"id":147420,"n":"Knacks d'Alsace  L'Atelier Charcuterie - 300g","p":3.8,"u":"12,67 €/KG","img":"https://fd5-photos.leclercdrive.fr/image.ashx?id=2989772&use=l&cat=p&typeid=i","cat":316012},{"id":147421,"n":"Saucisse de Morteau à cuire L'Atelier Charcuterie - 350g","p":5.89,"u":"16,83 €/KG","img":"https://fd5-photos.leclercdrive.fr/image.ashx?id=2992660&use=l&cat=p&typeid=i","cat":316012},{"id":147422,"n":"Bière Brewdog Punk IPA 33cl","p":2.21,"u":"6,70 €/L","img":"https://fd5-photos.leclercdrive.fr/image.ashx?id=2941859&use=l&cat=p&typeid=i","cat":334872},{"id":147424,"n":"Saucisse de Montbéliard à cuire L'Atelier Charcuterie - 2x150g","p":4.49,"u":"14,97 €/KG","img":"https://fd5-photos.leclercdrive.fr/image.ashx?id=2992663&use=l&cat=p&typeid=i","cat":316012},{"id":147431,"n":"Yaourt à la grecque YAOS Nature lit de framboises 4x125g","p":2.9,"u":"5,80 €/KG","img":"https://fd5-photos.leclercdrive.fr/image.ashx?id=2654575&use=l&cat=p&typeid=i","cat":314999},{"id":147438,"n":"Tablette chocolat Milka Chocolat au lait - 5x100g","p":7.31,"u":"14,62 €/KG","img":"https://fd5-photos.leclercdrive.fr/image.ashx?id=2955203&use=l&cat=p&typeid=i","cat":284497},{"id":147440,"n":"Tropifun Haribo Sachet bonbons - 220g","p":2.16,"u":"9,82 €/KG","img":"https://fd5-photos.leclercdrive.fr/image.ashx?id=2340837&use=l&cat=p&typeid=i","cat":304250},{"id":147441,"n":"Pochons Tous mes amis 4x100g","p":1.49,"u":"3,73 €/KG","img":"https://fd5-photos.leclercdrive.fr/image.ashx?id=2055346&use=l&cat=p&typeid=i","cat":284673},{"id":147442,"n":"Pochons Tous mes amis Sauce viande - 12x100g","p":3.65,"u":"3,04 €/KG","img":"https://fd5-photos.leclercdrive.fr/image.ashx?id=2054993&use=l&cat=p&typeid=i","cat":288578},{"id":147443,"n":"Stick torsades Tous mes amis x4 - 70g","p":0.72,"u":"10,29 €/KG","img":"https://fd5-photos.leclercdrive.fr/image.ashx?id=2361733&use=l&cat=p&typeid=i","cat":294527},{"id":147444,"n":"Snack récompense Tous mes amis Fromage boeuf - 140g","p":1.39,"u":"9,93 €/KG","img":"https://fd5-photos.leclercdrive.fr/image.ashx?id=2345565&use=l&cat=p&typeid=i","cat":294527},{"id":147449,"n":"Granola Grainea Chocolat noir amandes - 350g","p":2.75,"u":"7,86 €/KG","img":"https://fd5-photos.leclercdrive.fr/image.ashx?id=2611949&use=l&cat=p&typeid=i","cat":309512},{"id":147453,"n":"Granola Grainea 350g","p":2.98,"u":"8,51 €/KG","img":"https://fd5-photos.leclercdrive.fr/image.ashx?id=2611946&use=l&cat=p&typeid=i","cat":309512},{"id":147454,"n":"Granola Grainea 350g","p":2.64,"u":"7,54 €/KG","img":"https://fd5-photos.leclercdrive.fr/image.ashx?id=2568340&use=l&cat=p&typeid=i","cat":309512},{"id":147455,"n":"Capsules café Plantation Décaféiné n°5 - x30 - 156g","p":5.19,"u":"33,27 €/KG","img":"https://fd5-photos.leclercdrive.fr/image.ashx?id=2874741&use=l&cat=p&typeid=i","cat":284749},{"id":147456,"n":"Capsules café Plantation Ristretto n°12 - x30 - 156g","p":5.19,"u":"33,27 €/KG","img":"https://fd5-photos.leclercdrive.fr/image.ashx?id=2867263&use=l&cat=p&typeid=i","cat":284749},{"id":147464,"n":"Infusion bien-être Jardin Bio Bio x20 - 28g","p":2.86,"u":"102,14 €/KG","img":"https://fd5-photos.leclercdrive.fr/image.ashx?id=2792606&use=l&cat=p&typeid=i","cat":293234},{"id":147465,"n":"Infusion Jardin Bio Bio calme & Sérénité x20 - 30g","p":2.71,"u":"90,33 €/KG","img":"https://fd5-photos.leclercdrive.fr/image.ashx?id=2792618&use=l&cat=p&typeid=i","cat":293234},{"id":147468,"n":"Jus de citron Jardin Bio Bio - 25cl","p":1.74,"u":"6,96 €/L","img":"https://fd5-photos.leclercdrive.fr/image.ashx?id=3015317&use=l&cat=p&typeid=i","cat":288383},{"id":147472,"n":"Eponge maxi 1 pièce","p":2.29,"img":"https://fd5-photos.leclercdrive.fr/image.ashx?id=2068381&use=l&cat=p&typeid=i","cat":298252},{"id":147473,"n":"Crème Solaire Minérale Nivea Enfants Aloe Vera bio - 150ml","p":13.44,"u":"89,60 €/L","img":"https://fd5-photos.leclercdrive.fr/image.ashx?id=2295160&use=l&cat=p&typeid=i","cat":325355},{"id":147474,"n":"Coupe ongles Primoplast 1 pièce","p":2.0,"img":"https://fd5-photos.leclercdrive.fr/image.ashx?id=2955767&use=l&cat=p&typeid=i","cat":325354},{"id":147476,"n":"Coloration végétale Bionaïa Châtain clair bio - 92g","p":7.73,"u":"84,02 €/KG","img":"https://fd5-photos.leclercdrive.fr/image.ashx?id=2048455&use=l&cat=p&typeid=i","cat":288899},{"id":147487,"n":"Noix de Pécan grillée sans sel Daco Bello 125g","p":4.55,"u":"36,40 €/KG","img":"https://fd5-photos.leclercdrive.fr/image.ashx?id=2298553&use=l&cat=p&typeid=i","cat":284448},{"id":147503,"n":"Mi chaussette semi bouclette Gris chiné T46/48 - x3","p":4.75,"u":"1,58 €/P","img":"https://fd5-photos.leclercdrive.fr/image.ashx?id=2049250&use=l&cat=p&typeid=i","cat":334130},{"id":147505,"n":"Mi chaussette semi bouclette Gris chiné - T43/45","p":4.75,"u":"1,58 €/P","img":"https://fd5-photos.leclercdrive.fr/image.ashx?id=2049247&use=l&cat=p&typeid=i","cat":334130},{"id":147510,"n":"Clémentine feuille 1p","p":0.66,"img":"https://fd5-photos.leclercdrive.fr/image.ashx?id=2048749&use=l&cat=p&typeid=i","cat":284356},{"id":147517,"n":"Merlu & riz D'Aucy Sauce beurre blanc - 300g","p":2.71,"u":"9,03 €/KG","img":"https://fd5-photos.leclercdrive.fr/image.ashx?id=2103184&use=l&cat=p&typeid=i","cat":284953},{"id":147519,"n":"Moulin poivre Ducros 35g","p":2.65,"u":"75,71 €/KG","img":"https://fd5-photos.leclercdrive.fr/image.ashx?id=2498678&use=l&cat=p&typeid=i","cat":284457},{"id":147523,"n":"Gel douche Bionaïa Framboise orange bio - 250ml","p":1.43,"u":"5,72 €/L","img":"https://fd5-photos.leclercdrive.fr/image.ashx?id=2538137&use=l&cat=p&typeid=i","cat":284594},{"id":147524,"n":"Gel douche Bionaïa Miel fleur d'oranger bio -250ml","p":1.43,"u":"5,72 €/L","img":"https://fd5-photos.leclercdrive.fr/image.ashx?id=2512487&use=l&cat=p&typeid=i","cat":284594},{"id":147525,"n":"Huile bio Bio naïa Jojoba - 50ml","p":4.57,"u":"91,40 €/L","img":"https://fd5-photos.leclercdrive.fr/image.ashx?id=2436711&use=l&cat=p&typeid=i","cat":325349},{"id":147526,"n":"Huile bio Bio naïa Argan - 50ml","p":4.75,"u":"95,00 €/L","img":"https://fd5-photos.leclercdrive.fr/image.ashx?id=2436714&use=l&cat=p&typeid=i","cat":325349},{"id":147527,"n":"Huile bio Bio naïa Ricin - 50ml","p":3.99,"u":"79,80 €/L","img":"https://fd5-photos.leclercdrive.fr/image.ashx?id=2929885&use=l&cat=p&typeid=i","cat":325349},{"id":147528,"n":"Huile bio Bio naïa Amande douce - 50ml","p":3.79,"u":"75,80 €/L","img":"https://fd5-photos.leclercdrive.fr/image.ashx?id=2436720&use=l&cat=p&typeid=i","cat":325349},{"id":147529,"n":"Blocs WC Eco + Parfum pin - 3x40g","p":1.17,"u":"9,75 €/KG","img":"https://fd5-photos.leclercdrive.fr/image.ashx?id=2849560&use=l&cat=p&typeid=i","cat":284662},{"id":147531,"n":"Bain moussant Eco + Pêche - 750ml","p":0.52,"u":"0,69 €/L","img":"https://fd5-photos.leclercdrive.fr/image.ashx?id=2779175&use=l&cat=p&typeid=i","cat":284594},{"id":147532,"n":"Crème à récurer Eco + Parfum citron - 750ml","p":0.6,"u":"0,80 €/L","img":"https://fd5-photos.leclercdrive.fr/image.ashx?id=2931754&use=l&cat=p&typeid=i","cat":325357},{"id":147533,"n":"Dentifrice arôme menthe Eco + 125ml","p":0.73,"u":"5,84 €/L","img":"https://fd5-photos.leclercdrive.fr/image.ashx?id=2776277&use=l&cat=p&typeid=i","cat":284612},{"id":147536,"n":"Liquide vaisselle Eco + Concentré citron - 500ml","p":0.42,"u":"0,84 €/L","img":"https://fd5-photos.leclercdrive.fr/image.ashx?id=2861407&use=l&cat=p&typeid=i","cat":284655},{"id":147537,"n":"Nettoyant ménager Eco + Citron - 2L","p":1.11,"u":"0,56 €/L","img":"https://fd5-photos.leclercdrive.fr/image.ashx?id=2946148&use=l&cat=p&typeid=i","cat":284907},{"id":147539,"n":"Capsules café Plantation Café au lait - x16 - 152g","p":3.29,"u":"21,64 €/KG","img":"https://fd5-photos.leclercdrive.fr/image.ashx?id=2649750&use=l&cat=p&typeid=i","cat":293239},{"id":147543,"n":"Gel WC détartrant Eco + Citron - 750ml","p":0.58,"u":"0,77 €/L","img":"https://fd5-photos.leclercdrive.fr/image.ashx?id=2836304&use=l&cat=p&typeid=i","cat":284662},{"id":147544,"n":"Pastilles lave-vaisselle Eco + x50 - 750g","p":2.59,"u":"3,45 €/KG","img":"https://fd5-photos.leclercdrive.fr/image.ashx?id=2865032&use=l&cat=p&typeid=i","cat":284656},{"id":147545,"n":"Pastilles anti-calcaire Eco + x20","p":1.25,"u":"0,06 €/P","img":"https://fd5-photos.leclercdrive.fr/image.ashx?id=2603853&use=l&cat=p&typeid=i","cat":284653},{"id":147546,"n":"Poudre détachante Eco + 1,2kg","p":3.29,"u":"2,74 €/KG","img":"https://fd5-photos.leclercdrive.fr/image.ashx?id=2596769&use=l&cat=p&typeid=i","cat":284651},{"id":147548,"n":"Gel désodorisant Eco + Parfum lavande - 1 pièce","p":0.53,"img":"https://fd5-photos.leclercdrive.fr/image.ashx?id=2466868&use=l&cat=p&typeid=i","cat":311628},{"id":147549,"n":"Désodorisant mèche Eco + Parfum marine - 375ml","p":1.27,"u":"3,39 €/L","img":"https://fd5-photos.leclercdrive.fr/image.ashx?id=2777788&use=l&cat=p&typeid=i","cat":311628},{"id":147550,"n":"Nettoyant vitres Eco + 1L","p":0.76,"u":"0,76 €/L","img":"https://fd5-photos.leclercdrive.fr/image.ashx?id=2834993&use=l&cat=p&typeid=i","cat":325363},{"id":147622,"n":"Culottes Lotus Baby Douceur Naturelle Taille 5 - x30","p":11.99,"u":"0,40 €/P","img":"https://fd5-photos.leclercdrive.fr/image.ashx?id=3011866&use=l&cat=p&typeid=i","cat":290633},{"id":147623,"n":"Culottes Lotus Baby Douceur Naturelle Taille 4 - x32","p":12.61,"img":"https://fd5-photos.leclercdrive.fr/image.ashx?id=3011869&use=l&cat=p&typeid=i","cat":290633},{"id":147624,"n":"Culottes Lotus Baby Douceur Naturelle Taille 6 - x28","p":11.96,"u":"0,43 €/P","img":"https://fd5-photos.leclercdrive.fr/image.ashx?id=3011872&use=l&cat=p&typeid=i","cat":290633},{"id":147626,"n":"Couches Lotus Baby Douceur Naturelle Taille 4 - x37","p":11.81,"u":"0,32 €/P","img":"https://fd5-photos.leclercdrive.fr/image.ashx?id=2914768&use=l&cat=p&typeid=i","cat":284737},{"id":147627,"n":"Couches Lotus Baby Douceur Naturelle Taille 4+ - x35","p":11.9,"u":"0,34 €/P","img":"https://fd5-photos.leclercdrive.fr/image.ashx?id=2912617&use=l&cat=p&typeid=i","cat":284737},{"id":147644,"n":"Sake ginjo ichidai misen 70cl","p":19.04,"u":"27,20 €/L","img":"https://fd5-photos.leclercdrive.fr/image.ashx?id=2571680&use=l&cat=p&typeid=i","cat":286032},{"id":147666,"n":"Confiture Eco+ 4 fruits rouges - 450g","p":1.94,"u":"4,31 €/KG","img":"https://fd5-photos.leclercdrive.fr/image.ashx?id=2773232&use=l&cat=p&typeid=i","cat":284480},{"id":147671,"n":"Olives farcies Tokapi Amandes - 150g","p":2.49,"u":"16,60 €/KG","img":"https://fd5-photos.leclercdrive.fr/image.ashx?id=3010431&use=l&cat=p&typeid=i","cat":284458},{"id":147676,"n":"Tarte aux pommes 6/8 parts 600g","p":5.7,"u":"9,50 €/KG","img":"https://fd5-photos.leclercdrive.fr/image.ashx?id=2055377&use=l&cat=p&typeid=i","cat":284360},{"id":147677,"n":"Sauce béarnaise Rustica 240g","p":1.29,"u":"5,38 €/KG","img":"https://fd5-photos.leclercdrive.fr/image.ashx?id=2954382&use=l&cat=p&typeid=i","cat":318431},{"id":147678,"n":"Rillettes de saumon Ronde des Mers - 125g","p":1.58,"u":"12,64 €/KG","img":"https://fd5-photos.leclercdrive.fr/image.ashx?id=2436708&use=l&cat=p&typeid=i","cat":305147},{"id":147692,"n":"Fond pour rôtis Maggi 110g","p":2.49,"u":"22,64 €/KG","img":"https://fd5-photos.leclercdrive.fr/image.ashx?id=2917543&use=l&cat=p&typeid=i","cat":288379},{"id":147797,"n":"Culottes fille Tissaia Blanc/rose 4/5 ans - x3","p":4.5,"img":"https://fd5-photos.leclercdrive.fr/image.ashx?id=2187284&use=l&cat=p&typeid=i","cat":291524},{"id":147924,"n":"Canistrelli d'Afa à l'anis - 200g","p":3.83,"u":"19,15 €/KG","img":"https://fd5-photos.leclercdrive.fr/image.ashx?id=2176875&use=l&cat=p&typeid=i","cat":284487},{"id":147925,"n":"Canistrelli d'Afa aux noisettes  - 200g","p":3.78,"u":"18,90 €/KG","img":"https://fd5-photos.leclercdrive.fr/image.ashx?id=2176869&use=l&cat=p&typeid=i","cat":284487},{"id":147926,"n":"Canistrelli d'Afa aux amandes - 200g","p":3.82,"u":"19,10 €/KG","img":"https://fd5-photos.leclercdrive.fr/image.ashx?id=2176866&use=l&cat=p&typeid=i","cat":284487},{"id":147927,"n":"Canistrelli d'Afa à la clémentine - 200g","p":3.56,"u":"17,80 €/KG","img":"https://fd5-photos.leclercdrive.fr/image.ashx?id=2176872&use=l&cat=p&typeid=i","cat":284487},{"id":147929,"n":"Pâte tartiner Canistrelli Sans huile de palme - 250g","p":4.92,"u":"19,68 €/KG","img":"https://fd5-photos.leclercdrive.fr/image.ashx?id=2176863&use=l&cat=p&typeid=i","cat":284481},{"id":147930,"n":"Vin rouge domaine la Figarella Corse - AOP Calvi 75 cl","p":10.29,"u":"13,72 €/L","img":"https://fd5-photos.leclercdrive.fr/image.ashx?id=2061684&use=l&cat=p&typeid=i","cat":289556},{"id":147942,"n":"Eau micellaire Inell Biphase - 500ml","p":3.85,"u":"7,70 €/L","img":"https://fd5-photos.leclercdrive.fr/image.ashx?id=2051768&use=l&cat=p&typeid=i","cat":284603},{"id":148008,"n":"Genoise P'tit Déli Poire - 150g","p":1.15,"u":"7,67 €/KG","img":"https://fd5-photos.leclercdrive.fr/image.ashx?id=2482508&use=l&cat=p&typeid=i","cat":284489},{"id":148013,"n":"Bocal d'artichauts Notre jardin Grillés - 115g","p":1.99,"u":"17,30 €/KG","img":"https://fd5-photos.leclercdrive.fr/image.ashx?id=2578641&use=l&cat=p&typeid=i","cat":312611},{"id":148027,"n":"Pois chiche Bio Village Bio - 500g","p":2.08,"u":"4,16 €/KG","img":"https://fd5-photos.leclercdrive.fr/image.ashx?id=3002704&use=l&cat=p&typeid=i","cat":284430},{"id":148037,"n":"Purée de tomates italiennes 700g","p":2.08,"u":"2,97 €/KG","img":"https://fd5-photos.leclercdrive.fr/image.ashx?id=3011680&use=l&cat=p&typeid=i","cat":289010},{"id":148040,"n":"Aiguillette poulet Maitre Coq Nourri maïs - 450g","p":8.05,"u":"17,89 €/KG","img":"https://fd5-photos.leclercdrive.fr/image.ashx?id=2882722&use=l&cat=p&typeid=i","cat":284336},{"id":148049,"n":"Ravioles au Fromage Frais et Basilic Saint Jean 310g","p":3.28,"u":"10,58 €/KG","img":"https://fd5-photos.leclercdrive.fr/image.ashx?id=2290014&use=l&cat=p&typeid=i","cat":333682},{"id":148050,"n":"Ravioles au Fromage de chèvre et ciboulette Saint Jean 310g","p":2.74,"u":"8,84 €/KG","img":"https://fd5-photos.leclercdrive.fr/image.ashx?id=2487698&use=l&cat=p&typeid=i","cat":333682},{"id":148051,"n":"Ravioles Bio Saint-Jean A la Tomate Mozzarella - 310g","p":4.03,"u":"13,00 €/KG","img":"https://fd5-photos.leclercdrive.fr/image.ashx?id=2453427&use=l&cat=p&typeid=i","cat":333682},{"id":148070,"n":"Thermomètre Primoplast Electronique - 1 pièce","p":3.89,"img":"https://fd5-photos.leclercdrive.fr/image.ashx?id=2856597&use=l&cat=p&typeid=i","cat":284630},{"id":148077,"n":"Jambon de Savoie L'Atelier Charcuterie - 100g","p":2.99,"u":"29,90 €/KG","img":"https://fd5-photos.leclercdrive.fr/image.ashx?id=2987494&use=l&cat=p&typeid=i","cat":316007},{"id":148079,"n":"Saucisson d'Auvergne IGP NRT L'Atelier Charcuterie LR - 100g","p":2.3,"u":"23,00 €/KG","img":"https://fd5-photos.leclercdrive.fr/image.ashx?id=2071230&use=l&cat=p&typeid=i","cat":316007},{"id":148080,"n":"Shampooing Carré Homme Anti pelliculaire - 250ml","p":1.85,"u":"7,40 €/L","img":"https://fd5-photos.leclercdrive.fr/image.ashx?id=2350526&use=l&cat=p&typeid=i","cat":284621},{"id":148084,"n":"Mortadella bologna IGP L'Atelier Charcuterie - 100g","p":1.99,"u":"19,90 €/KG","img":"https://fd5-photos.leclercdrive.fr/image.ashx?id=2999652&use=l&cat=p&typeid=i","cat":316007},{"id":148086,"n":"Après-shampooing bio SoBio Etic Coco & Acide hyaluronique-200ml","p":5.02,"u":"25,10 €/L","img":"https://fd5-photos.leclercdrive.fr/image.ashx?id=2101999&use=l&cat=p&typeid=i","cat":284607},{"id":148088,"n":"Prosciutto alle erbe L'Atelier Charcuterie - 100g","p":2.75,"u":"27,50 €/KG","img":"https://fd5-photos.leclercdrive.fr/image.ashx?id=2999649&use=l&cat=p&typeid=i","cat":316007},{"id":148090,"n":"Prosciutto di Parma AOP 20 mois L'Atelier Charcuterie - 90g","p":4.6,"u":"51,11 €/KG","img":"https://fd5-photos.leclercdrive.fr/image.ashx?id=2068738&use=l&cat=p&typeid=i","cat":316007},{"id":148094,"n":"Speck alto adige IGP L'Atelier Charcuterie - 100g","p":2.99,"u":"29,90 €/KG","img":"https://fd5-photos.leclercdrive.fr/image.ashx?id=2999655&use=l&cat=p&typeid=i","cat":316007},{"id":148095,"n":"Coppa di parma IGP L'Atelier Charcuterie - 100g","p":3.45,"u":"34,50 €/KG","img":"https://fd5-photos.leclercdrive.fr/image.ashx?id=2068735&use=l&cat=p&typeid=i","cat":316007},{"id":148096,"n":"Jambon de Bayonne IGP  L'Atelier charcuterie - 100g","p":3.33,"u":"33,30 €/KG","img":"https://fd5-photos.leclercdrive.fr/image.ashx?id=2913787&use=l&cat=p&typeid=i","cat":316007},{"id":148103,"n":"Soin hydratant bio So Bio Etic Hydra Aloe Vera - 50ml","p":8.57,"u":"171,40 €/L","img":"https://fd5-photos.leclercdrive.fr/image.ashx?id=2640572&use=l&cat=p&typeid=i","cat":325345},{"id":148105,"n":"Viande des grisons IGP L'Atelier Charcuterie - 80g","p":5.49,"u":"68,63 €/KG","img":"https://fd5-photos.leclercdrive.fr/image.ashx?id=2856648&use=l&cat=p&typeid=i","cat":316007},{"id":148107,"n":"Pavé au poivre Label Rouge L'Atelier Charcuterie - 100g","p":1.99,"u":"22,11 €/KG","img":"https://fd5-photos.leclercdrive.fr/image.ashx?id=2856651&use=l&cat=p&typeid=i","cat":316007},{"id":148112,"n":"Démaquillant yeux waterproof Le petit olivier - 125ml","p":4.08,"u":"32,64 €/L","img":"https://fd5-photos.leclercdrive.fr/image.ashx?id=2865848&use=l&cat=p&typeid=i","cat":284603},{"id":148117,"n":"Rosette tranchée Label Rouge L'Atelier Charcuterie - 100g","p":1.79,"u":"17,90 €/KG","img":"https://fd5-photos.leclercdrive.fr/image.ashx?id=2856654&use=l&cat=p&typeid=i","cat":316007},{"id":148120,"n":"Jambon serrano IGP L'Atelier Charcuterie - 120g","p":4.0,"u":"33,33 €/KG","img":"https://fd5-photos.leclercdrive.fr/image.ashx?id=2867931&use=l&cat=p&typeid=i","cat":316007},{"id":148121,"n":"Assiette charcuterie Italienne L'Atelier Charcuterie - 180G","p":5.29,"img":"https://fd5-photos.leclercdrive.fr/image.ashx?id=2856663&use=l&cat=p&typeid=i","cat":316007},{"id":148124,"n":"Datte ravier Favorite Deglet nour - 500g","p":2.27,"u":"4,54 €/KG","img":"https://fd5-photos.leclercdrive.fr/image.ashx?id=2730610&use=l&cat=p&typeid=i","cat":284357},{"id":148240,"n":"Café dosettes Tassimo L'Or Café Long Doux x16","p":5.41,"u":"60,79 €/KG","img":"https://fd5-photos.leclercdrive.fr/image.ashx?id=2100386&use=l&cat=p&typeid=i","cat":293240},{"id":148250,"n":"Ratatouille  Notre Jardin Provencale - 530g","p":2.76,"u":"5,21 €/KG","img":"https://fd5-photos.leclercdrive.fr/image.ashx?id=2526312&use=l&cat=p&typeid=i","cat":312612},{"id":148252,"n":"Pâté en croûte Richelieu 2x90g","p":2.93,"u":"16,28 €/KG","img":"https://fd5-photos.leclercdrive.fr/image.ashx?id=2164981&use=l&cat=p&typeid=i","cat":316008},{"id":148291,"n":"Bière Aromatisée Grimbergen Rouge 5,5° - 6x25cl","p":5.01,"u":"3,34 €/L","img":"https://fd5-photos.leclercdrive.fr/image.ashx?id=2873327&use=l&cat=p&typeid=i","cat":334878},{"id":148339,"n":"Embouts jetables Prorhinel Souples - x10","p":5.79,"img":"https://fd5-photos.leclercdrive.fr/image.ashx?id=2148182&use=l&cat=p&typeid=i","cat":284630},{"id":148341,"n":"Spray hygiène du nez Prorhinel à l'aloe vera - enfant - 100ml","p":5.79,"u":"57,90 €/L","img":"https://fd5-photos.leclercdrive.fr/image.ashx?id=2917858&use=l&cat=p&typeid=i","cat":284630},{"id":148384,"n":"Donut nappé chocolat 180g","p":1.39,"u":"7,72 €/KG","img":"https://fd5-photos.leclercdrive.fr/image.ashx?id=2590707&use=l&cat=p&typeid=i","cat":284495},{"id":148392,"n":"Filets de merlan L'Atelier Poissonnerie - 250g","p":5.45,"u":"21,80 €/KG","img":"https://fd5-photos.leclercdrive.fr/image.ashx?id=2868696&use=l&cat=p&typeid=i","cat":284342},{"id":148406,"n":"Gel intime Intimy Classic - 150ml","p":6.43,"u":"42,87 €/L","img":"https://fd5-photos.leclercdrive.fr/image.ashx?id=2537980&use=l&cat=p&typeid=i","cat":285160},{"id":148484,"n":"Lames Hydro 5 Wilkinson Skin protect - x4","p":12.72,"u":"3,18 €/P","img":"https://fd5-photos.leclercdrive.fr/image.ashx?id=2924644&use=l&cat=p&typeid=i","cat":284616},{"id":148497,"n":"Bouteille filtrante Brita Blanc/Graphite 1 Microdisc","p":21.9,"img":"https://fd5-photos.leclercdrive.fr/image.ashx?id=2878267&use=l&cat=p&typeid=i","cat":334135},{"id":148498,"n":"Pack de 3 microdiscs Brita Filtrants - 1 pièce","p":13.15,"img":"https://fd5-photos.leclercdrive.fr/image.ashx?id=2878264&use=l&cat=p&typeid=i","cat":334135},{"id":148503,"n":"Parmigiano Reggiano AOP Pétales - 130g","p":4.9,"u":"37,69 €/KG","img":"https://fd5-photos.leclercdrive.fr/image.ashx?id=2353290&use=l&cat=p&typeid=i","cat":314035},{"id":148509,"n":"Café Liégeois Vanille Saporit x2 - 180g","p":4.21,"u":"23,39 €/KG","img":"https://fd5-photos.leclercdrive.fr/image.ashx?id=2296670&use=l&cat=p&typeid=i","cat":284266},{"id":148513,"n":"Glace coppa Saporit Chocolat Liegois x2 - 180g","p":4.3,"u":"23,89 €/KG","img":"https://fd5-photos.leclercdrive.fr/image.ashx?id=2296658&use=l&cat=p&typeid=i","cat":284263},{"id":148534,"n":"Crème colorante Eugène Color et Eclat n°4 châtain acajou - x1","p":4.55,"img":"https://fd5-photos.leclercdrive.fr/image.ashx?id=2476452&use=l&cat=p&typeid=i","cat":288899},{"id":148743,"n":"Galette moelleuse Saint Michel Chocolat au lait - 180g","p":1.6,"u":"8,89 €/KG","img":"https://fd5-photos.leclercdrive.fr/image.ashx?id=2936248&use=l&cat=p&typeid=i","cat":284495},{"id":148744,"n":"Galette moelleuse Saint Michel Chocolat blanc - 180g","p":1.99,"u":"11,06 €/KG","img":"https://fd5-photos.leclercdrive.fr/image.ashx?id=2949976&use=l&cat=p&typeid=i","cat":284487},{"id":148747,"n":"Shampooing Carré Homme Fortifiant - 250ml","p":1.76,"u":"7,04 €/L","img":"https://fd5-photos.leclercdrive.fr/image.ashx?id=2059050&use=l&cat=p&typeid=i","cat":284621},{"id":148748,"n":"Démaquillant yeux Bionaïa Biphase Water bio - 150ml","p":2.6,"u":"17,33 €/L","img":"https://fd5-photos.leclercdrive.fr/image.ashx?id=2474963&use=l&cat=p&typeid=i","cat":284603},{"id":148749,"n":"Coloration Eugène Color & Eclat n°78 Marron Praliné - 1 pièce","p":4.55,"img":"https://fd5-photos.leclercdrive.fr/image.ashx?id=2476449&use=l&cat=p&typeid=i","cat":288899},{"id":148762,"n":"Bonbon Confiseo Sève de pin - 250g","p":1.99,"u":"7,96 €/KG","img":"https://fd5-photos.leclercdrive.fr/image.ashx?id=2934757&use=l&cat=p&typeid=i","cat":304252},{"id":148770,"n":"Préservatifs Intimy Classic lubrifiés - x7","p":2.28,"u":"0,33 €/P","img":"https://fd5-photos.leclercdrive.fr/image.ashx?id=2537962&use=l&cat=p&typeid=i","cat":284631},{"id":148771,"n":"Préservatifs Intimy Fins lubrifiés - x28","p":9.39,"u":"0,34 €/P","img":"https://fd5-photos.leclercdrive.fr/image.ashx?id=2926332&use=l&cat=p&typeid=i","cat":284631},{"id":148772,"n":"Préservatifs Intimy Intense lubrifiés - x14","p":5.7,"u":"0,41 €/P","img":"https://fd5-photos.leclercdrive.fr/image.ashx?id=2926335&use=l&cat=p&typeid=i","cat":284631},{"id":148774,"n":"Préservatifs Intimy Taille XL lubrifiés - x14","p":5.63,"u":"0,40 €/P","img":"https://fd5-photos.leclercdrive.fr/image.ashx?id=2926329&use=l&cat=p&typeid=i","cat":284631},{"id":148779,"n":"Pince à ongles Mercurochrome 1 pièce","p":5.97,"img":"https://fd5-photos.leclercdrive.fr/image.ashx?id=2788496&use=l&cat=p&typeid=i","cat":325354},{"id":148780,"n":"Râpe Mercurochrome Céramique - 1 pièce","p":4.42,"img":"https://fd5-photos.leclercdrive.fr/image.ashx?id=2665271&use=l&cat=p&typeid=i","cat":325354},{"id":148957,"n":"Pavé saumon Eco+ MSC - x2 - 250g","p":3.07,"u":"12,28 €/KG","img":"https://fd5-photos.leclercdrive.fr/image.ashx?id=2806847&use=l&cat=p&typeid=i","cat":319786},{"id":148966,"n":"Boisson coco Bio Bjorg Sans sucre ajouté - 1L","p":2.73,"u":"2,73 €/L","img":"https://fd5-photos.leclercdrive.fr/image.ashx?id=2972991&use=l&cat=p&typeid=i","cat":316067},{"id":148989,"n":"Cônes chocolat Eco+ Pistache - x8 - 520g","p":2.47,"u":"4,75 €/KG","img":"https://fd5-photos.leclercdrive.fr/image.ashx?id=2163859&use=l&cat=p&typeid=i","cat":284264},{"id":148998,"n":"Papier cuisson Elembal Feuilles - x30","p":0.99,"u":"0,03 €/P","img":"https://fd5-photos.leclercdrive.fr/image.ashx?id=2059971&use=l&cat=p&typeid=i","cat":334134},{"id":149036,"n":"Merguez véritables L'Atelier Boucherie x8 - 520g","p":8.79,"u":"16,90 €/KG","img":"https://fd5-photos.leclercdrive.fr/image.ashx?id=2294363&use=l&cat=p&typeid=i","cat":284334},{"id":149037,"n":"Saucisses de Toulouse L'Atelier Boucherie x6 - 750g","p":7.99,"u":"10,65 €/KG","img":"https://fd5-photos.leclercdrive.fr/image.ashx?id=2994405&use=l&cat=p&typeid=i","cat":284334},{"id":149039,"n":"Chipolatas  L'Atelier Boucherie  X8 - 520g","p":6.83,"u":"13,13 €/KG","img":"https://fd5-photos.leclercdrive.fr/image.ashx?id=2992666&use=l&cat=p&typeid=i","cat":284334},{"id":149041,"n":"Chipolatas aux herbes L'Atelier Boucherie x8 - 520g","p":6.85,"u":"13,17 €/KG","img":"https://fd5-photos.leclercdrive.fr/image.ashx?id=2831293&use=l&cat=p&typeid=i","cat":284334},{"id":149068,"n":"Dessert végétal soja Alpro Nature sans sucres - 500g","p":1.87,"u":"3,74 €/KG","img":"https://fd5-photos.leclercdrive.fr/image.ashx?id=2976077&use=l&cat=p&typeid=i","cat":316071},{"id":149084,"n":"Purée au fromage Florette Emmental - 2x200g","p":2.78,"u":"6,95 €/KG","img":"https://fd5-photos.leclercdrive.fr/image.ashx?id=2767702&use=l&cat=p&typeid=i","cat":333665},{"id":149326,"n":"Tissus microfibre multi usage x1","p":2.49,"img":"https://fd5-photos.leclercdrive.fr/image.ashx?id=2068348&use=l&cat=p&typeid=i","cat":298252},{"id":149327,"n":"Microfibres pour vitre x1","p":3.45,"img":"https://fd5-photos.leclercdrive.fr/image.ashx?id=2068351&use=l&cat=p&typeid=i","cat":298252},{"id":149330,"n":"Tampon de lustrage x1","p":2.95,"img":"https://fd5-photos.leclercdrive.fr/image.ashx?id=2068342&use=l&cat=p&typeid=i","cat":298252},{"id":149340,"n":"Microfibre de lustrage x1","p":3.95,"img":"https://fd5-photos.leclercdrive.fr/image.ashx?id=2068387&use=l&cat=p&typeid=i","cat":298252},{"id":149341,"n":"Coton de lustrage 200g","p":2.5,"img":"https://fd5-photos.leclercdrive.fr/image.ashx?id=2068345&use=l&cat=p&typeid=i","cat":298252},{"id":149344,"n":"Microfibre de séchage x1","p":4.59,"img":"https://fd5-photos.leclercdrive.fr/image.ashx?id=2068384&use=l&cat=p&typeid=i","cat":298252},{"id":149380,"n":"Sauce tomates et olives Mutti - 400g","p":2.56,"u":"6,40 €/KG","img":"https://fd5-photos.leclercdrive.fr/image.ashx?id=2855436&use=l&cat=p&typeid=i","cat":288384},{"id":149388,"n":"Shampooing sec Batiste Nude aérosol - 200ml","p":3.42,"u":"17,10 €/L","img":"https://fd5-photos.leclercdrive.fr/image.ashx?id=2558334&use=l&cat=p&typeid=i","cat":289143},{"id":149390,"n":"Croc'Odor Frigo XL  140g","p":2.93,"u":"20,93 €/KG","img":"https://fd5-photos.leclercdrive.fr/image.ashx?id=2952646&use=l&cat=p&typeid=i","cat":311628},{"id":149396,"n":"Lave glace TECH9 Démoustiquant - 5L","p":3.89,"u":"0,78 €/L","img":"https://fd5-photos.leclercdrive.fr/image.ashx?id=2162699&use=l&cat=p&typeid=i","cat":298252},{"id":149428,"n":"Boisson à base de vin rosé  Pamplemousse - 7.5% vol - 75cl","p":2.39,"u":"3,19 €/L","img":"https://fd5-photos.leclercdrive.fr/image.ashx?id=2958525&use=l&cat=p&typeid=i","cat":304569},{"id":149465,"n":"Brosse à Dents Signal Soin Gencives Souple x4","p":2.62,"u":"0,66 €/P","img":"https://fd5-photos.leclercdrive.fr/image.ashx?id=2964234&use=l&cat=p&typeid=i","cat":284614},{"id":149782,"n":"Soin léger nuit So Bio Etic Anti-âge bio - 50ml","p":7.38,"u":"147,60 €/L","img":"https://fd5-photos.leclercdrive.fr/image.ashx?id=2792699&use=l&cat=p&typeid=i","cat":325345},{"id":149805,"n":"Crème Pieds Anti-Crevasses Talons 24h - Lot de 2 x 60 ml","p":6.42,"u":"53,50 €/L","img":"https://fd5-photos.leclercdrive.fr/image.ashx?id=2061807&use=l&cat=p&typeid=i","cat":325354},{"id":149817,"n":"Rouleau Râpe Velvet Smooth Ultra Exfoliant Pieds - x2","p":15.25,"u":"7,63 €/P","img":"https://fd5-photos.leclercdrive.fr/image.ashx?id=2628404&use=l&cat=p&typeid=i","cat":325354},{"id":149819,"n":"Sérum Visage Correcteur Nivea Anti-taches Luminous - 30ml","p":15.76,"u":"525,33 €/L","img":"https://fd5-photos.leclercdrive.fr/image.ashx?id=2639720&use=l&cat=p&typeid=i","cat":325345},{"id":149853,"n":"Miettes généreuses de thon huile d'olive Le Savoureux 160g","p":3.19,"u":"19,94 €/KG","img":"https://fd5-photos.leclercdrive.fr/image.ashx?id=2167985&use=l&cat=p&typeid=i","cat":303867},{"id":149854,"n":"Dentifrice Elmex enfant 0-6ans Anti-caries - 75ml","p":4.55,"u":"60,67 €/L","img":"https://fd5-photos.leclercdrive.fr/image.ashx?id=2745289&use=l&cat=p&typeid=i","cat":288898},{"id":149864,"n":"Piment Oiseau 100g","p":4.29,"u":"42,90 €/KG","img":"https://fd5-photos.leclercdrive.fr/image.ashx?id=2063164&use=l&cat=p&typeid=i","cat":284352},{"id":149874,"n":"Chiffon chamoisine x1","p":2.55,"img":"https://fd5-photos.leclercdrive.fr/image.ashx?id=2068339&use=l&cat=p&typeid=i","cat":298252},{"id":149879,"n":"Raclette anti-buée Avec manche télescopique x1","p":5.75,"img":"https://fd5-photos.leclercdrive.fr/image.ashx?id=2068360&use=l&cat=p&typeid=i","cat":298252},{"id":149885,"n":"Peau chamoise 19dm2 - 40x48cm","p":8.45,"img":"https://fd5-photos.leclercdrive.fr/image.ashx?id=2068414&use=l&cat=p&typeid=i","cat":298252},{"id":149893,"n":"Yaourt à boire Yop Ananas Pêche céréales -  825g","p":2.17,"u":"2,63 €/P","img":"https://fd5-photos.leclercdrive.fr/image.ashx?id=2317660&use=l&cat=p&typeid=i","cat":284415},{"id":149910,"n":"Bière blonde IPA Brooklyn Defender 5,5° - 4x33cl","p":9.2,"u":"6,97 €/L","img":"https://fd5-photos.leclercdrive.fr/image.ashx?id=2899536&use=l&cat=p&typeid=i","cat":334872},{"id":149917,"n":"Truite fumée Ovive au Bois de hêtre x6 - 180g","p":7.18,"u":"39,89 €/KG","img":"https://fd5-photos.leclercdrive.fr/image.ashx?id=2742117&use=l&cat=p&typeid=i","cat":285188},{"id":149920,"n":"Mini gougères Tipiak Coeur fondant - x10 - 110g","p":2.54,"u":"23,09 €/KG","img":"https://fd5-photos.leclercdrive.fr/image.ashx?id=2672185&use=l&cat=p&typeid=i","cat":319774},{"id":149922,"n":"Foie gras d'Oie du Périgord L'Origine du Goût Entier - 125g","p":17.95,"u":"143,60 €/KG","img":"https://fd5-photos.leclercdrive.fr/image.ashx?id=2791434&use=l&cat=p&typeid=i","cat":316008},{"id":149935,"n":"Sérum Effaclar La Roche Posay Visage - 30ml","p":25.9,"u":"863,33 €/L","img":"https://fd5-photos.leclercdrive.fr/image.ashx?id=2128884&use=l&cat=p&typeid=i","cat":291166},{"id":149958,"n":"Brosse à Dents Signal Soin Classique Souple x1","p":1.66,"img":"https://fd5-photos.leclercdrive.fr/image.ashx?id=2950894&use=l&cat=p&typeid=i","cat":284614},{"id":149962,"n":"Bâtonnets Bocoton Bio Sécurité - x60","p":1.75,"u":"0,03 €/P","img":"https://fd5-photos.leclercdrive.fr/image.ashx?id=2063542&use=l&cat=p&typeid=i","cat":284739},{"id":149988,"n":"Lingettes intimes Bocoton Bio x20","p":1.6,"u":"0,08 €/P","img":"https://fd5-photos.leclercdrive.fr/image.ashx?id=2063545&use=l&cat=p&typeid=i","cat":284627},{"id":149998,"n":"Brûleur de graisse Forte Pharma Xtraslim700 45+ - 120 gélules","p":38.99,"u":"639,18 €/KG","img":"https://fd5-photos.leclercdrive.fr/image.ashx?id=2067185&use=l&cat=p&typeid=i","cat":301267},{"id":150008,"n":"Soin Sécheresse Hyralin 400ml","p":11.49,"u":"28,73 €/L","img":"https://fd5-photos.leclercdrive.fr/image.ashx?id=2905432&use=l&cat=p&typeid=i","cat":301348},{"id":150014,"n":"Soin intime Hydralin Gyn Irritation - 400ml","p":10.79,"u":"26,98 €/L","img":"https://fd5-photos.leclercdrive.fr/image.ashx?id=2929900&use=l&cat=p&typeid=i","cat":301348},{"id":150015,"n":"Gel lubrifiant Hydralin 50ml","p":10.75,"u":"215,00 €/L","img":"https://fd5-photos.leclercdrive.fr/image.ashx?id=2959085&use=l&cat=p&typeid=i","cat":328622},{"id":150042,"n":"Happy boulettes Charal x18 - 270g","p":5.33,"u":"19,74 €/KG","img":"https://fd5-photos.leclercdrive.fr/image.ashx?id=2064534&use=l&cat=p&typeid=i","cat":284332},{"id":150053,"n":"Gnocchi à poeler Bio Village Bio - 300g","p":1.84,"u":"6,13 €/KG","img":"https://fd5-photos.leclercdrive.fr/image.ashx?id=2607969&use=l&cat=p&typeid=i","cat":333682},{"id":150064,"n":"Gel intime Corinne de Farme Sensitive bio - 250ml","p":3.58,"u":"14,32 €/L","img":"https://fd5-photos.leclercdrive.fr/image.ashx?id=2296595&use=l&cat=p&typeid=i","cat":284627},{"id":150127,"n":"Brûleur de graisse Forte Pharma  Xtraslim700 - 120 gélules","p":38.99,"u":"0,32 €/P","img":"https://fd5-photos.leclercdrive.fr/image.ashx?id=2066848&use=l&cat=p&typeid=i","cat":301267},{"id":150229,"n":"Céleri Pierre Martinet rémoulade moutarde - 300g","p":1.81,"u":"6,03 €/KG","img":"https://fd5-photos.leclercdrive.fr/image.ashx?id=2733082&use=l&cat=p&typeid=i","cat":333657},{"id":150238,"n":"Escalope Cordon Bleu Père Dodu  Double Cheese x2 - 200g","p":3.26,"u":"16,30 €/KG","img":"https://fd5-photos.leclercdrive.fr/image.ashx?id=2957185&use=l&cat=p&typeid=i","cat":333683},{"id":150239,"n":"Filet de harengs fumés  Delpierre -25% sel - 170g","p":2.74,"u":"16,12 €/KG","img":"https://fd5-photos.leclercdrive.fr/image.ashx?id=2959013&use=l&cat=p&typeid=i","cat":285188},{"id":150247,"n":"Végétal Emincés Garden Gourmet Nature Soja 160g","p":2.82,"u":"17,63 €/KG","img":"https://fd5-photos.leclercdrive.fr/image.ashx?id=2971395&use=l&cat=p&typeid=i","cat":316036},{"id":150253,"n":"Poulet tandoori Fleury Michon Semoule petit legume - 280g","p":4.08,"u":"14,57 €/KG","img":"https://fd5-photos.leclercdrive.fr/image.ashx?id=2680692&use=l&cat=p&typeid=i","cat":333665},{"id":150255,"n":"Torti au surimi Pierre Martinet - 300g","p":2.2,"u":"7,33 €/KG","img":"https://fd5-photos.leclercdrive.fr/image.ashx?id=2613441&use=l&cat=p&typeid=i","cat":333657},{"id":150307,"n":"Liquide refroidissement TECH9 -25°C - 5L","p":9.99,"u":"2,00 €/L","img":"https://fd5-photos.leclercdrive.fr/image.ashx?id=2162711&use=l&cat=p&typeid=i","cat":298253},{"id":150352,"n":"Sachets glacons Alfapac Easy release -x15","p":1.26,"u":"0,08 €/P","img":"https://fd5-photos.leclercdrive.fr/image.ashx?id=2655409&use=l&cat=p&typeid=i","cat":334134},{"id":150444,"n":"Douceur nature Bio Vrai Au lait de brebis - 2x125g","p":1.72,"u":"6,88 €/KG","img":"https://fd5-photos.leclercdrive.fr/image.ashx?id=2786450&use=l&cat=p&typeid=i","cat":314998},{"id":150485,"n":"Chocolat Pâtissier Lindt Noir - 70% cacao - 200g","p":2.93,"u":"14,65 €/KG","img":"https://fd5-photos.leclercdrive.fr/image.ashx?id=2730223&use=l&cat=p&typeid=i","cat":285562},{"id":150486,"n":"Chocolat Pâtissier Lindt Noir - 51% cacao - 200g","p":2.97,"u":"14,85 €/KG","img":"https://fd5-photos.leclercdrive.fr/image.ashx?id=2088726&use=l&cat=p&typeid=i","cat":285562},{"id":150488,"n":"Tartine pain campagne Pasquier - 180g","p":2.13,"u":"11,83 €/KG","img":"https://fd5-photos.leclercdrive.fr/image.ashx?id=2967028&use=l&cat=p&typeid=i","cat":285543},{"id":150577,"n":"Biscottes Schar Sans gluten - 260g","p":4.31,"u":"16,58 €/KG","img":"https://fd5-photos.leclercdrive.fr/image.ashx?id=2439968&use=l&cat=p&typeid=i","cat":284479},{"id":150580,"n":"Bon choc Schar Sans gluten - 220g","p":3.78,"u":"17,18 €/KG","img":"https://fd5-photos.leclercdrive.fr/image.ashx?id=2337067&use=l&cat=p&typeid=i","cat":318654},{"id":150581,"n":"Choco chip cookies  Schar Sans gluten - 200g","p":3.23,"u":"16,15 €/KG","img":"https://fd5-photos.leclercdrive.fr/image.ashx?id=2439959&use=l&cat=p&typeid=i","cat":318654},{"id":150582,"n":"Ciocko sticks Schar Sans gluten - 150g","p":3.54,"u":"23,60 €/KG","img":"https://fd5-photos.leclercdrive.fr/image.ashx?id=2457575&use=l&cat=p&typeid=i","cat":284498},{"id":150587,"n":"Gnocchi Schar Sans gluten - 300g","p":3.06,"u":"10,20 €/KG","img":"https://fd5-photos.leclercdrive.fr/image.ashx?id=2266281&use=l&cat=p&typeid=i","cat":318654},{"id":150588,"n":"Goûter crème cacao Schar Sans gluten - 250g","p":3.32,"u":"13,28 €/KG","img":"https://fd5-photos.leclercdrive.fr/image.ashx?id=2439944&use=l&cat=p&typeid=i","cat":284488},{"id":150595,"n":"Pain ciabatta Rustica Schar Sans gluten - 200g","p":2.87,"u":"14,35 €/KG","img":"https://fd5-photos.leclercdrive.fr/image.ashx?id=2267981&use=l&cat=p&typeid=i","cat":284985},{"id":150600,"n":"Petit beurre chocolat Schar Sans gluten - 130g","p":4.74,"u":"36,46 €/KG","img":"https://fd5-photos.leclercdrive.fr/image.ashx?id=2137039&use=l&cat=p&typeid=i","cat":284487},{"id":150602,"n":"Snack Schar Sans gluten - 105g","p":2.93,"u":"27,90 €/KG","img":"https://fd5-photos.leclercdrive.fr/image.ashx?id=2439956&use=l&cat=p&typeid=i","cat":318654},{"id":150605,"n":"Tendres chocolat Schar Sans gluten - 150g","p":2.71,"u":"18,07 €/KG","img":"https://fd5-photos.leclercdrive.fr/image.ashx?id=2561452&use=l&cat=p&typeid=i","cat":284488},{"id":150606,"n":"Waffers alla vaniglia Schar Sans gluten - 125g","p":2.4,"u":"19,20 €/KG","img":"https://fd5-photos.leclercdrive.fr/image.ashx?id=2267975&use=l&cat=p&typeid=i","cat":318654},{"id":150619,"n":"Vin blanc Fior di mare Corse - IGP Ile de beauté 75 cl","p":6.29,"u":"8,39 €/L","img":"https://fd5-photos.leclercdrive.fr/image.ashx?id=2068154&use=l&cat=p&typeid=i","cat":289557},{"id":150622,"n":"IGP Ile de beauté rouge Fior di mare Corse - 75 cl","p":6.29,"u":"8,39 €/L","img":"https://fd5-photos.leclercdrive.fr/image.ashx?id=2068148&use=l&cat=p&typeid=i","cat":289556},{"id":150625,"n":"Vin rosé Fior di mare Corse - IGP Ile de beauté 75 cl","p":6.43,"u":"8,57 €/L","img":"https://fd5-photos.leclercdrive.fr/image.ashx?id=2068151&use=l&cat=p&typeid=i","cat":289558},{"id":150634,"n":"Bière Ribella Mistica Brune châtaigne 7%vol - 33cl","p":4.28,"u":"12,97 €/L","img":"https://fd5-photos.leclercdrive.fr/image.ashx?id=2068169&use=l&cat=p&typeid=i","cat":334852},{"id":150642,"n":"Bière Ribella Immurtale Blonde Immortelle 4,%vol - 33cl","p":3.76,"u":"11,39 €/L","img":"https://fd5-photos.leclercdrive.fr/image.ashx?id=2068160&use=l&cat=p&typeid=i","cat":334872},{"id":150704,"n":"Whisky Bowmore 9 ans 70cl","p":26.6,"u":"38,00 €/L","img":"https://fd5-photos.leclercdrive.fr/image.ashx?id=2068618&use=l&cat=p&typeid=i","cat":284547},{"id":150763,"n":"Imperméabilisant protecteur Cuir Daim Nubuck 250ml","p":2.68,"u":"10,72 €/L","img":"https://fd5-photos.leclercdrive.fr/image.ashx?id=2835208&use=l&cat=p&typeid=i","cat":285201},{"id":150764,"n":"Désinfectant chaussures 100ml","p":2.11,"u":"21,10 €/L","img":"https://fd5-photos.leclercdrive.fr/image.ashx?id=2460667&use=l&cat=p&typeid=i","cat":285201},{"id":150771,"n":"Oignon Jaune Tube 500g","p":2.89,"u":"5,78 €/KG","img":"https://fd5-photos.leclercdrive.fr/image.ashx?id=2068459&use=l&cat=p&typeid=i","cat":284352},{"id":150788,"n":"HERTA Tendre Croc Jambon Fromage sans nitrite 200g x2","p":1.59,"u":"7,95 €/KG","img":"https://fd5-photos.leclercdrive.fr/image.ashx?id=2752885&use=l&cat=p&typeid=i","cat":333671},{"id":150789,"n":"Détartrant multi-usages Melitta 375ml","p":3.98,"u":"10,61 €/L","img":"https://fd5-photos.leclercdrive.fr/image.ashx?id=2871070&use=l&cat=p&typeid=i","cat":325362},{"id":150793,"n":"HERTA Tendre Croc Jambon Fromage sans nitrite 400g x4","p":3.09,"u":"7,73 €/KG","img":"https://fd5-photos.leclercdrive.fr/image.ashx?id=2070144&use=l&cat=p&typeid=i","cat":333671},{"id":150797,"n":"Cire dépilatoire Roll On Nair au sucre lait et miel - 100ml","p":5.53,"u":"55,30 €/L","img":"https://fd5-photos.leclercdrive.fr/image.ashx?id=2903242&use=l&cat=p&typeid=i","cat":325351},{"id":150798,"n":"HERTA Tendre Croc Comté Jambon sans nitrite 200g x2","p":1.99,"u":"9,95 €/KG","img":"https://fd5-photos.leclercdrive.fr/image.ashx?id=2070147&use=l&cat=p&typeid=i","cat":333671},{"id":150799,"n":"HERTA Tendre Croc Jambon Fromg ss croûte ss nitrite 200g","p":2.02,"u":"10,10 €/KG","img":"https://fd5-photos.leclercdrive.fr/image.ashx?id=2070153&use=l&cat=p&typeid=i","cat":333671},{"id":150804,"n":"Shampoing hydratant Fructis Hair food Aloe Vera - 350ml","p":4.06,"u":"11,60 €/L","img":"https://fd5-photos.leclercdrive.fr/image.ashx?id=2830594&use=l&cat=p&typeid=i","cat":284606},{"id":150848,"n":"Churros de pomme de terre 420g - Maison Tino","p":4.41,"u":"10,50 €/KG","img":"https://fd5-photos.leclercdrive.fr/image.ashx?id=2144566&use=l&cat=p&typeid=i","cat":333666},{"id":151103,"n":"Vin France Cabernet Sauvignon Rosé - Cambras - Merlot - 75cl","p":2.24,"u":"2,99 €/L","img":"https://fd5-photos.leclercdrive.fr/image.ashx?id=2941026&use=l&cat=p&typeid=i","cat":289558},{"id":151111,"n":"Crème glacée Haagen-Dazs Caramel beurre salée - 560g","p":5.12,"u":"9,14 €/KG","img":"https://fd5-photos.leclercdrive.fr/image.ashx?id=2893420&use=l&cat=p&typeid=i","cat":284725},{"id":151112,"n":"Prosciutto alle erbe Tradizioni d'Italia - 120g","p":2.46,"u":"20,50 €/KG","img":"https://fd5-photos.leclercdrive.fr/image.ashx?id=2925234&use=l&cat=p&typeid=i","cat":316007},{"id":151129,"n":"Yaourt brassé chèvre Délisse Myrtille - 4x125g","p":2.29,"u":"4,58 €/KG","img":"https://fd5-photos.leclercdrive.fr/image.ashx?id=2809090&use=l&cat=p&typeid=i","cat":314998},{"id":151130,"n":"Yaourt à boire Actimel Fraise - 6x100g","p":3.39,"u":"5,65 €/KG","img":"https://fd5-photos.leclercdrive.fr/image.ashx?id=2996482&use=l&cat=p&typeid=i","cat":284415},{"id":151132,"n":"Pistaches vertes émondées Daco Bello 100g","p":5.79,"u":"57,90 €/KG","img":"https://fd5-photos.leclercdrive.fr/image.ashx?id=2298535&use=l&cat=p&typeid=i","cat":316002},{"id":151160,"n":"Crème gourmande Mamie Nova Chocolat banane - 2x150g","p":1.44,"u":"4,80 €/KG","img":"https://fd5-photos.leclercdrive.fr/image.ashx?id=2909041&use=l&cat=p&typeid=i","cat":285041},{"id":151164,"n":"Paris Brest Mamie Nova 2x90g","p":2.38,"u":"13,22 €/KG","img":"https://fd5-photos.leclercdrive.fr/image.ashx?id=2921789&use=l&cat=p&typeid=i","cat":284419},{"id":151165,"n":"Moka Bonne Maman 2x100g","p":2.27,"u":"11,35 €/KG","img":"https://fd5-photos.leclercdrive.fr/image.ashx?id=2911879&use=l&cat=p&typeid=i","cat":284419},{"id":151168,"n":"Mousse au chocolat Bonne Maman 4x50g","p":2.22,"u":"11,10 €/KG","img":"https://fd5-photos.leclercdrive.fr/image.ashx?id=2912323&use=l&cat=p&typeid=i","cat":284417},{"id":151169,"n":"Liégeois lait d'amande chocolat Andros - 4x90g","p":3.13,"u":"8,69 €/KG","img":"https://fd5-photos.leclercdrive.fr/image.ashx?id=2871985&use=l&cat=p&typeid=i","cat":316071},{"id":151170,"n":"Riz au lait Andros Coco vanille - 4x100g","p":3.37,"u":"8,43 €/KG","img":"https://fd5-photos.leclercdrive.fr/image.ashx?id=2872024&use=l&cat=p&typeid=i","cat":316071},{"id":151235,"n":"HERTA Blanc de poulet nature sans nitrite - 140g 4T","p":1.96,"u":"14,00 €/KG","img":"https://fd5-photos.leclercdrive.fr/image.ashx?id=2731348&use=l&cat=p&typeid=i","cat":316010},{"id":151275,"n":"Blanc de poulet  broche Herta Sans nitrite 4 tranches - 140g","p":2.33,"u":"16,64 €/KG","img":"https://fd5-photos.leclercdrive.fr/image.ashx?id=2731351&use=l&cat=p&typeid=i","cat":316010},{"id":151290,"n":"Herta Blanc de poulet -25% de sel sans nitrite 140g 4T","p":2.39,"u":"17,07 €/KG","img":"https://fd5-photos.leclercdrive.fr/image.ashx?id=2307733&use=l&cat=p&typeid=i","cat":316010},{"id":151376,"n":"Poulet fermier Auvergne NRT Label Rouge - 1.45kg","p":11.5,"u":"7,93 €/KG","img":"https://fd5-photos.leclercdrive.fr/image.ashx?id=2699828&use=l&cat=p&typeid=i","cat":284336},{"id":151397,"n":"AOP Coteaux Varois Rosé Domaine la Colombe - 75cl","p":6.8,"u":"9,07 €/L","img":"https://fd5-photos.leclercdrive.fr/image.ashx?id=2888699&use=l&cat=p&typeid=i","cat":289558},{"id":151458,"n":"Lait Bio Sans Lactose Candia  Bouteille 1% MG - 6x1L","p":10.74,"u":"1,79 €/L","img":"https://fd5-photos.leclercdrive.fr/image.ashx?id=2543151&use=l&cat=p&typeid=i","cat":317169},{"id":151460,"n":"Desserts Lactés P'TIT ONCTUEUX BIO NAT Sucre Canne 6M+ - 4x90g","p":2.07,"u":"5,75 €/KG","img":"https://fd5-photos.leclercdrive.fr/image.ashx?id=2235821&use=l&cat=p&typeid=i","cat":312392},{"id":151464,"n":"Fromage blanc Calin Extra Nature - 8x100g","p":2.0,"u":"2,50 €/KG","img":"https://fd5-photos.leclercdrive.fr/image.ashx?id=2973736&use=l&cat=p&typeid=i","cat":284409},{"id":151472,"n":"Fromage blanc Calin Extra Nature - 850g","p":2.11,"u":"2,48 €/KG","img":"https://fd5-photos.leclercdrive.fr/image.ashx?id=2973739&use=l&cat=p&typeid=i","cat":284409},{"id":151474,"n":"Fromage blanc Calin 0% Extra Naure - 8x100g","p":2.07,"u":"2,59 €/KG","img":"https://fd5-photos.leclercdrive.fr/image.ashx?id=2973733&use=l&cat=p&typeid=i","cat":284409},{"id":151486,"n":"Galette moelleuse Saint Michel Pépite de chocolat - 180g","p":1.97,"u":"10,94 €/KG","img":"https://fd5-photos.leclercdrive.fr/image.ashx?id=2936245&use=l&cat=p&typeid=i","cat":284495},{"id":151508,"n":"Colin MSC haché Yooji 6 mois - 120g","p":3.73,"u":"31,08 €/KG","img":"https://fd5-photos.leclercdrive.fr/image.ashx?id=2529072&use=l&cat=p&typeid=i","cat":290631},{"id":151523,"n":"Beurre de baratte Isigny  Demi-sel - 80% MG - 250g","p":3.41,"u":"13,64 €/KG","img":"https://fd5-photos.leclercdrive.fr/image.ashx?id=2580946&use=l&cat=p&typeid=i","cat":284379},{"id":151602,"n":"Papier cuisson Albal Rouleau - 8m","p":2.17,"u":"0,27 €/MT","img":"https://fd5-photos.leclercdrive.fr/image.ashx?id=2551450&use=l&cat=p&typeid=i","cat":334134},{"id":151613,"n":"Eau minérale naturelle Evian  6L","p":3.65,"u":"0,61 €/L","img":"https://fd5-photos.leclercdrive.fr/image.ashx?id=2969025&use=l&cat=p&typeid=i","cat":284535},{"id":151677,"n":"Boisson gazeuse Kyo Kombucha Pêche baies de sureau - 50 cl","p":3.14,"u":"6,28 €/L","img":"https://fd5-photos.leclercdrive.fr/image.ashx?id=2865959&use=l&cat=p&typeid=i","cat":295019},{"id":151680,"n":"Macédoine de Légumes Bonduelle 3x130g","p":2.19,"u":"5,62 €/KG","img":"https://fd5-photos.leclercdrive.fr/image.ashx?id=2910022&use=l&cat=p&typeid=i","cat":312612},{"id":151682,"n":"Mon Jambon Blanc Madrange Dégraissé Découenné x4 - 160g","p":2.36,"u":"14,75 €/KG","img":"https://fd5-photos.leclercdrive.fr/image.ashx?id=2973598&use=l&cat=p&typeid=i","cat":316009},{"id":151716,"n":"Bûche Vanille Canistrelli 6/7 Parts 500g","p":12.27,"u":"24,54 €/KG","img":"https://fd5-photos.leclercdrive.fr/image.ashx?id=2092130&use=l&cat=p&typeid=i","cat":284266},{"id":151717,"n":"Bûche Stracciatella 6/7 parts 500g","p":10.74,"u":"21,48 €/KG","img":"https://fd5-photos.leclercdrive.fr/image.ashx?id=2766457&use=l&cat=p&typeid=i","cat":284266},{"id":151718,"n":"Bûche Tarte Au Citron Meringuée 6/7 parts 500g","p":10.28,"u":"20,56 €/KG","img":"https://fd5-photos.leclercdrive.fr/image.ashx?id=2092136&use=l&cat=p&typeid=i","cat":284266},{"id":151720,"n":"Bûche Praliné Nuciola 6/7 parts 500g","p":11.01,"u":"22,02 €/KG","img":"https://fd5-photos.leclercdrive.fr/image.ashx?id=2092133&use=l&cat=p&typeid=i","cat":284266},{"id":151721,"n":"Bûche Clémentine Costa Verde 6/7 parts -  500g","p":9.98,"u":"19,96 €/KG","img":"https://fd5-photos.leclercdrive.fr/image.ashx?id=2092139&use=l&cat=p&typeid=i","cat":284266},{"id":151724,"n":"Chipolatas Veau Corse 450g","p":7.9,"u":"17,56 €/KG","img":"https://fd5-photos.leclercdrive.fr/image.ashx?id=2076530&use=l&cat=p&typeid=i","cat":284334},{"id":151725,"n":"Saucisse De Toulouse 350g","p":3.33,"u":"9,51 €/KG","img":"https://fd5-photos.leclercdrive.fr/image.ashx?id=2088675&use=l&cat=p&typeid=i","cat":284334},{"id":151758,"n":"Mousse de foie Madrange 180g","p":1.53,"u":"8,50 €/KG","img":"https://fd5-photos.leclercdrive.fr/image.ashx?id=3008212&use=l&cat=p&typeid=i","cat":316008},{"id":151795,"n":"AOP Corbières rouge Hérésie - 75cl","p":6.97,"u":"9,29 €/L","img":"https://fd5-photos.leclercdrive.fr/image.ashx?id=2742138&use=l&cat=p&typeid=i","cat":289556},{"id":151853,"n":"Litière chats Cat's Best Original agglomérante - 7L","p":6.96,"u":"0,99 €/L","img":"https://fd5-photos.leclercdrive.fr/image.ashx?id=2310452&use=l&cat=p&typeid=i","cat":284683},{"id":151871,"n":"Pruneaux d'Agen Bio Village Bio IGP Dénoyautés - 250g","p":3.99,"u":"15,96 €/KG","img":"https://fd5-photos.leclercdrive.fr/image.ashx?id=2584035&use=l&cat=p&typeid=i","cat":284357},{"id":151936,"n":"Yaourt brassé Bio Les 2 Vaches Vanille - 4x115g","p":1.76,"u":"3,83 €/KG","img":"https://fd5-photos.leclercdrive.fr/image.ashx?id=2571542&use=l&cat=p&typeid=i","cat":284410},{"id":151940,"n":"Cuisse de poulet Auvergne NRT x2 Label Rouge - 500g","p":4.85,"u":"9,70 €/KG","img":"https://fd5-photos.leclercdrive.fr/image.ashx?id=2699840&use=l&cat=p&typeid=i","cat":284336},{"id":151943,"n":"Purée de Tomates italiennes Florelli au Basilic 680g","p":1.98,"u":"2,91 €/KG","img":"https://fd5-photos.leclercdrive.fr/image.ashx?id=2735893&use=l&cat=p&typeid=i","cat":288384},{"id":151957,"n":"Poudre fondante L'Oréal Paris Accord Parfait 5D Sable doré","p":11.07,"img":"https://fd5-photos.leclercdrive.fr/image.ashx?id=2278055&use=l&cat=p&typeid=i","cat":287029},{"id":151958,"n":"Poudre fondante L'Oréal Paris Accord Parfait 4N Beige","p":13.75,"img":"https://fd5-photos.leclercdrive.fr/image.ashx?id=2423445&use=l&cat=p&typeid=i","cat":287029},{"id":151959,"n":"Mascara Allongeant L'OréalParis Telescopic Carbone Noir","p":11.37,"img":"https://fd5-photos.leclercdrive.fr/image.ashx?id=2886178&use=l&cat=p&typeid=i","cat":287029},{"id":151961,"n":"Fond de Teint L'Oréal Paris Accord Parfait 3.5.N Pêche","p":10.94,"img":"https://fd5-photos.leclercdrive.fr/image.ashx?id=2108273&use=l&cat=p&typeid=i","cat":287029},{"id":151962,"n":"Fond de Teint L'Oréal Paris Accord Parfait 1.R Ivoire Rosé","p":13.62,"u":"454,00 €/L","img":"https://fd5-photos.leclercdrive.fr/image.ashx?id=2395550&use=l&cat=p&typeid=i","cat":287029},{"id":151964,"n":"BB Crème Teintée L'Oréal Paris Nuance 04 médium - 30ml","p":13.46,"u":"448,67 €/L","img":"https://fd5-photos.leclercdrive.fr/image.ashx?id=3014551&use=l&cat=p&typeid=i","cat":287029},{"id":151965,"n":"CC Crème L'Oréal Paris Anti-Rougeurs","p":13.46,"img":"https://fd5-photos.leclercdrive.fr/image.ashx?id=3014557&use=l&cat=p&typeid=i","cat":287029},{"id":151966,"n":"Eyeliner Feutre L'Oréal Paris  Waterproof 01 Noir intense","p":9.85,"pp":6.5,"img":"https://fd5-photos.leclercdrive.fr/image.ashx?id=2370380&use=l&cat=p&typeid=i","cat":287029},{"id":151971,"n":"Encre à lèvres mat Maybelline Superstay Matte Ink 20 Pioneer","p":10.56,"img":"https://fd5-photos.leclercdrive.fr/image.ashx?id=2423181&use=l&cat=p&typeid=i","cat":287029},{"id":151972,"n":"Correcteur anticerne Maybelline Instant Anti-Age 00 Ivoire","p":10.31,"img":"https://fd5-photos.leclercdrive.fr/image.ashx?id=2770545&use=l&cat=p&typeid=i","cat":287029},{"id":151983,"n":"Recharge liquide vaisselle & mains Briochin Ecocert 450ml","p":2.26,"u":"5,02 €/L","img":"https://fd5-photos.leclercdrive.fr/image.ashx?id=3000743&use=l&cat=p&typeid=i","cat":284655},{"id":151986,"n":"Gel Salle de bain & WC Glade Bois de Santal & Jasmin 180g","p":2.19,"img":"https://fd5-photos.leclercdrive.fr/image.ashx?id=2453613&use=l&cat=p&typeid=i","cat":311628},{"id":151996,"n":"Fromage enfant Kiri crème 24 portions à tartiner - 432g","p":4.94,"u":"0,21 €/P","img":"https://fd5-photos.leclercdrive.fr/image.ashx?id=2973568&use=l&cat=p&typeid=i","cat":314030},{"id":152001,"n":"Gnocchi à poêler Roll Lustucru  300g","p":1.57,"u":"5,23 €/KG","img":"https://fd5-photos.leclercdrive.fr/image.ashx?id=2792408&use=l&cat=p&typeid=i","cat":333682},{"id":152008,"n":"Croissants au jambon fromage L'Atelier Traiteur x2 - 260g","p":3.99,"u":"15,35 €/KG","img":"https://fd5-photos.leclercdrive.fr/image.ashx?id=2235004&use=l&cat=p&typeid=i","cat":333671},{"id":152022,"n":"Friands à la viande L'Atelier Traiteur x2 - 200g","p":2.99,"u":"14,95 €/KG","img":"https://fd5-photos.leclercdrive.fr/image.ashx?id=2130874&use=l&cat=p&typeid=i","cat":333671},{"id":152023,"n":"Renovateur blanc La Vachette avec applicateur - 75ml","p":2.16,"u":"28,80 €/L","img":"https://fd5-photos.leclercdrive.fr/image.ashx?id=2075287&use=l&cat=p&typeid=i","cat":285201},{"id":152024,"n":"Cirage liquide noir La Vachette avec applicateur - 75ml","p":2.09,"u":"27,87 €/L","img":"https://fd5-photos.leclercdrive.fr/image.ashx?id=2075275&use=l&cat=p&typeid=i","cat":285201},{"id":152025,"n":"Cirage liquide La Vachette Incolore avec applicateur -75ml","p":2.09,"u":"27,87 €/L","img":"https://fd5-photos.leclercdrive.fr/image.ashx?id=2075278&use=l&cat=p&typeid=i","cat":285201},{"id":152027,"n":"Cirage crème noir La Vachette Boîte métal - 75ml","p":2.87,"u":"38,27 €/L","img":"https://fd5-photos.leclercdrive.fr/image.ashx?id=2566842&use=l&cat=p&typeid=i","cat":285201},{"id":152028,"n":"Quiches Lorraines L'Atelier Traiteur x2 - 280g","p":3.99,"u":"7,13 €/KG","img":"https://fd5-photos.leclercdrive.fr/image.ashx?id=2636272&use=l&cat=p&typeid=i","cat":333680},{"id":152029,"n":"Cirage crème marron La Vachette Boîte métal - 75ml","p":2.87,"u":"38,27 €/L","img":"https://fd5-photos.leclercdrive.fr/image.ashx?id=2566845&use=l&cat=p&typeid=i","cat":285201},{"id":152030,"n":"Cirage liquide La Vachette Marron avec applicateur - 75ml","p":2.09,"u":"27,87 €/L","img":"https://fd5-photos.leclercdrive.fr/image.ashx?id=2075290&use=l&cat=p&typeid=i","cat":285201},{"id":152035,"n":"Coloration végétale bio BionaÏa Henné cuivré - 92g","p":7.55,"u":"82,07 €/KG","img":"https://fd5-photos.leclercdrive.fr/image.ashx?id=2075296&use=l&cat=p&typeid=i","cat":288899},{"id":152038,"n":"Crème glacée Otantic Bio Stracciatella - 500ml","p":7.76,"u":"15,52 €/L","img":"https://fd5-photos.leclercdrive.fr/image.ashx?id=2077145&use=l&cat=p&typeid=i","cat":284725},{"id":152040,"n":"Crème glacée Otantic Bio Vanille Amande 500ml","p":7.76,"u":"15,52 €/L","img":"https://fd5-photos.leclercdrive.fr/image.ashx?id=2077151&use=l&cat=p&typeid=i","cat":284725},{"id":152041,"n":"Déodorant bille bio BionaÏa Eau coco/Aloe Vera - 50ml","p":1.35,"u":"27,00 €/L","img":"https://fd5-photos.leclercdrive.fr/image.ashx?id=2496964&use=l&cat=p&typeid=i","cat":284595},{"id":152042,"n":"Déodorant bille bio BionaÏa A la rose/aloe vera - 50ml","p":1.35,"u":"27,00 €/L","img":"https://fd5-photos.leclercdrive.fr/image.ashx?id=2481240&use=l&cat=p&typeid=i","cat":284595},{"id":152043,"n":"Déodorant bio BionaÏa 100ml","p":1.8,"u":"18,00 €/L","img":"https://fd5-photos.leclercdrive.fr/image.ashx?id=2075272&use=l&cat=p&typeid=i","cat":284595},{"id":152045,"n":"Savon solide Manava Citron et basilic x2 - 200g","p":1.39,"u":"6,95 €/KG","img":"https://fd5-photos.leclercdrive.fr/image.ashx?id=2358345&use=l&cat=p&typeid=i","cat":284597},{"id":152051,"n":"Détachant avant lavage Texil 400ml","p":1.85,"u":"4,63 €/L","img":"https://fd5-photos.leclercdrive.fr/image.ashx?id=2988126&use=l&cat=p&typeid=i","cat":284651},{"id":152053,"n":"Adoucissant Hyperdou Pêche x30 - 750ml","p":1.58,"u":"2,11 €/L","img":"https://fd5-photos.leclercdrive.fr/image.ashx?id=2614518&use=l&cat=p&typeid=i","cat":284650},{"id":152054,"n":"Adoucissant Hyperdou Vanille x30 - 750ml","p":1.99,"u":"2,65 €/L","img":"https://fd5-photos.leclercdrive.fr/image.ashx?id=2614521&use=l&cat=p&typeid=i","cat":284650},{"id":152124,"n":"Bière aromatisée Despérados Original - 33cl","p":2.0,"u":"6,06 €/L","img":"https://fd5-photos.leclercdrive.fr/image.ashx?id=2742989&use=l&cat=p&typeid=i","cat":334878},{"id":152294,"n":"Avocat Corse 1p.","p":2.99,"img":"https://fd5-photos.leclercdrive.fr/image.ashx?id=2075680&use=l&cat=p&typeid=i","cat":284352},{"id":152301,"n":"Serviettes nuit XL Love&Green Hypoallergéniques - x9","p":3.1,"u":"0,34 €/P","img":"https://fd5-photos.leclercdrive.fr/image.ashx?id=2811383&use=l&cat=p&typeid=i","cat":284624},{"id":152302,"n":"Serviettes Love&Green Maxi Normal - x16","p":3.07,"u":"0,19 €/P","img":"https://fd5-photos.leclercdrive.fr/image.ashx?id=2811377&use=l&cat=p&typeid=i","cat":284624},{"id":152305,"n":"Serviettes Love&Green Maxi Super - x14","p":2.44,"u":"0,17 €/P","img":"https://fd5-photos.leclercdrive.fr/image.ashx?id=2811380&use=l&cat=p&typeid=i","cat":284624},{"id":152306,"n":"Serviettes Love&Green Maxi Nuit - x12","p":2.47,"img":"https://fd5-photos.leclercdrive.fr/image.ashx?id=2811374&use=l&cat=p&typeid=i","cat":284624},{"id":152307,"n":"Gel lavant intime Love & Green bio Apaisant - 200ml","p":4.07,"u":"20,35 €/L","img":"https://fd5-photos.leclercdrive.fr/image.ashx?id=2139574&use=l&cat=p&typeid=i","cat":284627},{"id":152333,"n":"Maxi flan 745g","p":5.04,"u":"6,77 €/KG","img":"https://fd5-photos.leclercdrive.fr/image.ashx?id=2580979&use=l&cat=p&typeid=i","cat":284360},{"id":152345,"n":"Crème nuit L'Oréal Paris Age perfect Golden Age - 50ml","p":11.97,"pp":7.9,"u":"158,00 €/L","img":"https://fd5-photos.leclercdrive.fr/image.ashx?id=2860358&use=l&cat=p&typeid=i","cat":325345},{"id":152349,"n":"Sérum nuit anti-âge L'Oréal Revitalift Rétinol Pur - 30ml","p":13.6,"u":"453,33 €/L","img":"https://fd5-photos.leclercdrive.fr/image.ashx?id=2867530&use=l&cat=p&typeid=i","cat":325345},{"id":152350,"n":"Desserts lactés P'tit Onctueux Bio Banane 6M+ 4x90g","p":2.1,"u":"5,83 €/KG","img":"https://fd5-photos.leclercdrive.fr/image.ashx?id=2234153&use=l&cat=p&typeid=i","cat":312392},{"id":152351,"n":"Crème jour Dermo Revitalift Anti-âge - 50ml","p":11.31,"u":"226,20 €/L","img":"https://fd5-photos.leclercdrive.fr/image.ashx?id=2867533&use=l&cat=p&typeid=i","cat":325345},{"id":152365,"n":"Crème éclat La Provençale Bio Jouvence Anti-Âge - 50ml","p":9.92,"u":"198,40 €/L","img":"https://fd5-photos.leclercdrive.fr/image.ashx?id=2948147&use=l&cat=p&typeid=i","cat":325345},{"id":152374,"n":"Bandes à découper Steripan Peau sensible - 10x6cm","p":2.28,"img":"https://fd5-photos.leclercdrive.fr/image.ashx?id=2320899&use=l&cat=p&typeid=i","cat":284630},{"id":152375,"n":"Bande à découper Steripan Universelle - 100x6cm","p":2.92,"img":"https://fd5-photos.leclercdrive.fr/image.ashx?id=2320902&use=l&cat=p&typeid=i","cat":284630},{"id":152381,"n":"Moutarde Maille Fine & douce - 370g","p":2.59,"u":"7,00 €/KG","img":"https://fd5-photos.leclercdrive.fr/image.ashx?id=2570763&use=l&cat=p&typeid=i","cat":288850},{"id":152410,"n":"Compresses Steripan Ultra-douces 15X15cm - x30","p":3.03,"img":"https://fd5-photos.leclercdrive.fr/image.ashx?id=2103394&use=l&cat=p&typeid=i","cat":284630},{"id":152414,"n":"Crème hydratante Scholl Adoucissante - 75ml","p":4.91,"u":"65,47 €/L","img":"https://fd5-photos.leclercdrive.fr/image.ashx?id=2980884&use=l&cat=p&typeid=i","cat":325354},{"id":152420,"n":"Cryothérapie Mercurochrome Verrues pieds mains - 35ml","p":13.52,"u":"386,29 €/L","img":"https://fd5-photos.leclercdrive.fr/image.ashx?id=2693545&use=l&cat=p&typeid=i","cat":284630},{"id":152421,"n":"Cure-oreilles Medicaid 1 pièce","p":1.81,"img":"https://fd5-photos.leclercdrive.fr/image.ashx?id=2419116&use=l&cat=p&typeid=i","cat":284630},{"id":152422,"n":"Coupe-ongles Scholl 1 pièce","p":5.84,"img":"https://fd5-photos.leclercdrive.fr/image.ashx?id=2981295&use=l&cat=p&typeid=i","cat":284630},{"id":152436,"n":"Spray auriculaire Quies 100ml","p":9.49,"u":"94,90 €/L","img":"https://fd5-photos.leclercdrive.fr/image.ashx?id=2277575&use=l&cat=p&typeid=i","cat":284630},{"id":152440,"n":"Gel Lubrifiant Massage 2 en 1 Durex Douceur Aloe Vera 200ml","p":6.3,"u":"31,50 €/L","img":"https://fd5-photos.leclercdrive.fr/image.ashx?id=2736556&use=l&cat=p&typeid=i","cat":285160},{"id":152480,"n":"AOP Corse Figari Rosé Bio Prestige de Petra Bianca - 75cl","p":10.68,"u":"14,24 €/L","img":"https://fd5-photos.leclercdrive.fr/image.ashx?id=2079983&use=l&cat=p&typeid=i","cat":289558},{"id":152481,"n":"AOP Corse Figari Blanc Bio Prestige de Petra Bianca - 75cl","p":12.45,"u":"16,60 €/L","img":"https://fd5-photos.leclercdrive.fr/image.ashx?id=2079977&use=l&cat=p&typeid=i","cat":289557},{"id":152482,"n":"AOP Corse Figari Rouge Bio Tradition de Petra Bianca - 75c","p":8.35,"u":"11,13 €/L","img":"https://fd5-photos.leclercdrive.fr/image.ashx?id=2852561&use=l&cat=p&typeid=i","cat":289556},{"id":152483,"n":"AOP Corse Figari Rosé Bio Tradition de Petra Bianca - 75c","p":9.09,"u":"12,12 €/L","img":"https://fd5-photos.leclercdrive.fr/image.ashx?id=2079980&use=l&cat=p&typeid=i","cat":289558},{"id":152502,"n":"Quatre-quart Ker Cadélac 500g","p":3.29,"u":"6,58 €/KG","img":"https://fd5-photos.leclercdrive.fr/image.ashx?id=2958848&use=l&cat=p&typeid=i","cat":294776},{"id":152503,"n":"Moelleux Ker Cadélac Gros éclats de chocolat - 500g","p":4.18,"u":"8,36 €/KG","img":"https://fd5-photos.leclercdrive.fr/image.ashx?id=2164861&use=l&cat=p&typeid=i","cat":294776},{"id":152506,"n":"Boisson avoine Bio Bjorg Sans sucres - 1L","p":2.39,"u":"2,39 €/L","img":"https://fd5-photos.leclercdrive.fr/image.ashx?id=2939454&use=l&cat=p&typeid=i","cat":316067},{"id":152512,"n":"Mini fourrés Bio Bjorg Chocolat noir - 180g","p":3.4,"u":"18,89 €/KG","img":"https://fd5-photos.leclercdrive.fr/image.ashx?id=2906229&use=l&cat=p&typeid=i","cat":284488},{"id":152576,"n":"Crêpes 1/2 lune Eco+ Jambon emmental - x20 - 1kg","p":2.31,"u":"2,31 €/KG","img":"https://fd5-photos.leclercdrive.fr/image.ashx?id=2698144&use=l&cat=p&typeid=i","cat":319776},{"id":152593,"n":"Desserts Lactés P'TIT ONCTUEUX BIO Mangue  6M+ - 4x90g","p":2.12,"u":"5,89 €/KG","img":"https://fd5-photos.leclercdrive.fr/image.ashx?id=2234156&use=l&cat=p&typeid=i","cat":312392},{"id":152594,"n":"Desserts Lactés P'tit GOURMAND BIO Vanille  6M+ - 4x90g","p":2.44,"u":"6,78 €/KG","img":"https://fd5-photos.leclercdrive.fr/image.ashx?id=2629704&use=l&cat=p&typeid=i","cat":312392},{"id":152595,"n":"Barres chocolat Toblerone Chocolat au lait - 3x100g","p":5.34,"u":"17,80 €/KG","img":"https://fd5-photos.leclercdrive.fr/image.ashx?id=2078241&use=l&cat=p&typeid=i","cat":284498},{"id":152596,"n":"Câpres Maille Surfines - 85g","p":3.39,"u":"39,88 €/KG","img":"https://fd5-photos.leclercdrive.fr/image.ashx?id=2539674&use=l&cat=p&typeid=i","cat":284458},{"id":152608,"n":"Mayonnaise de Dijon Amora 5 ingrédients - 400g","p":3.04,"u":"7,60 €/KG","img":"https://fd5-photos.leclercdrive.fr/image.ashx?id=3005392&use=l&cat=p&typeid=i","cat":298295},{"id":152609,"n":"Céréales crousti Bio Bjorg Avoine superfruits - 500g","p":4.79,"u":"9,58 €/KG","img":"https://fd5-photos.leclercdrive.fr/image.ashx?id=2936398&use=l&cat=p&typeid=i","cat":309512},{"id":152610,"n":"Pasta Box Sodebo Fusilli à la Bolognaise - 330g","p":2.3,"u":"6,97 €/KG","img":"https://fd5-photos.leclercdrive.fr/image.ashx?id=2991996&use=l&cat=p&typeid=i","cat":334983},{"id":152611,"n":"Gâteaux Kinder Délice coconut Noix de coco et cacao - 10x37g","p":4.07,"u":"11,00 €/KG","img":"https://fd5-photos.leclercdrive.fr/image.ashx?id=2832482&use=l&cat=p&typeid=i","cat":284495},{"id":152612,"n":"Pasta Box Sodebo Fusilli à la Carbonara - 330g","p":2.15,"u":"6,52 €/KG","img":"https://fd5-photos.leclercdrive.fr/image.ashx?id=2919781&use=l&cat=p&typeid=i","cat":334983},{"id":152615,"n":"Pasta Box Sodebo Fusilli Fromages Italiens -330g","p":2.48,"u":"7,52 €/KG","img":"https://fd5-photos.leclercdrive.fr/image.ashx?id=2919784&use=l&cat=p&typeid=i","cat":334983},{"id":152616,"n":"Pasta Box Sodebo Fusilli Saumon - 280g","p":3.41,"u":"11,37 €/KG","img":"https://fd5-photos.leclercdrive.fr/image.ashx?id=2985078&use=l&cat=p&typeid=i","cat":334983},{"id":152617,"n":"Happy Cherry Haribo Sachet bonbons - 220g","p":1.84,"u":"8,36 €/KG","img":"https://fd5-photos.leclercdrive.fr/image.ashx?id=2984901&use=l&cat=p&typeid=i","cat":304250},{"id":152644,"n":"Pansements mix Steripan Universels et transparents -x40","p":3.24,"img":"https://fd5-photos.leclercdrive.fr/image.ashx?id=2320908&use=l&cat=p&typeid=i","cat":284630},{"id":152645,"n":"Pansements Steripan Sutures adhésives - x15","p":3.85,"img":"https://fd5-photos.leclercdrive.fr/image.ashx?id=2175792&use=l&cat=p&typeid=i","cat":284630},{"id":152651,"n":"Pansements Mercurochrome Coricide - x12","p":4.57,"u":"0,38 €/P","img":"https://fd5-photos.leclercdrive.fr/image.ashx?id=2663968&use=l&cat=p&typeid=i","cat":284630},{"id":152653,"n":"Pansements Scholl Coricides Durillons - x4","p":4.79,"u":"1,20 €/P","img":"https://fd5-photos.leclercdrive.fr/image.ashx?id=2981659&use=l&cat=p&typeid=i","cat":284630},{"id":152661,"n":"Protections auditives Quies en mousse couleur chair - x16","p":5.03,"u":"0,31 €/P","img":"https://fd5-photos.leclercdrive.fr/image.ashx?id=2159514&use=l&cat=p&typeid=i","cat":284630},{"id":152663,"n":"Préservatifs Manix Skyn sans latex - x20","p":14.63,"u":"0,73 €/P","img":"https://fd5-photos.leclercdrive.fr/image.ashx?id=2861063&use=l&cat=p&typeid=i","cat":284631},{"id":152736,"n":"Camembert Le Rustique Extra coulant - 240g","p":3.19,"u":"13,29 €/KG","img":"https://fd5-photos.leclercdrive.fr/image.ashx?id=2797479&use=l&cat=p&typeid=i","cat":314033},{"id":152774,"n":"Sauce Algérienne Heinz - 220g","p":1.99,"u":"9,05 €/KG","img":"https://fd5-photos.leclercdrive.fr/image.ashx?id=2926846&use=l&cat=p&typeid=i","cat":318431},{"id":152899,"n":"Spray alcool modifié Steripan à 70° flacon incassable - 250ml","p":2.74,"u":"10,96 €/L","img":"https://fd5-photos.leclercdrive.fr/image.ashx?id=2548642&use=l&cat=p&typeid=i","cat":284630},{"id":152900,"n":"Spray désinfectant Steripan Antiseptique sans gaz - 100ml","p":4.02,"u":"40,20 €/L","img":"https://fd5-photos.leclercdrive.fr/image.ashx?id=2078754&use=l&cat=p&typeid=i","cat":284630},{"id":152905,"n":"Pilulier semainier Medicaid 1 pièce","p":3.34,"img":"https://fd5-photos.leclercdrive.fr/image.ashx?id=2283189&use=l&cat=p&typeid=i","cat":284630},{"id":152927,"n":"Test de grossesse Steripan 1 test stylo","p":3.15,"img":"https://fd5-photos.leclercdrive.fr/image.ashx?id=2078766&use=l&cat=p&typeid=i","cat":324482},{"id":152938,"n":"Tulles brûlures Mercurochrome x4","p":7.65,"u":"1,91 €/P","img":"https://fd5-photos.leclercdrive.fr/image.ashx?id=2731468&use=l&cat=p&typeid=i","cat":284630},{"id":152940,"n":"Soin Mercurochrome ongles âbimés - 1 pièce","p":9.97,"img":"https://fd5-photos.leclercdrive.fr/image.ashx?id=2663995&use=l&cat=p&typeid=i","cat":284630},{"id":152954,"n":"Canettes Coca-cola Boite - 18+2 offertes 20x33cl","p":11.64,"u":"1,76 €/L","img":"https://fd5-photos.leclercdrive.fr/image.ashx?id=3009002&use=l&cat=p&typeid=i","cat":284530},{"id":152984,"n":"AOP Prosecco rosé  Vilaveroni - 75cl","p":6.12,"u":"8,16 €/L","img":"https://fd5-photos.leclercdrive.fr/image.ashx?id=2492354&use=l&cat=p&typeid=i","cat":289558},{"id":153015,"n":"Cassonade pure canne Daddy 750g","p":1.92,"u":"2,56 €/KG","img":"https://fd5-photos.leclercdrive.fr/image.ashx?id=2944702&use=l&cat=p&typeid=i","cat":284502},{"id":153058,"n":"Cônes glacés Trium Coco - x6 - 411g","p":2.69,"u":"6,55 €/KG","img":"https://fd5-photos.leclercdrive.fr/image.ashx?id=2931844&use=l&cat=p&typeid=i","cat":284264},{"id":153059,"n":"Cônes glacés Trium Chocolat - x6 - 423g","p":2.13,"u":"5,04 €/KG","img":"https://fd5-photos.leclercdrive.fr/image.ashx?id=2931829&use=l&cat=p&typeid=i","cat":284264},{"id":153060,"n":"Cônes glacés Trium Vanille caramel - x6 - 432g","p":2.53,"u":"5,86 €/KG","img":"https://fd5-photos.leclercdrive.fr/image.ashx?id=2931835&use=l&cat=p&typeid=i","cat":284264},{"id":153061,"n":"Cônes glacés Trium Vanille fraise - x6 - 426g","p":1.69,"u":"3,97 €/KG","img":"https://fd5-photos.leclercdrive.fr/image.ashx?id=2931808&use=l&cat=p&typeid=i","cat":284264},{"id":153062,"n":"Cônes glacés Trium Vanille nougatine x6 - 402g","p":1.59,"u":"3,96 €/KG","img":"https://fd5-photos.leclercdrive.fr/image.ashx?id=2931805&use=l&cat=p&typeid=i","cat":284264},{"id":153064,"n":"Mini cônesTrium Vanille Chocolat x8 - 344g","p":2.99,"u":"8,69 €/KG","img":"https://fd5-photos.leclercdrive.fr/image.ashx?id=2931841&use=l&cat=p&typeid=i","cat":284264},{"id":153065,"n":"Cônes glacés Trium A l'italienne chocolat x4 286g","p":2.3,"u":"8,04 €/KG","img":"https://fd5-photos.leclercdrive.fr/image.ashx?id=2931799&use=l&cat=p&typeid=i","cat":284264},{"id":153066,"n":"Cônes glacés Trium A l'italienne fraise x4 - 286g","p":2.26,"u":"7,90 €/KG","img":"https://fd5-photos.leclercdrive.fr/image.ashx?id=2931802&use=l&cat=p&typeid=i","cat":284264},{"id":153067,"n":"Cônes glacés Trium Fruits rouges - x6 - 474g","p":2.51,"u":"5,30 €/KG","img":"https://fd5-photos.leclercdrive.fr/image.ashx?id=2931832&use=l&cat=p&typeid=i","cat":284264},{"id":153068,"n":"Cônes glacés Trium Sorbet mangue passion x6 456g","p":2.56,"u":"5,61 €/KG","img":"https://fd5-photos.leclercdrive.fr/image.ashx?id=2931823&use=l&cat=p&typeid=i","cat":284264},{"id":153069,"n":"Cônes glacés Trium Rhum raisins - x6 - 414g","p":2.43,"u":"5,87 €/KG","img":"https://fd5-photos.leclercdrive.fr/image.ashx?id=2931814&use=l&cat=p&typeid=i","cat":284264},{"id":153070,"n":"Cônes glacés Trium Menthe chocolat x6 - 414g","p":2.19,"u":"5,29 €/KG","img":"https://fd5-photos.leclercdrive.fr/image.ashx?id=2931826&use=l&cat=p&typeid=i","cat":284264},{"id":153071,"n":"Cônes glacés Trium Crème brulée - x6 - 426g","p":2.52,"u":"5,92 €/KG","img":"https://fd5-photos.leclercdrive.fr/image.ashx?id=2931820&use=l&cat=p&typeid=i","cat":284264},{"id":153072,"n":"Cônes glacés Trium Café - x6 - 426g","p":2.19,"u":"5,14 €/KG","img":"https://fd5-photos.leclercdrive.fr/image.ashx?id=2931838&use=l&cat=p&typeid=i","cat":284264},{"id":153073,"n":"Cônes glacés Trium Vanille chocolat - x6 - 426g","p":1.93,"u":"4,53 €/KG","img":"https://fd5-photos.leclercdrive.fr/image.ashx?id=2931817&use=l&cat=p&typeid=i","cat":284264},{"id":153074,"n":"Cônes glacés Trium Citron framboise x6 - 456g","p":2.67,"u":"5,86 €/KG","img":"https://fd5-photos.leclercdrive.fr/image.ashx?id=2931811&use=l&cat=p&typeid=i","cat":284264},{"id":153075,"n":"Cônes glacés Trium Chocolat pistaches - x6 - 402g","p":1.99,"u":"4,95 €/KG","img":"https://fd5-photos.leclercdrive.fr/image.ashx?id=2909909&use=l&cat=p&typeid=i","cat":284264},{"id":153108,"n":"Rhum blanc Clement 50° - 1L","p":17.56,"u":"17,56 €/L","img":"https://fd5-photos.leclercdrive.fr/image.ashx?id=2093244&use=l&cat=p&typeid=i","cat":284550},{"id":153146,"n":"IGP Ile de Beauté rosé Une Ile - 75cl","p":8.4,"u":"11,20 €/L","img":"https://fd5-photos.leclercdrive.fr/image.ashx?id=2089268&use=l&cat=p&typeid=i","cat":289558},{"id":153147,"n":"Jambon Supérieur Fleury Michon sans nitrite x8 - 280g","p":4.09,"u":"14,61 €/KG","img":"https://fd5-photos.leclercdrive.fr/image.ashx?id=2889481&use=l&cat=p&typeid=i","cat":316009},{"id":153148,"n":"Jambon Supérieur Fleury Michon sans nitrite x6 - 210g","p":3.07,"u":"14,62 €/KG","img":"https://fd5-photos.leclercdrive.fr/image.ashx?id=2889478&use=l&cat=p&typeid=i","cat":316009},{"id":153151,"n":"Jambon Supérieur Fleury Michon sans nitrite x4 - 140g","p":2.0,"u":"14,29 €/KG","img":"https://fd5-photos.leclercdrive.fr/image.ashx?id=2889475&use=l&cat=p&typeid=i","cat":316009},{"id":153152,"n":"Jambon Supérieur Fleury Michon sans nitrite x2 - 70g","p":1.88,"u":"26,86 €/KG","img":"https://fd5-photos.leclercdrive.fr/image.ashx?id=2889472&use=l&cat=p&typeid=i","cat":316009},{"id":153153,"n":"Jambon Supérieur Fleury Michon -25% sel sans nitrite- x2 - 70g","p":1.85,"u":"26,43 €/KG","img":"https://fd5-photos.leclercdrive.fr/image.ashx?id=2889484&use=l&cat=p&typeid=i","cat":316009},{"id":153154,"n":"Jambon Supérieur Fleury Michon -25% sel sans nitrite x6 - 210g","p":4.0,"u":"19,05 €/KG","img":"https://fd5-photos.leclercdrive.fr/image.ashx?id=2889487&use=l&cat=p&typeid=i","cat":316009},{"id":153155,"n":"Jambon Supérieur Fleury Michon -25% sel sans nitrite x4 - 140g","p":2.67,"u":"19,07 €/KG","img":"https://fd5-photos.leclercdrive.fr/image.ashx?id=2905399&use=l&cat=p&typeid=i","cat":316009},{"id":153158,"n":"Jambon Simplement Bon Fleury  Michon -25% de sel - x6 - 210g","p":3.34,"u":"15,90 €/KG","img":"https://fd5-photos.leclercdrive.fr/image.ashx?id=2842696&use=l&cat=p&typeid=i","cat":316009},{"id":153159,"n":"Jambon Simplement Bon Fleury  Michon -25% de sel x4 - 140g","p":2.58,"u":"18,43 €/KG","img":"https://fd5-photos.leclercdrive.fr/image.ashx?id=2843385&use=l&cat=p&typeid=i","cat":316009},{"id":153164,"n":"Jambon  Simplement Bon Fleury  Michon x4 - 160g","p":2.01,"u":"12,56 €/KG","img":"https://fd5-photos.leclercdrive.fr/image.ashx?id=2843147&use=l&cat=p&typeid=i","cat":316009},{"id":153165,"n":"Jambon Fleury Michon Simplement  Bio sans nitrite - x4 - 120g","p":4.18,"u":"34,83 €/KG","img":"https://fd5-photos.leclercdrive.fr/image.ashx?id=2959040&use=l&cat=p&typeid=i","cat":316009},{"id":153166,"n":"Jambon Simplement Bon Fleury Michon - x6 - 240g","p":2.48,"u":"10,33 €/KG","img":"https://fd5-photos.leclercdrive.fr/image.ashx?id=2843150&use=l&cat=p&typeid=i","cat":316009},{"id":153167,"n":"Jambon Simplement Bon  Fleury Michon - x8 - 320g","p":3.3,"u":"10,31 €/KG","img":"https://fd5-photos.leclercdrive.fr/image.ashx?id=3008383&use=l&cat=p&typeid=i","cat":316009},{"id":153192,"n":"Canettes Coca-cola Zéro Soda sans sucre - 12x33cl","p":6.63,"u":"1,67 €/L","img":"https://fd5-photos.leclercdrive.fr/image.ashx?id=2209194&use=l&cat=p&typeid=i","cat":284530},{"id":153223,"n":"Bastelle aux oignons 150g","p":2.59,"u":"17,27 €/KG","img":"https://fd5-photos.leclercdrive.fr/image.ashx?id=2121295&use=l&cat=p&typeid=i","cat":333680},{"id":153227,"n":"Protège-cahier Esquisse Jaune - 24x32cm","p":1.19,"img":"https://fd5-photos.leclercdrive.fr/image.ashx?id=2080342&use=l&cat=p&typeid=i","cat":284745},{"id":153229,"n":"Mayonnaise de Dijon Amora Tube - 175g","p":1.44,"u":"8,23 €/KG","img":"https://fd5-photos.leclercdrive.fr/image.ashx?id=2082711&use=l&cat=p&typeid=i","cat":298295},{"id":153230,"n":"Mayonnaise de Dijon - 705g Flacon - 705g","p":5.04,"u":"7,15 €/KG","img":"https://fd5-photos.leclercdrive.fr/image.ashx?id=2877199&use=l&cat=p&typeid=i","cat":298295},{"id":153241,"n":"Blanc de poulet Fleury Michon doré au four - x8 - 240g","p":2.18,"u":"9,08 €/KG","img":"https://fd5-photos.leclercdrive.fr/image.ashx?id=2962845&use=l&cat=p&typeid=i","cat":316010},{"id":153242,"n":"Ketchup Amora  468g","p":2.18,"u":"4,66 €/KG","img":"https://fd5-photos.leclercdrive.fr/image.ashx?id=2766628&use=l&cat=p&typeid=i","cat":284455},{"id":153248,"n":"Rôti de porc Fleury Michon Extra tendre - x4 - 160g","p":3.06,"u":"19,13 €/KG","img":"https://fd5-photos.leclercdrive.fr/image.ashx?id=2314050&use=l&cat=p&typeid=i","cat":316009},{"id":153252,"n":"Tartinable de chèvre frais L'Atelier Fromagerie - 125g","p":1.99,"u":"15,92 €/KG","img":"https://fd5-photos.leclercdrive.fr/image.ashx?id=2999739&use=l&cat=p&typeid=i","cat":314036},{"id":153313,"n":"Gateau Savane Brossard Pocket chocolat - x7  210g","p":2.08,"u":"9,90 €/KG","img":"https://fd5-photos.leclercdrive.fr/image.ashx?id=2870722&use=l&cat=p&typeid=i","cat":284495},{"id":153317,"n":"Capsules confiturier Le Parfait Diamètre 82mm - Sachet de 6","p":3.96,"img":"https://fd5-photos.leclercdrive.fr/image.ashx?id=2540418&use=l&cat=p&typeid=i","cat":284710},{"id":153328,"n":"Gâteaux fourrés Napolitain LU Chocolat - 180g","p":1.31,"u":"7,28 €/KG","img":"https://fd5-photos.leclercdrive.fr/image.ashx?id=3002225&use=l&cat=p&typeid=i","cat":284495},{"id":153350,"n":"Croques jambon fromage L'Atelier Traiteur x2 - 280g","p":3.49,"u":"12,46 €/KG","img":"https://fd5-photos.leclercdrive.fr/image.ashx?id=2846535&use=l&cat=p&typeid=i","cat":333671},{"id":153369,"n":"Tissus d'entretien Serpillère x1","p":3.95,"img":"https://fd5-photos.leclercdrive.fr/image.ashx?id=2463615&use=l&cat=p&typeid=i","cat":284669},{"id":153447,"n":"Lait Céréales bio Bio Village Vanille 6 mois - 2x25cl","p":2.13,"u":"4,26 €/L","img":"https://fd5-photos.leclercdrive.fr/image.ashx?id=2833026&use=l&cat=p&typeid=i","cat":312226},{"id":153494,"n":"Desserts Lactés P'TIT BRASSE Abricot BIO 6M+ - 4x90g","p":1.86,"u":"5,17 €/KG","img":"https://fd5-photos.leclercdrive.fr/image.ashx?id=2672581&use=l&cat=p&typeid=i","cat":312392},{"id":153799,"n":"Bicarbonate soude A l'Olivier x12 - 750g","p":5.46,"u":"7,28 €/KG","img":"https://fd5-photos.leclercdrive.fr/image.ashx?id=2432085&use=l&cat=p&typeid=i","cat":300576},{"id":153885,"n":"Dés de Saumon/Cabillaud Plancha 400g","p":10.99,"u":"27,48 €/KG","img":"https://fd5-photos.leclercdrive.fr/image.ashx?id=2097302&use=l&cat=p&typeid=i","cat":284342},{"id":153928,"n":"Petits chèvre frais ronds L'Atelier Fromagerie - 100g","p":1.99,"u":"19,90 €/KG","img":"https://fd5-photos.leclercdrive.fr/image.ashx?id=2999643&use=l&cat=p&typeid=i","cat":314036},{"id":153929,"n":"Bûche de chèvre frais cendrée L'Atelier Fromagerie - 200g","p":2.78,"u":"13,90 €/KG","img":"https://fd5-photos.leclercdrive.fr/image.ashx?id=2999646&use=l&cat=p&typeid=i","cat":314036},{"id":153941,"n":"Bière La Goudale bio 7.2° - 75cl","p":3.96,"u":"5,28 €/L","img":"https://fd5-photos.leclercdrive.fr/image.ashx?id=2857123&use=l&cat=p&typeid=i","cat":334872},{"id":153954,"n":"Éclairs au nutella Faits Maison - 2x120g","p":4.2,"u":"17,50 €/KG","img":"https://fd5-photos.leclercdrive.fr/image.ashx?id=2097296&use=l&cat=p&typeid=i","cat":284360},{"id":153957,"n":"Verrine Fraise 1 piece","p":3.65,"img":"https://fd5-photos.leclercdrive.fr/image.ashx?id=2121390&use=l&cat=p&typeid=i","cat":284416},{"id":153958,"n":"Verrine Tiramisu 1 piece","p":3.9,"img":"https://fd5-photos.leclercdrive.fr/image.ashx?id=2124392&use=l&cat=p&typeid=i","cat":284417},{"id":153960,"n":"Fondant Chocolat x2","p":3.95,"u":"1,98 €/P","img":"https://fd5-photos.leclercdrive.fr/image.ashx?id=2097299&use=l&cat=p&typeid=i","cat":284360},{"id":153967,"n":"Changes bébé Lotus Baby T2 Douceur naturelle 3/6kg - x45","p":11.76,"u":"0,26 €/P","img":"https://fd5-photos.leclercdrive.fr/image.ashx?id=2909206&use=l&cat=p&typeid=i","cat":284737},{"id":153968,"n":"Change bébé Lotus Baby T6 Douceur naturelle 16/26kg x 32","p":11.95,"u":"0,37 €/P","img":"https://fd5-photos.leclercdrive.fr/image.ashx?id=3011878&use=l&cat=p&typeid=i","cat":284737},{"id":153994,"n":"Lentilles vertes Vivien Paille 500g","p":1.7,"u":"3,40 €/KG","img":"https://fd5-photos.leclercdrive.fr/image.ashx?id=2247697&use=l&cat=p&typeid=i","cat":312609},{"id":154629,"n":"Bière Blonde Leffe 6,6% - 20x25cl","p":13.95,"u":"2,79 €/L","img":"https://fd5-photos.leclercdrive.fr/image.ashx?id=2995427&use=l&cat=p&typeid=i","cat":334852},{"id":154630,"n":"Bière Blonde Leffe 6,6% - 28x25cl","p":23.33,"u":"3,33 €/L","img":"https://fd5-photos.leclercdrive.fr/image.ashx?id=2092538&use=l&cat=p&typeid=i","cat":334852},{"id":154644,"n":"Crème réparatrice A-Derma Dermalibour + Cica - 100ml","p":13.5,"u":"135,00 €/L","img":"https://fd5-photos.leclercdrive.fr/image.ashx?id=2377136&use=l&cat=p&typeid=i","cat":290421},{"id":154647,"n":"Crème apaisante Avène Tolerance Control - 40ml","p":16.9,"u":"422,50 €/L","img":"https://fd5-photos.leclercdrive.fr/image.ashx?id=2373468&use=l&cat=p&typeid=i","cat":291171},{"id":154650,"n":"Baume apaisant Avène Tolerance Control - 40ml","p":16.9,"u":"422,50 €/L","img":"https://fd5-photos.leclercdrive.fr/image.ashx?id=2373471&use=l&cat=p&typeid=i","cat":290421},{"id":154651,"n":"Gel moussant émollient A-Derma Exomega Control - 500ml","p":11.52,"u":"23,04 €/L","img":"https://fd5-photos.leclercdrive.fr/image.ashx?id=2377151&use=l&cat=p&typeid=i","cat":301591},{"id":154663,"n":"Shampooing Klorane Menthe Aquatique Bio - 400ml","p":9.49,"u":"23,73 €/L","img":"https://fd5-photos.leclercdrive.fr/image.ashx?id=2968247&use=l&cat=p&typeid=i","cat":290400},{"id":154682,"n":"Créaline H2O Bioderma Sans parfum - 250ml","p":8.49,"u":"33,96 €/L","img":"https://fd5-photos.leclercdrive.fr/image.ashx?id=2979842&use=l&cat=p&typeid=i","cat":301587},{"id":154684,"n":"Biberon verre 0-6 mois Dodie Anti-colique-Décor Paris 270ml","p":9.89,"img":"https://fd5-photos.leclercdrive.fr/image.ashx?id=2845497&use=l&cat=p&typeid=i","cat":290386},{"id":154714,"n":"Crème lavante La Roche Posay Lipikar - surgras - 400ml","p":11.89,"u":"29,73 €/L","img":"https://fd5-photos.leclercdrive.fr/image.ashx?id=2153963&use=l&cat=p&typeid=i","cat":301591},{"id":154721,"n":"Tisane allaitement bio Weleda Goût fruits rouges - 20 sachets","p":3.99,"u":"0,20 €/P","img":"https://fd5-photos.leclercdrive.fr/image.ashx?id=2948006&use=l&cat=p&typeid=i","cat":291159},{"id":154725,"n":"Bain de bouche Arthrodont  300ml","p":6.35,"u":"21,17 €/L","img":"https://fd5-photos.leclercdrive.fr/image.ashx?id=2373603&use=l&cat=p&typeid=i","cat":290416},{"id":154734,"n":"Comprimés Expert hyalu  Intense Forte - 30 comprimés","p":19.9,"u":"0,66 €/P","img":"https://fd5-photos.leclercdrive.fr/image.ashx?id=2087604&use=l&cat=p&typeid=i","cat":301266},{"id":154735,"n":"Shampooing Sec Klorane Avoine Rotopoudre - 50g","p":8.19,"u":"163,80 €/KG","img":"https://fd5-photos.leclercdrive.fr/image.ashx?id=2377220&use=l&cat=p&typeid=i","cat":290400},{"id":154737,"n":"Gel moussant nettoyant Bioderma Sébium - 200ml","p":7.1,"u":"35,50 €/L","img":"https://fd5-photos.leclercdrive.fr/image.ashx?id=2956415&use=l&cat=p&typeid=i","cat":301587},{"id":154739,"n":"Gel moussant nettoyant Bioderma Sébium - 500ml","p":10.48,"u":"20,96 €/L","img":"https://fd5-photos.leclercdrive.fr/image.ashx?id=2956406&use=l&cat=p&typeid=i","cat":301587},{"id":154744,"n":"Gommes menthe Puressentiel Respiratoire eucalyptus - 45g","p":3.56,"u":"79,11 €/KG","img":"https://fd5-photos.leclercdrive.fr/image.ashx?id=2087244&use=l&cat=p&typeid=i","cat":301256},{"id":154756,"n":"Masque Nutrition Klorane Mangue - 150ml","p":15.59,"u":"103,93 €/L","img":"https://fd5-photos.leclercdrive.fr/image.ashx?id=2373474&use=l&cat=p&typeid=i","cat":290399},{"id":154757,"n":"Mousse à raser Nobacter 150ml","p":7.0,"u":"46,67 €/L","img":"https://fd5-photos.leclercdrive.fr/image.ashx?id=2215176&use=l&cat=p&typeid=i","cat":291167},{"id":154758,"n":"Après-Shampooing Klorane Mangue - 200ml","p":10.29,"u":"51,45 €/L","img":"https://fd5-photos.leclercdrive.fr/image.ashx?id=2857299&use=l&cat=p&typeid=i","cat":290398},{"id":154760,"n":"Eau micellaire La Roche Posay Effaclar - 400ml","p":11.89,"u":"29,73 €/L","img":"https://fd5-photos.leclercdrive.fr/image.ashx?id=2850560&use=l&cat=p&typeid=i","cat":301587},{"id":154771,"n":"Roll-on apaisant 3en1 Cinq/Cinq 7ml","p":4.99,"u":"712,86 €/L","img":"https://fd5-photos.leclercdrive.fr/image.ashx?id=2087205&use=l&cat=p&typeid=i","cat":290402},{"id":154773,"n":"Melatonine 1900 flash Forte 30 comprimés","p":7.85,"u":"0,26 €/P","img":"https://fd5-photos.leclercdrive.fr/image.ashx?id=2087595&use=l&cat=p&typeid=i","cat":301265},{"id":154775,"n":"Tetine plate +6 mois Dodie  Col large débit 3 - x2","p":4.79,"u":"2,40 €/P","img":"https://fd5-photos.leclercdrive.fr/image.ashx?id=2845485&use=l&cat=p&typeid=i","cat":290386},{"id":154784,"n":"Jambes légères Naturland Ampoules bio 10ml - x20","p":10.22,"pp":7.66,"u":"38,30 €/L","img":"https://fd5-photos.leclercdrive.fr/image.ashx?id=2516929&use=l&cat=p&typeid=i","cat":301268},{"id":154787,"n":"Trousse 1er Secours Gilbert Trousse de 30 produits","p":8.99,"img":"https://fd5-photos.leclercdrive.fr/image.ashx?id=2353758&use=l&cat=p&typeid=i","cat":291163},{"id":154792,"n":"Déodorant anti-trâce Vichy 50ml","p":7.39,"u":"147,80 €/L","img":"https://fd5-photos.leclercdrive.fr/image.ashx?id=2086948&use=l&cat=p&typeid=i","cat":301593},{"id":154805,"n":"Embouts jetables Prorhinel Souples - x20","p":8.51,"u":"0,43 €/P","img":"https://fd5-photos.leclercdrive.fr/image.ashx?id=2531928&use=l&cat=p&typeid=i","cat":290385},{"id":154808,"n":"Supradyn Magnesia Bayer 30 comprimés effervescents","p":10.8,"u":"0,36 €/P","img":"https://fd5-photos.leclercdrive.fr/image.ashx?id=2087232&use=l&cat=p&typeid=i","cat":301264},{"id":154810,"n":"Crème Bepanthen Sensicalm 50g","p":11.39,"u":"227,80 €/KG","img":"https://fd5-photos.leclercdrive.fr/image.ashx?id=2087074&use=l&cat=p&typeid=i","cat":290405},{"id":154811,"n":"Gel articulation Puressentiel 14 huiles essentielles - 60ml","p":7.9,"u":"131,67 €/L","img":"https://fd5-photos.leclercdrive.fr/image.ashx?id=2538758&use=l&cat=p&typeid=i","cat":298633},{"id":154820,"n":"Crème apaisante Cinq/Cinq 40g","p":4.9,"u":"122,50 €/KG","img":"https://fd5-photos.leclercdrive.fr/image.ashx?id=2087211&use=l&cat=p&typeid=i","cat":290402},{"id":154840,"n":"Pastilles miel-citron Activox 24 pastilles","p":3.89,"u":"0,16 €/P","img":"https://fd5-photos.leclercdrive.fr/image.ashx?id=2349224&use=l&cat=p&typeid=i","cat":301256},{"id":154845,"n":"Dentifrice original Parodontax 75ml","p":4.29,"u":"57,20 €/L","img":"https://fd5-photos.leclercdrive.fr/image.ashx?id=2536972&use=l&cat=p&typeid=i","cat":290419},{"id":154853,"n":"Comprimés nettoyants Polident Boîte - 72 comprimés","p":7.98,"img":"https://fd5-photos.leclercdrive.fr/image.ashx?id=2536954&use=l&cat=p&typeid=i","cat":301595},{"id":154871,"n":"Sachets de conservation Dodie x20","p":10.9,"img":"https://fd5-photos.leclercdrive.fr/image.ashx?id=2842087&use=l&cat=p&typeid=i","cat":290386},{"id":154873,"n":"Acerola bio à croquer Naturland Goût fruits rouges-30 comprimés","p":12.79,"u":"0,43 €/P","img":"https://fd5-photos.leclercdrive.fr/image.ashx?id=2516926&use=l&cat=p&typeid=i","cat":301264},{"id":154885,"n":"Spray hygiene oreilles Stérimar 50ml","p":6.49,"u":"129,80 €/L","img":"https://fd5-photos.leclercdrive.fr/image.ashx?id=2890655&use=l&cat=p&typeid=i","cat":301256},{"id":154894,"n":"Sucette mixte 0-6 mois Dodie Silicone - x2","p":4.9,"u":"2,45 €/P","img":"https://fd5-photos.leclercdrive.fr/image.ashx?id=2846069&use=l&cat=p&typeid=i","cat":290430},{"id":154895,"n":"Tétine plate 0-6 mois Dodie  Col large débit 1 - x2","p":3.99,"img":"https://fd5-photos.leclercdrive.fr/image.ashx?id=2845479&use=l&cat=p&typeid=i","cat":290386},{"id":154903,"n":"Spray isotoniq Marimer 100ml","p":2.78,"u":"27,80 €/L","img":"https://fd5-photos.leclercdrive.fr/image.ashx?id=2524997&use=l&cat=p&typeid=i","cat":301256},{"id":154913,"n":"Sucettes Dodie +6m nuit A36 - x2","p":4.9,"u":"2,45 €/P","img":"https://fd5-photos.leclercdrive.fr/image.ashx?id=2846072&use=l&cat=p&typeid=i","cat":290430},{"id":154926,"n":"Baume du Tigre Blanc 30g","p":10.99,"u":"366,33 €/KG","img":"https://fd5-photos.leclercdrive.fr/image.ashx?id=2488800&use=l&cat=p&typeid=i","cat":290421},{"id":154928,"n":"Eau nettoyante 3 en 1 Dodie  500ml","p":4.99,"img":"https://fd5-photos.leclercdrive.fr/image.ashx?id=2845494&use=l&cat=p&typeid=i","cat":290425},{"id":154932,"n":"Gélulte Granions Prostate 40 gélules","p":15.99,"u":"0,40 €/P","img":"https://fd5-photos.leclercdrive.fr/image.ashx?id=2965193&use=l&cat=p&typeid=i","cat":301268},{"id":154934,"n":"Spray anti-pique  Puressentiel   200ml","p":17.99,"u":"89,95 €/L","img":"https://fd5-photos.leclercdrive.fr/image.ashx?id=2988523&use=l&cat=p&typeid=i","cat":290402},{"id":154937,"n":"Crème mamelon Lansinoh 40ml","p":14.89,"u":"372,25 €/L","img":"https://fd5-photos.leclercdrive.fr/image.ashx?id=2088387&use=l&cat=p&typeid=i","cat":291159},{"id":154951,"n":"Spray gorge Puressentiel  15ml","p":5.19,"u":"346,00 €/L","img":"https://fd5-photos.leclercdrive.fr/image.ashx?id=2561032&use=l&cat=p&typeid=i","cat":301256},{"id":154955,"n":"Test ovulation Suretest Boite de 10","p":18.2,"u":"1,82 €/P","img":"https://fd5-photos.leclercdrive.fr/image.ashx?id=2087080&use=l&cat=p&typeid=i","cat":291159},{"id":154958,"n":"Bouts de sein Dodie Taille standard - x2","p":6.19,"img":"https://fd5-photos.leclercdrive.fr/image.ashx?id=2842789&use=l&cat=p&typeid=i","cat":291159},{"id":154961,"n":"Dentifrice Parodontax Menthe - 75ml","p":4.3,"u":"57,33 €/L","img":"https://fd5-photos.leclercdrive.fr/image.ashx?id=2536975&use=l&cat=p&typeid=i","cat":290419},{"id":154963,"n":"Tétine plate +18 mois Dodie  Col large débit rapide - x2","p":3.99,"u":"2,00 €/P","img":"https://fd5-photos.leclercdrive.fr/image.ashx?id=2845491&use=l&cat=p&typeid=i","cat":290386},{"id":154971,"n":"Solution nasale bébé Stérimar 100ml","p":4.99,"u":"49,90 €/L","img":"https://fd5-photos.leclercdrive.fr/image.ashx?id=2697021&use=l&cat=p&typeid=i","cat":290385},{"id":154981,"n":"Magne 300 marin Forte Pharma 56 comprimés","p":6.99,"u":"0,12 €/P","img":"https://fd5-photos.leclercdrive.fr/image.ashx?id=2742201&use=l&cat=p&typeid=i","cat":301264},{"id":154983,"n":"Brulactiv fort Forte Pharma Perte de poids - 60 gélules","p":33.99,"u":"0,57 €/P","img":"https://fd5-photos.leclercdrive.fr/image.ashx?id=2087568&use=l&cat=p&typeid=i","cat":301267},{"id":154987,"n":"Ampoules Gelée royale Forte Bio - 2000mg - x20","p":12.99,"u":"0,65 €/P","img":"https://fd5-photos.leclercdrive.fr/image.ashx?id=2351870&use=l&cat=p&typeid=i","cat":301264},{"id":155005,"n":"Petits Pots Vanille Canistrelli 2x160ml","p":4.33,"u":"13,53 €/L","img":"https://fd5-photos.leclercdrive.fr/image.ashx?id=2094829&use=l&cat=p&typeid=i","cat":284725},{"id":155102,"n":"Céréales Babybio- Dès 6 mois  Bio 3 Céréales nature  - 220g","p":3.49,"u":"15,86 €/KG","img":"https://fd5-photos.leclercdrive.fr/image.ashx?id=2733259&use=l&cat=p&typeid=i","cat":312225},{"id":155123,"n":"Biscuits fourrés  BN Fraises - 285g","p":1.21,"u":"4,25 €/KG","img":"https://fd5-photos.leclercdrive.fr/image.ashx?id=2878804&use=l&cat=p&typeid=i","cat":284489},{"id":155129,"n":"Petits pois doux carottes Bio Bio Village - 420g","p":2.3,"u":"5,48 €/KG","img":"https://fd5-photos.leclercdrive.fr/image.ashx?id=3002710&use=l&cat=p&typeid=i","cat":312607},{"id":155134,"n":"Knacki original Herta x4 - 140g","p":1.51,"u":"10,79 €/KG","img":"https://fd5-photos.leclercdrive.fr/image.ashx?id=2289840&use=l&cat=p&typeid=i","cat":316012},{"id":155142,"n":"Lait 1er âge Biostime Infantile bio - 800g","p":21.99,"u":"27,49 €/KG","img":"https://fd5-photos.leclercdrive.fr/image.ashx?id=2096272&use=l&cat=p&typeid=i","cat":300523},{"id":155244,"n":"Mini cônes Extrême  Vanille  - 8x39g","p":3.93,"u":"12,60 €/KG","img":"https://fd5-photos.leclercdrive.fr/image.ashx?id=2737741&use=l&cat=p&typeid=i","cat":284264},{"id":155282,"n":"Masques chirurgicaux Primoplast Français - x50","p":1.99,"u":"0,04 €/P","img":"https://fd5-photos.leclercdrive.fr/image.ashx?id=2856603&use=l&cat=p&typeid=i","cat":284630},{"id":155293,"n":"Prépa Gâteau alsa Cœur Coulants Chocolat - 275g","p":2.52,"u":"9,16 €/KG","img":"https://fd5-photos.leclercdrive.fr/image.ashx?id=2996443&use=l&cat=p&typeid=i","cat":284505},{"id":155295,"n":"Préparation Cookies alsa Pépites de Chocolat - 240g","p":2.19,"u":"9,13 €/KG","img":"https://fd5-photos.leclercdrive.fr/image.ashx?id=2996446&use=l&cat=p&typeid=i","cat":284505},{"id":155297,"n":"Oeufs frais Parole d'Eleveurs !  x20","p":5.15,"u":"0,26 €/P","img":"https://fd5-photos.leclercdrive.fr/image.ashx?id=2978856&use=l&cat=p&typeid=i","cat":284378},{"id":155300,"n":"Capsules Starbucks by Nespresso  Italian Style Int 11 - x10","p":4.08,"u":"72,86 €/KG","img":"https://fd5-photos.leclercdrive.fr/image.ashx?id=2654068&use=l&cat=p&typeid=i","cat":284749},{"id":155301,"n":"Biscuit BN chocolat 285g","p":1.23,"u":"4,32 €/KG","img":"https://fd5-photos.leclercdrive.fr/image.ashx?id=2810705&use=l&cat=p&typeid=i","cat":284488},{"id":155302,"n":"Biscuits BN casse croute 400g","p":1.29,"u":"3,23 €/KG","img":"https://fd5-photos.leclercdrive.fr/image.ashx?id=2503900&use=l&cat=p&typeid=i","cat":284491},{"id":155303,"n":"Briochettes Pasquier x12 - 480g","p":2.04,"u":"4,25 €/KG","img":"https://fd5-photos.leclercdrive.fr/image.ashx?id=2417857&use=l&cat=p&typeid=i","cat":284478},{"id":155337,"n":"Répulsif insectes Autan Botanicals - 100ml","p":6.77,"u":"67,70 €/L","img":"https://fd5-photos.leclercdrive.fr/image.ashx?id=2791569&use=l&cat=p&typeid=i","cat":299654},{"id":155340,"n":"Spray répulsif moustiques Autan Tropical - 100 ml","p":7.25,"u":"72,50 €/L","img":"https://fd5-photos.leclercdrive.fr/image.ashx?id=2791566&use=l&cat=p&typeid=i","cat":299654},{"id":155416,"n":"Chewing-gum Mentos Pure Fresh Bubble Fresh x50 - 100g","p":5.15,"u":"51,50 €/KG","img":"https://fd5-photos.leclercdrive.fr/image.ashx?id=2647462&use=l&cat=p&typeid=i","cat":304251},{"id":155432,"n":"Moulin à poivre Ogo Pro Bois naturel - 23 cm - x1","p":21.21,"img":"https://fd5-photos.leclercdrive.fr/image.ashx?id=2116506&use=l&cat=p&typeid=i","cat":334135},{"id":155437,"n":"Tête franges la Véritable Elephant - x1","p":5.86,"img":"https://fd5-photos.leclercdrive.fr/image.ashx?id=2571494&use=l&cat=p&typeid=i","cat":284669},{"id":155438,"n":"Le joint Français x1","p":2.66,"img":"https://fd5-photos.leclercdrive.fr/image.ashx?id=2485626&use=l&cat=p&typeid=i","cat":284710},{"id":155439,"n":"Seau Serpillère France Elephant x1","p":8.12,"img":"https://fd5-photos.leclercdrive.fr/image.ashx?id=2575543&use=l&cat=p&typeid=i","cat":284669},{"id":155440,"n":"Essoreur design France Elephant - x1","p":3.71,"img":"https://fd5-photos.leclercdrive.fr/image.ashx?id=2570421&use=l&cat=p&typeid=i","cat":284669},{"id":155441,"n":"Tissus d'entretien Elephant x10","p":4.96,"img":"https://fd5-photos.leclercdrive.fr/image.ashx?id=2570418&use=l&cat=p&typeid=i","cat":325364},{"id":155474,"n":"Flûtes Elegance 3 x 18cl","p":5.3,"img":"https://fd5-photos.leclercdrive.fr/image.ashx?id=2118141&use=l&cat=p&typeid=i","cat":334134},{"id":155475,"n":"Pince Barbecue Silicone x1","p":2.99,"img":"https://fd5-photos.leclercdrive.fr/image.ashx?id=2118084&use=l&cat=p&typeid=i","cat":334135},{"id":155511,"n":"Nettoyant Lave-Linge Destop  Désinfectant - x2","p":4.87,"u":"9,74 €/L","img":"https://fd5-photos.leclercdrive.fr/image.ashx?id=2831735&use=l&cat=p&typeid=i","cat":284653},{"id":155519,"n":"Fromage de brebis artisanal Donsimoni - 350g","p":13.2,"u":"37,71 €/KG","img":"https://fd5-photos.leclercdrive.fr/image.ashx?id=2101888&use=l&cat=p&typeid=i","cat":314031},{"id":155546,"n":"Assiettes dessert 17cm Blanc sans film PE - x50","p":2.69,"u":"0,05 €/P","img":"https://fd5-photos.leclercdrive.fr/image.ashx?id=2096688&use=l&cat=p&typeid=i","cat":334134},{"id":155549,"n":"Glace Bâtonnet MAGNUM Double Gold Caramel 4x85ml","p":2.98,"u":"10,49 €/KG","img":"https://fd5-photos.leclercdrive.fr/image.ashx?id=2770620&use=l&cat=p&typeid=i","cat":284265},{"id":155555,"n":"Frites Pom Bistro Rustiques - 500g","p":3.06,"u":"6,12 €/KG","img":"https://fd5-photos.leclercdrive.fr/image.ashx?id=2866424&use=l&cat=p&typeid=i","cat":319791},{"id":155686,"n":"Apéritif sans alcool anisé Cristal 100 Limiinana - 1L","p":6.01,"u":"6,01 €/L","img":"https://fd5-photos.leclercdrive.fr/image.ashx?id=2842600&use=l&cat=p&typeid=i","cat":284548},{"id":155700,"n":"Escalope de dinde tendre fine 330g","p":5.18,"u":"15,70 €/KG","img":"https://fd5-photos.leclercdrive.fr/image.ashx?id=2417947&use=l&cat=p&typeid=i","cat":284337},{"id":155714,"n":"Déboucheur Gel Destop  Spécial Cheveux - 1L","p":2.74,"u":"2,74 €/L","img":"https://fd5-photos.leclercdrive.fr/image.ashx?id=2625388&use=l&cat=p&typeid=i","cat":284908},{"id":155771,"n":"Cuvette ronde ficelle Homeside 10L - 1 pièce","p":3.25,"u":"Dont 0,10 € d'éco-part.","img":"https://fd5-photos.leclercdrive.fr/image.ashx?id=2132223&use=l&cat=p&typeid=i","cat":335909},{"id":155772,"n":"Spray Détachant à Sec Vanish  500ml","p":4.81,"u":"9,62 €/L","img":"https://fd5-photos.leclercdrive.fr/image.ashx?id=2680410&use=l&cat=p&typeid=i","cat":284651},{"id":155795,"n":"Soda Coca-Cola - SANS SUCRES Canette - 6x33cl","p":3.39,"u":"1,71 €/L","img":"https://fd5-photos.leclercdrive.fr/image.ashx?id=2736805&use=l&cat=p&typeid=i","cat":284530},{"id":155816,"n":"Compote avec morceaux Andros Framboise - 4x100g","p":2.39,"u":"5,98 €/KG","img":"https://fd5-photos.leclercdrive.fr/image.ashx?id=2908201&use=l&cat=p&typeid=i","cat":284416},{"id":155819,"n":"Yaourt brassé Perle de Lait Saveur Amande - 4x125g","p":2.05,"u":"4,10 €/KG","img":"https://fd5-photos.leclercdrive.fr/image.ashx?id=2939655&use=l&cat=p&typeid=i","cat":286006},{"id":155820,"n":"Salade Batavia verte 1p","p":1.09,"img":"https://fd5-photos.leclercdrive.fr/image.ashx?id=1633577&use=l&cat=p&typeid=i","cat":284352},{"id":155821,"n":"Chou romanesco 1p","p":4.45,"img":"https://fd5-photos.leclercdrive.fr/image.ashx?id=1631949&use=l&cat=p&typeid=i","cat":284352},{"id":155828,"n":"Chou rouge 1p","p":2.79,"img":"https://fd5-photos.leclercdrive.fr/image.ashx?id=560850&use=l&cat=p&typeid=i","cat":284352},{"id":155829,"n":"Salade laitue verte 1p","p":1.09,"img":"https://fd5-photos.leclercdrive.fr/image.ashx?id=1633040&use=l&cat=p&typeid=i","cat":284352},{"id":155833,"n":"Feuille de chêne rouge 1p","p":1.09,"img":"https://fd5-photos.leclercdrive.fr/image.ashx?id=1633670&use=l&cat=p&typeid=i","cat":284352},{"id":155893,"n":"Blanc de Poulet Le Gaulois Sans nitrites x6 tranches -240g","p":2.96,"u":"12,33 €/KG","img":"https://fd5-photos.leclercdrive.fr/image.ashx?id=2376896&use=l&cat=p&typeid=i","cat":316010},{"id":155894,"n":"Blanc de Dinde Le Gaulois Sans nitrites x4 tranches -160g","p":2.15,"u":"13,44 €/KG","img":"https://fd5-photos.leclercdrive.fr/image.ashx?id=2962623&use=l&cat=p&typeid=i","cat":316010},{"id":155900,"n":"Boisson aux Fruits Jafun Tropical - 10x20cl","p":3.2,"u":"1,60 €/L","img":"https://fd5-photos.leclercdrive.fr/image.ashx?id=2992567&use=l&cat=p&typeid=i","cat":295018},{"id":155902,"n":"Boîte rectangulaire Luminarc Pure box - 1,22L","p":4.48,"img":"https://fd5-photos.leclercdrive.fr/image.ashx?id=2112713&use=l&cat=p&typeid=i","cat":284710},{"id":155903,"n":"Boîte rectangulaire Luminarc Pure box - 1,97L","p":5.91,"img":"https://fd5-photos.leclercdrive.fr/image.ashx?id=2112716&use=l&cat=p&typeid=i","cat":284710},{"id":155904,"n":"Cure-dents Homeside x120","p":0.4,"img":"https://fd5-photos.leclercdrive.fr/image.ashx?id=2118069&use=l&cat=p&typeid=i","cat":334135},{"id":155905,"n":"Ciseaux classic universel Orange droitier - 21cm","p":19.26,"img":"https://fd5-photos.leclercdrive.fr/image.ashx?id=2736853&use=l&cat=p&typeid=i","cat":334135},{"id":155907,"n":"Spatule pâtisserie Manche en bois - x1","p":2.5,"img":"https://fd5-photos.leclercdrive.fr/image.ashx?id=2118063&use=l&cat=p&typeid=i","cat":334135},{"id":155908,"n":"Passoire sur pied x1","p":4.5,"img":"https://fd5-photos.leclercdrive.fr/image.ashx?id=2118105&use=l&cat=p&typeid=i","cat":334135},{"id":155909,"n":"Bac à glaçons souple x1","p":2.5,"img":"https://fd5-photos.leclercdrive.fr/image.ashx?id=2118072&use=l&cat=p&typeid=i","cat":334135},{"id":155910,"n":"Casse noix zamac x1","p":4.79,"img":"https://fd5-photos.leclercdrive.fr/image.ashx?id=2118090&use=l&cat=p&typeid=i","cat":334135},{"id":155911,"n":"Boite à pain grand modèle 24 cm x 37 cm x H 14 cm x1","p":12.9,"img":"https://fd5-photos.leclercdrive.fr/image.ashx?id=2112710&use=l&cat=p&typeid=i","cat":334135},{"id":155912,"n":"Ficelle sur carte dévidoir 60m - x1","p":2.0,"img":"https://fd5-photos.leclercdrive.fr/image.ashx?id=2118093&use=l&cat=p&typeid=i","cat":334135},{"id":155913,"n":"Brochette 15cm x75","p":0.67,"img":"https://fd5-photos.leclercdrive.fr/image.ashx?id=2118066&use=l&cat=p&typeid=i","cat":334135},{"id":155914,"n":"Spatule trendy x1","p":3.9,"img":"https://fd5-photos.leclercdrive.fr/image.ashx?id=2118102&use=l&cat=p&typeid=i","cat":334135},{"id":155916,"n":"Eplucheur trendy x1","p":3.5,"img":"https://fd5-photos.leclercdrive.fr/image.ashx?id=2118099&use=l&cat=p&typeid=i","cat":334135},{"id":155917,"n":"Bol pâtissier inox x1","p":6.9,"img":"https://fd5-photos.leclercdrive.fr/image.ashx?id=2118078&use=l&cat=p&typeid=i","cat":334135},{"id":155918,"n":"Rouleau avec poignées articulées - bois - x1","p":2.49,"img":"https://fd5-photos.leclercdrive.fr/image.ashx?id=2118081&use=l&cat=p&typeid=i","cat":334135},{"id":155919,"n":"Sauteuse 24cm Tefal tous feux sauf induction x1","p":28.9,"img":"https://fd5-photos.leclercdrive.fr/image.ashx?id=2112767&use=l&cat=p&typeid=i","cat":298490},{"id":155923,"n":"Gourde double paroi inox 500ml","p":7.9,"img":"https://fd5-photos.leclercdrive.fr/image.ashx?id=2118144&use=l&cat=p&typeid=i","cat":284710},{"id":155924,"n":"Gourde en verre avec housse 310ml","p":3.9,"img":"https://fd5-photos.leclercdrive.fr/image.ashx?id=2118147&use=l&cat=p&typeid=i","cat":284710},{"id":155926,"n":"Verres pisine 70cl x4","p":7.95,"img":"https://fd5-photos.leclercdrive.fr/image.ashx?id=2118135&use=l&cat=p&typeid=i","cat":334134},{"id":155935,"n":"Verrines 3 x 20cl","p":3.45,"img":"https://fd5-photos.leclercdrive.fr/image.ashx?id=2118048&use=l&cat=p&typeid=i","cat":334134},{"id":155938,"n":"Etiquettes adhésives kit Quattro stagioni - x30","p":3.04,"img":"https://fd5-photos.leclercdrive.fr/image.ashx?id=2118165&use=l&cat=p&typeid=i","cat":334134},{"id":155939,"n":"Lot de 2 sous gateaux Diamètre 32 - carton doré","p":3.07,"img":"https://fd5-photos.leclercdrive.fr/image.ashx?id=2115592&use=l&cat=p&typeid=i","cat":334135},{"id":155941,"n":"Gourde acier inox bouteille Isotherme - 500ml","p":15.77,"img":"https://fd5-photos.leclercdrive.fr/image.ashx?id=2114755&use=l&cat=p&typeid=i","cat":284710},{"id":155943,"n":"Lunch bag maxi gris 2conteneurs hermétiques de 0,7 et 1L x1","p":33.57,"img":"https://fd5-photos.leclercdrive.fr/image.ashx?id=2113010&use=l&cat=p&typeid=i","cat":334139},{"id":155947,"n":"Gourde acier inox Bouteille Isotherme - 1L","p":23.93,"img":"https://fd5-photos.leclercdrive.fr/image.ashx?id=2114758&use=l&cat=p&typeid=i","cat":284710},{"id":155951,"n":"Recharge 2en1 Vileda Brosserie serpillère Turbo  x1","p":8.14,"img":"https://fd5-photos.leclercdrive.fr/image.ashx?id=2672515&use=l&cat=p&typeid=i","cat":284669},{"id":155952,"n":"Poubelle ronde métal 30L","p":34.9,"u":"Dont 0,32 € d'éco-part.","img":"https://fd5-photos.leclercdrive.fr/image.ashx?id=2118054&use=l&cat=p&typeid=i","cat":335909},{"id":155954,"n":"Poubelle aspect carbone pédale 18L","p":24.9,"u":"Dont 0,20 € d'éco-part.","img":"https://fd5-photos.leclercdrive.fr/image.ashx?id=2118051&use=l&cat=p&typeid=i","cat":335909},{"id":155956,"n":"Poubelle boule blanc 5.5L","p":3.47,"u":"Dont 0,04 € d'éco-part.","img":"https://fd5-photos.leclercdrive.fr/image.ashx?id=2118012&use=l&cat=p&typeid=i","cat":335909},{"id":155957,"n":"Boite rangement à clips Transparent - 45L","p":9.99,"u":"Dont 0,20 € d'éco-part.","img":"https://fd5-photos.leclercdrive.fr/image.ashx?id=2118108&use=l&cat=p&typeid=i","cat":335909},{"id":155959,"n":"Panier à linge gris 40L","p":7.9,"u":"Dont 0,12 € d'éco-part.","img":"https://fd5-photos.leclercdrive.fr/image.ashx?id=2118117&use=l&cat=p&typeid=i","cat":335909},{"id":155961,"n":"Coffre à linge bleu 55L","p":10.9,"u":"Dont 0,20 € d'éco-part.","img":"https://fd5-photos.leclercdrive.fr/image.ashx?id=2118114&use=l&cat=p&typeid=i","cat":335909},{"id":155964,"n":"Theière en fonte Osaka noire 1L20","p":23.36,"img":"https://fd5-photos.leclercdrive.fr/image.ashx?id=2274700&use=l&cat=p&typeid=i","cat":334134},{"id":155966,"n":"Poubelle à pédale Noire - 44L","p":18.99,"u":"Dont 0,20 € d'éco-part.","img":"https://fd5-photos.leclercdrive.fr/image.ashx?id=2118030&use=l&cat=p&typeid=i","cat":335909},{"id":155967,"n":"Poubelle à pédale Noire - 24L","p":13.49,"u":"Dont 0,20 € d'éco-part.","img":"https://fd5-photos.leclercdrive.fr/image.ashx?id=2118027&use=l&cat=p&typeid=i","cat":335909},{"id":155969,"n":"Vase diamante verre recyclé 45cm","p":15.07,"img":"https://fd5-photos.leclercdrive.fr/image.ashx?id=2113880&use=l&cat=p&typeid=i","cat":335913},{"id":155970,"n":"Sac à dos Mini lunch kit Bleu - x1","p":20.18,"img":"https://fd5-photos.leclercdrive.fr/image.ashx?id=2516899&use=l&cat=p&typeid=i","cat":298500},{"id":155981,"n":"Moulin à sel Ogo Living Bois naturel - 15cm - x1","p":15.89,"img":"https://fd5-photos.leclercdrive.fr/image.ashx?id=2114104&use=l&cat=p&typeid=i","cat":334135},{"id":155983,"n":"Manique de cuisine cotin Couleur aléatoire - x1","p":1.47,"img":"https://fd5-photos.leclercdrive.fr/image.ashx?id=2118087&use=l&cat=p&typeid=i","cat":334135},{"id":155984,"n":"Autocuiseur 4,5L x1","p":59.9,"img":"https://fd5-photos.leclercdrive.fr/image.ashx?id=2118033&use=l&cat=p&typeid=i","cat":298490},{"id":155986,"n":"Moule à tarte Pyrex 31cm Bake and enjoy x1","p":10.11,"img":"https://fd5-photos.leclercdrive.fr/image.ashx?id=2658045&use=l&cat=p&typeid=i","cat":298490},{"id":155987,"n":"Plat à four rectangulaire Pyrex 39x25cm","p":15.01,"img":"https://fd5-photos.leclercdrive.fr/image.ashx?id=2657493&use=l&cat=p&typeid=i","cat":298490},{"id":155991,"n":"Traiteur inox 28cm avec ouvercle verre x1","p":31.54,"img":"https://fd5-photos.leclercdrive.fr/image.ashx?id=2112782&use=l&cat=p&typeid=i","cat":298490},{"id":155992,"n":"Moule 12 madeleines aluminium 35cmx27cm","p":5.5,"img":"https://fd5-photos.leclercdrive.fr/image.ashx?id=2833038&use=l&cat=p&typeid=i","cat":298490},{"id":155993,"n":"Terrines 100mm FA Wiss 750g x6","p":15.77,"img":"https://fd5-photos.leclercdrive.fr/image.ashx?id=2807483&use=l&cat=p&typeid=i","cat":284710},{"id":155996,"n":"Bouchons collerette Homeside - x1","p":1.9,"img":"https://fd5-photos.leclercdrive.fr/image.ashx?id=2118075&use=l&cat=p&typeid=i","cat":334135},{"id":156005,"n":"Verres à pied Elegance 3 x 22cl","p":5.3,"img":"https://fd5-photos.leclercdrive.fr/image.ashx?id=2132226&use=l&cat=p&typeid=i","cat":334134},{"id":156020,"n":"Soda Sprite Canette - 6x33cl","p":3.04,"u":"1,54 €/L","img":"https://fd5-photos.leclercdrive.fr/image.ashx?id=2973994&use=l&cat=p&typeid=i","cat":284531},{"id":156022,"n":"Soda Coca Cola Cherry Canette 6x33cl","p":4.07,"u":"2,06 €/L","img":"https://fd5-photos.leclercdrive.fr/image.ashx?id=2997226&use=l&cat=p&typeid=i","cat":284530},{"id":156028,"n":"Sucre Poudre Daddy Extra Fin profil pack 750g","p":1.67,"u":"2,23 €/KG","img":"https://fd5-photos.leclercdrive.fr/image.ashx?id=2936074&use=l&cat=p&typeid=i","cat":284502},{"id":156058,"n":"Thon blanc germon Connétable A l'Huile d'Olive - 160g","p":3.77,"u":"23,56 €/KG","img":"https://fd5-photos.leclercdrive.fr/image.ashx?id=2792450&use=l&cat=p&typeid=i","cat":303867},{"id":156067,"n":"Soda Coca-Cola Canette - 6x33cl","p":4.16,"u":"2,10 €/L","img":"https://fd5-photos.leclercdrive.fr/image.ashx?id=2997229&use=l&cat=p&typeid=i","cat":284530},{"id":156106,"n":"Cassoulet Maison Rivière Toulousain au porc - 840g","p":4.28,"u":"5,10 €/KG","img":"https://fd5-photos.leclercdrive.fr/image.ashx?id=2734228&use=l&cat=p&typeid=i","cat":284440},{"id":156112,"n":"Oeufs au sol Paroles d'Eleveurs x12","p":2.96,"u":"0,25 €/P","img":"https://fd5-photos.leclercdrive.fr/image.ashx?id=2506026&use=l&cat=p&typeid=i","cat":284378},{"id":156127,"n":"Tam Tam l'Original Saint-Michel x18 - 495g","p":3.08,"u":"6,22 €/KG","img":"https://fd5-photos.leclercdrive.fr/image.ashx?id=2905348&use=l&cat=p&typeid=i","cat":284495},{"id":156135,"n":"Soda Coca-Cola canettes 12x33cl","p":8.01,"u":"2,02 €/L","img":"https://fd5-photos.leclercdrive.fr/image.ashx?id=2192940&use=l&cat=p&typeid=i","cat":284530},{"id":156137,"n":"Soda Coca-Cola Light canettes - 6x33cl","p":3.91,"u":"1,97 €/L","img":"https://fd5-photos.leclercdrive.fr/image.ashx?id=2194427&use=l&cat=p&typeid=i","cat":284530},{"id":156139,"n":"Soda Coca-Cola - SANS SUCRES Canettes - 20x33cl","p":11.1,"u":"1,68 €/L","img":"https://fd5-photos.leclercdrive.fr/image.ashx?id=2174513&use=l&cat=p&typeid=i","cat":284530},{"id":156141,"n":"Soda Fanta citron frappé canettes - 6x33cl","p":3.65,"u":"1,84 €/L","img":"https://fd5-photos.leclercdrive.fr/image.ashx?id=2660212&use=l&cat=p&typeid=i","cat":284532},{"id":156145,"n":"Thé glacé Fuze tea Saveur pêche - 1,75L","p":2.1,"u":"1,20 €/L","img":"https://fd5-photos.leclercdrive.fr/image.ashx?id=2944395&use=l&cat=p&typeid=i","cat":295019},{"id":156156,"n":"Fromage enfant Kiri crème 8 portions à tartiner - 144g","p":2.0,"u":"0,25 €/P","img":"https://fd5-photos.leclercdrive.fr/image.ashx?id=2973562&use=l&cat=p&typeid=i","cat":314030},{"id":156165,"n":"Sauce bolognaise Bolo Balls 400g","p":2.47,"u":"6,18 €/KG","img":"https://fd5-photos.leclercdrive.fr/image.ashx?id=2918571&use=l&cat=p&typeid=i","cat":287599},{"id":156171,"n":"Sablés Michel et Augustin Parmigiano reggiano - 100g","p":3.24,"u":"32,40 €/KG","img":"https://fd5-photos.leclercdrive.fr/image.ashx?id=2114218&use=l&cat=p&typeid=i","cat":297000},{"id":156174,"n":"Biscuits fourrés BN Framboise - 285g","p":1.44,"u":"5,05 €/KG","img":"https://fd5-photos.leclercdrive.fr/image.ashx?id=2474999&use=l&cat=p&typeid=i","cat":284489},{"id":156175,"n":"Doomino St Michel Chocolat - x6","p":1.6,"u":"8,89 €/KG","img":"https://fd5-photos.leclercdrive.fr/image.ashx?id=2949979&use=l&cat=p&typeid=i","cat":284495},{"id":156186,"n":"Mini marbrés Bio Village Bio - 140g","p":2.87,"u":"20,50 €/KG","img":"https://fd5-photos.leclercdrive.fr/image.ashx?id=2893600&use=l&cat=p&typeid=i","cat":284495},{"id":156187,"n":"Mini gâteau fourré Bio Village Fraise Bio - 140g","p":2.28,"u":"16,29 €/KG","img":"https://fd5-photos.leclercdrive.fr/image.ashx?id=2816160&use=l&cat=p&typeid=i","cat":284495},{"id":156189,"n":"Préparation Gâteau alsa Brownies - 305g","p":2.47,"u":"8,10 €/KG","img":"https://fd5-photos.leclercdrive.fr/image.ashx?id=2996440&use=l&cat=p&typeid=i","cat":284505},{"id":156191,"n":"Joker 30% Moins Sucré Multifruits - 0,9L","p":2.11,"u":"2,34 €/L","img":"https://fd5-photos.leclercdrive.fr/image.ashx?id=2785772&use=l&cat=p&typeid=i","cat":284917},{"id":156193,"n":"Farine blé T45 Francine 750g","p":1.4,"u":"1,87 €/KG","img":"https://fd5-photos.leclercdrive.fr/image.ashx?id=2989141&use=l&cat=p&typeid=i","cat":284503},{"id":156198,"n":"Bière blonde Tripel Karmeliet 8,4% - 6x33cl","p":11.82,"u":"5,97 €/L","img":"https://fd5-photos.leclercdrive.fr/image.ashx?id=2675586&use=l&cat=p&typeid=i","cat":334872},{"id":156200,"n":"Wraps Old El Paso de blé nature format familial x10 - 580g","p":3.34,"u":"5,76 €/KG","img":"https://fd5-photos.leclercdrive.fr/image.ashx?id=2745352&use=l&cat=p&typeid=i","cat":288993},{"id":156220,"n":"Concentré Antésite Hibiscus framboise 130g","p":6.75,"u":"51,92 €/KG","img":"https://fd5-photos.leclercdrive.fr/image.ashx?id=2621251&use=l&cat=p&typeid=i","cat":295020},{"id":156223,"n":"Croquette Truite One Sterilcat Indoor formula","p":15.16,"u":"5,05 €/KG","img":"https://fd5-photos.leclercdrive.fr/image.ashx?id=2488076&use=l&cat=p&typeid=i","cat":284680},{"id":156226,"n":"Croquette chat Purina One Dual Nature cranberry 1,4kg","p":6.94,"u":"4,96 €/KG","img":"https://fd5-photos.leclercdrive.fr/image.ashx?id=2868155&use=l&cat=p&typeid=i","cat":284680},{"id":156229,"n":"Repas Purina One Spécial chat stérilisé - 680g","p":3.56,"u":"5,24 €/KG","img":"https://fd5-photos.leclercdrive.fr/image.ashx?id=2899725&use=l&cat=p&typeid=i","cat":285286},{"id":156243,"n":"Crème glacée Salge Vanille à l'Ancienne 750ml","p":6.94,"u":"9,25 €/L","img":"https://fd5-photos.leclercdrive.fr/image.ashx?id=2115030&use=l&cat=p&typeid=i","cat":284263},{"id":156299,"n":"Yaourt à la grecque YAOS  Vanille - 8x125g","p":3.47,"u":"3,47 €/KG","img":"https://fd5-photos.leclercdrive.fr/image.ashx?id=3007942&use=l&cat=p&typeid=i","cat":314999},{"id":156301,"n":"Confiture Maison Cappaccini Figue Bio 240g","p":4.2,"u":"17,50 €/KG","img":"https://fd5-photos.leclercdrive.fr/image.ashx?id=2133364&use=l&cat=p&typeid=i","cat":284480},{"id":156304,"n":"Confiture Maison Cappaccini Figue Noix Bio 240g","p":4.11,"u":"17,13 €/KG","img":"https://fd5-photos.leclercdrive.fr/image.ashx?id=2133367&use=l&cat=p&typeid=i","cat":284480},{"id":156305,"n":"Confiture Maison Cappaccini Fraise Figue 240g","p":3.85,"u":"16,04 €/KG","img":"https://fd5-photos.leclercdrive.fr/image.ashx?id=2132865&use=l&cat=p&typeid=i","cat":284480},{"id":156317,"n":"Bâtonnets Poisson  Croustibat pané Findus Cabillaud-x18 450g","p":4.63,"u":"10,29 €/P","img":"https://fd5-photos.leclercdrive.fr/image.ashx?id=2653720&use=l&cat=p&typeid=i","cat":319788},{"id":156334,"n":"Grissini artigianali Florelli Multigraines - 250g","p":2.39,"u":"9,56 €/KG","img":"https://fd5-photos.leclercdrive.fr/image.ashx?id=2475864&use=l&cat=p&typeid=i","cat":289010},{"id":156342,"n":"Fromage le Coq  125g","p":2.52,"u":"20,16 €/KG","img":"https://fd5-photos.leclercdrive.fr/image.ashx?id=2985315&use=l&cat=p&typeid=i","cat":314032},{"id":156343,"n":"Abondance AOP NRT L'Atelier Fromagerie - 150g","p":3.2,"u":"21,33 €/KG","img":"https://fd5-photos.leclercdrive.fr/image.ashx?id=2123907&use=l&cat=p&typeid=i","cat":314036},{"id":156344,"n":"Fromage Beaufort AOP L'Atelier Fromagerie - 150g","p":4.49,"u":"29,93 €/KG","img":"https://fd5-photos.leclercdrive.fr/image.ashx?id=2120472&use=l&cat=p&typeid=i","cat":327294},{"id":156345,"n":"Fromage Bleu de Laqueuille L'Atelier Fromagerie - 150g","p":2.4,"u":"16,00 €/KG","img":"https://fd5-photos.leclercdrive.fr/image.ashx?id=2130002&use=l&cat=p&typeid=i","cat":327294},{"id":156346,"n":"Pointe Brie de Meaux AOP L'Atelier Fromagerie - 200g","p":3.19,"u":"15,95 €/KG","img":"https://fd5-photos.leclercdrive.fr/image.ashx?id=2123910&use=l&cat=p&typeid=i","cat":314036},{"id":156347,"n":"Pointe de Melun AOP L'Atelier Fromagerie - 185g","p":4.25,"u":"22,97 €/KG","img":"https://fd5-photos.leclercdrive.fr/image.ashx?id=2124128&use=l&cat=p&typeid=i","cat":314036},{"id":156348,"n":"Cantal Entre deux AOP NRT L'Atelier Fromagerie - 200g","p":3.5,"u":"17,50 €/KG","img":"https://fd5-photos.leclercdrive.fr/image.ashx?id=2398788&use=l&cat=p&typeid=i","cat":327294},{"id":156350,"n":"Comté 18 mois AOP L'Atelier Fromagerie - 200g","p":5.3,"u":"26,50 €/KG","img":"https://fd5-photos.leclercdrive.fr/image.ashx?id=2130005&use=l&cat=p&typeid=i","cat":327294},{"id":156351,"n":"Coulommiers 3/4 affiné L'Atelier Fromagerie - 250g","p":3.95,"u":"15,80 €/KG","img":"https://fd5-photos.leclercdrive.fr/image.ashx?id=2546156&use=l&cat=p&typeid=i","cat":314036},{"id":156353,"n":"Rocamadour fermier AOP L'Atelier Fromagerie - 2x35g","p":2.4,"u":"34,29 €/KG","img":"https://fd5-photos.leclercdrive.fr/image.ashx?id=2697471&use=l&cat=p&typeid=i","cat":314036},{"id":156354,"n":"Saint Nectaire laitier AOP L'Atelier Fromagerie - 300g","p":4.7,"u":"15,67 €/KG","img":"https://fd5-photos.leclercdrive.fr/image.ashx?id=2115917&use=l&cat=p&typeid=i","cat":329184},{"id":156355,"n":"Grana padano 20 mois AOP L'Atelier Fromagerie - 180g","p":3.99,"u":"22,17 €/KG","img":"https://fd5-photos.leclercdrive.fr/image.ashx?id=2817178&use=l&cat=p&typeid=i","cat":314036},{"id":156392,"n":"Tomme Brebis Ottavi 200g","p":6.7,"u":"33,50 €/KG","img":"https://fd5-photos.leclercdrive.fr/image.ashx?id=2647793&use=l&cat=p&typeid=i","cat":314031},{"id":156397,"n":"Glaces Ferrero Rocher x4 chocolat lait noisettes - 200g","p":3.28,"img":"https://fd5-photos.leclercdrive.fr/image.ashx?id=2759065&use=l&cat=p&typeid=i","cat":284265},{"id":156400,"n":"Oeufs plein air catégorie A Bio Matines x10","p":5.06,"u":"0,51 €/P","img":"https://fd5-photos.leclercdrive.fr/image.ashx?id=2432259&use=l&cat=p&typeid=i","cat":284378},{"id":156403,"n":"Coulis de framboise Douceur du Verger - 300g","p":5.67,"u":"18,90 €/KG","img":"https://fd5-photos.leclercdrive.fr/image.ashx?id=2116185&use=l&cat=p&typeid=i","cat":284268},{"id":156405,"n":"Cônes macaron caramel Extrême x6 - 396g","p":3.86,"u":"9,75 €/KG","img":"https://fd5-photos.leclercdrive.fr/image.ashx?id=2878378&use=l&cat=p&typeid=i","cat":284264},{"id":156412,"n":"Glaces Nui Caramel White chocolate & Texan pecan x4 264g","p":4.14,"u":"15,68 €/KG","img":"https://fd5-photos.leclercdrive.fr/image.ashx?id=2519900&use=l&cat=p&typeid=i","cat":284265},{"id":156415,"n":"Bâtonnet Raffaello  Noix de coco amandes x4 - 188g","p":3.8,"u":"20,21 €/KG","img":"https://fd5-photos.leclercdrive.fr/image.ashx?id=2863890&use=l&cat=p&typeid=i","cat":284265},{"id":156423,"n":"Filets de poulet Auvergne NRT x2 Label Rouge - 265g","p":6.15,"u":"23,21 €/KG","img":"https://fd5-photos.leclercdrive.fr/image.ashx?id=2699834&use=l&cat=p&typeid=i","cat":284336},{"id":156428,"n":"Friandises chien Pedigree Schmackos volaille x20 - 144g","p":2.02,"u":"14,03 €/KG","img":"https://fd5-photos.leclercdrive.fr/image.ashx?id=2850174&use=l&cat=p&typeid=i","cat":294527},{"id":156476,"n":"Fromage Feta Grecque Islos AOP - 150g","p":2.48,"u":"16,53 €/KG","img":"https://fd5-photos.leclercdrive.fr/image.ashx?id=2892625&use=l&cat=p&typeid=i","cat":314026},{"id":156477,"n":"Duo de Haricots Verts & Beurre Bonduelle -750g","p":3.15,"u":"4,20 €/KG","img":"https://fd5-photos.leclercdrive.fr/image.ashx?id=2910049&use=l&cat=p&typeid=i","cat":319805},{"id":156493,"n":"Petit pot bébé Blédina 6 mois  Légumes bœuf - 2x200g","p":2.24,"u":"5,60 €/KG","img":"https://fd5-photos.leclercdrive.fr/image.ashx?id=2968091&use=l&cat=p&typeid=i","cat":312236},{"id":156494,"n":"Petit pot bébé Blédina 6 mois Riz légumes saumon - 2x200g","p":2.3,"u":"5,75 €/KG","img":"https://fd5-photos.leclercdrive.fr/image.ashx?id=2911214&use=l&cat=p&typeid=i","cat":312236},{"id":156495,"n":"Petit pot bébé Blédina 6 mois Légumes lieu - 2x200g","p":1.81,"u":"4,53 €/KG","img":"https://fd5-photos.leclercdrive.fr/image.ashx?id=2935771&use=l&cat=p&typeid=i","cat":312236},{"id":156496,"n":"Petit pot bébé Blédina 6 mois Potimarron jambon - 2x200g","p":2.3,"u":"5,75 €/KG","img":"https://fd5-photos.leclercdrive.fr/image.ashx?id=2935768&use=l&cat=p&typeid=i","cat":312236},{"id":156497,"n":"Petit pot bébé Blédina 8 mois Riz ratatouille poisson -2x200g","p":1.9,"u":"4,75 €/KG","img":"https://fd5-photos.leclercdrive.fr/image.ashx?id=2911208&use=l&cat=p&typeid=i","cat":312236},{"id":156499,"n":"Petit pot bébé Blédina 8 mois Légumes poulet - 2x200g","p":2.19,"u":"5,48 €/KG","img":"https://fd5-photos.leclercdrive.fr/image.ashx?id=2935765&use=l&cat=p&typeid=i","cat":312236},{"id":156501,"n":"Petit pot bébé Blédina 6 mois Légumes jambon - 2x200g","p":2.11,"u":"5,28 €/KG","img":"https://fd5-photos.leclercdrive.fr/image.ashx?id=2948767&use=l&cat=p&typeid=i","cat":312236},{"id":156503,"n":"Petit pot bébé Blédina 6 mois  Légumes verts poulet - 2x200g","p":2.29,"u":"5,73 €/KG","img":"https://fd5-photos.leclercdrive.fr/image.ashx?id=2983063&use=l&cat=p&typeid=i","cat":312236},{"id":156527,"n":"Capsules Starbucks by Nespresso  Blonde Espresso Int 6 - x18","p":6.05,"u":"64,36 €/KG","img":"https://fd5-photos.leclercdrive.fr/image.ashx?id=2668177&use=l&cat=p&typeid=i","cat":284749},{"id":156528,"n":"Petit pot bébé Blédina 4-6 mois Carotte - 2x130g","p":1.14,"u":"4,38 €/KG","img":"https://fd5-photos.leclercdrive.fr/image.ashx?id=2911870&use=l&cat=p&typeid=i","cat":312234},{"id":156538,"n":"Compote bébé Blédina 6 mois  Aux fruits - 4x130g","p":2.41,"u":"4,63 €/KG","img":"https://fd5-photos.leclercdrive.fr/image.ashx?id=2911196&use=l&cat=p&typeid=i","cat":312388},{"id":156539,"n":"Petit pot bébé Blédina 6 mois Semoule carotte dinde - 2x200g","p":2.27,"u":"5,68 €/KG","img":"https://fd5-photos.leclercdrive.fr/image.ashx?id=2935774&use=l&cat=p&typeid=i","cat":312236},{"id":156540,"n":"Petit pot bébé Blédina 6 mois Patate douce carotte-2x200g","p":2.12,"u":"5,30 €/KG","img":"https://fd5-photos.leclercdrive.fr/image.ashx?id=2951617&use=l&cat=p&typeid=i","cat":312235},{"id":156550,"n":"Petites Tartelettes Bonne Maman Chocolat caramel - 250g","p":2.61,"u":"10,44 €/KG","img":"https://fd5-photos.leclercdrive.fr/image.ashx?id=2962302&use=l&cat=p&typeid=i","cat":284488},{"id":156563,"n":"Petit pot bébé Blédina 6 mois Purée carotte jambon - 2x200g","p":2.17,"u":"5,43 €/KG","img":"https://fd5-photos.leclercdrive.fr/image.ashx?id=2935762&use=l&cat=p&typeid=i","cat":312236},{"id":156564,"n":"Petit pot bébé Blédina 6 mois Riz tomate poulet - 2x200g","p":2.23,"u":"5,58 €/KG","img":"https://fd5-photos.leclercdrive.fr/image.ashx?id=2951614&use=l&cat=p&typeid=i","cat":312236},{"id":156565,"n":"Litière chats Tous mes Amis Minérale parfumée - 8L","p":2.48,"u":"0,31 €/L","img":"https://fd5-photos.leclercdrive.fr/image.ashx?id=2120905&use=l&cat=p&typeid=i","cat":284683},{"id":156598,"n":"Biscuits fourrés bio Jardin Bio Chocolat - 300g","p":2.2,"u":"7,33 €/KG","img":"https://fd5-photos.leclercdrive.fr/image.ashx?id=2903353&use=l&cat=p&typeid=i","cat":284488},{"id":156622,"n":"Bière Leffe Ruby sans alcool 0,0% - 6x25cl","p":4.9,"u":"3,27 €/L","img":"https://fd5-photos.leclercdrive.fr/image.ashx?id=2548312&use=l&cat=p&typeid=i","cat":334877},{"id":156633,"n":"Yaourt fruit rouges NRT Cassis Fraise Myrtille - 6x125g","p":2.93,"u":"3,91 €/KG","img":"https://fd5-photos.leclercdrive.fr/image.ashx?id=2920812&use=l&cat=p&typeid=i","cat":286006},{"id":156647,"n":"Compote Pom'Potes Pomme  brugnon banane - 64x90g","p":28.39,"pp":19.87,"u":"3,45 €/KG","img":"https://fd5-photos.leclercdrive.fr/image.ashx?id=2254574&use=l&cat=p&typeid=i","cat":284508},{"id":156720,"n":"Chemise A4 Freegun Primaire","p":3.49,"img":"https://fd5-photos.leclercdrive.fr/image.ashx?id=2122268&use=l&cat=p&typeid=i","cat":284745},{"id":156780,"n":"Cahier Easybook 96pages  Bleu -grands carreaux-21x29,7cm","p":4.5,"img":"https://fd5-photos.leclercdrive.fr/image.ashx?id=2749080&use=l&cat=p&typeid=i","cat":284697},{"id":156790,"n":"Cahier Easybook 96pages  Jaune-grands carreaux-21x29,7cm","p":4.26,"img":"https://fd5-photos.leclercdrive.fr/image.ashx?id=2749086&use=l&cat=p&typeid=i","cat":284697},{"id":156791,"n":"Cahier Easybook 96pages   Vert-grands carreaux-21x29,7cm","p":4.5,"img":"https://fd5-photos.leclercdrive.fr/image.ashx?id=2749089&use=l&cat=p&typeid=i","cat":284697},{"id":156876,"n":"Pochettes transparentes Oxford A4 - x10","p":4.16,"img":"https://fd5-photos.leclercdrive.fr/image.ashx?id=2636832&use=l&cat=p&typeid=i","cat":284745},{"id":156973,"n":"Surligneurs pastels Maped Assortis - x4","p":3.12,"img":"https://fd5-photos.leclercdrive.fr/image.ashx?id=2384280&use=l&cat=p&typeid=i","cat":284696},{"id":157083,"n":"Cahier piqure 96pages Mimesys Grands carreaux - 21x29,7cm- X3","p":6.8,"img":"https://fd5-photos.leclercdrive.fr/image.ashx?id=2121911&use=l&cat=p&typeid=i","cat":284697},{"id":157093,"n":"Cahier 96pages Mimesys Bleu turquoise - 5x5 -21X29,7cm","p":2.73,"img":"https://fd5-photos.leclercdrive.fr/image.ashx?id=2135226&use=l&cat=p&typeid=i","cat":284697},{"id":157097,"n":"Cahier 96pages Mimesys Vert-Petits carreaux-21X29,7cm","p":2.73,"img":"https://fd5-photos.leclercdrive.fr/image.ashx?id=2135238&use=l&cat=p&typeid=i","cat":284697},{"id":157098,"n":"Cahier piqure 96pages Mimesys Petits carreaux - 21X29,7cm- x3","p":6.02,"img":"https://fd5-photos.leclercdrive.fr/image.ashx?id=2121914&use=l&cat=p&typeid=i","cat":284697},{"id":157181,"n":"Feutres Stabilo Pen 68 brush Feutres pinceau ARTY - x12","p":15.96,"img":"https://fd5-photos.leclercdrive.fr/image.ashx?id=2525336&use=l&cat=p&typeid=i","cat":284696},{"id":157332,"n":"Bière violette Belzebuth 2.8%vol - 33cl","p":1.96,"u":"5,94 €/L","img":"https://fd5-photos.leclercdrive.fr/image.ashx?id=2927384&use=l&cat=p&typeid=i","cat":334872},{"id":157334,"n":"Bière Brewdog Punk AF 0,5° - 33cl","p":1.69,"u":"5,12 €/L","img":"https://fd5-photos.leclercdrive.fr/image.ashx?id=2942819&use=l&cat=p&typeid=i","cat":334877},{"id":157369,"n":"Pizza à cuire à l'Italienne  1 pièce","p":7.95,"img":"https://fd5-photos.leclercdrive.fr/image.ashx?id=2121350&use=l&cat=p&typeid=i","cat":333679},{"id":157371,"n":"Pizza prête à cuire Chorizo 1 pièce","p":7.95,"img":"https://fd5-photos.leclercdrive.fr/image.ashx?id=2121304&use=l&cat=p&typeid=i","cat":333679},{"id":157408,"n":"IGP Ile de Beauté Vin Blanc Domaine Casanova - 75cl","p":6.93,"u":"9,24 €/L","img":"https://fd5-photos.leclercdrive.fr/image.ashx?id=2121499&use=l&cat=p&typeid=i","cat":289557},{"id":157506,"n":"Tube de peinture Esquisse  Blanc - 20ml","p":0.99,"img":"https://fd5-photos.leclercdrive.fr/image.ashx?id=2124131&use=l&cat=p&typeid=i","cat":334133},{"id":157507,"n":"Tube de peinture Esquisse  Noir - 20ml","p":0.99,"img":"https://fd5-photos.leclercdrive.fr/image.ashx?id=2124134&use=l&cat=p&typeid=i","cat":334133},{"id":157508,"n":"Feutres de coloriage Esquisse Mini- Pointe moyenne - x12","p":1.19,"img":"https://fd5-photos.leclercdrive.fr/image.ashx?id=2124137&use=l&cat=p&typeid=i","cat":284696},{"id":157520,"n":"Fiches bristol 5x5 Esquisse Perforées - 12,5x20cm - x50","p":2.39,"img":"https://fd5-photos.leclercdrive.fr/image.ashx?id=2124158&use=l&cat=p&typeid=i","cat":284697},{"id":157521,"n":"Fiches bristol 5x5 Esquisse Perforées - 10x15cm - x50","p":1.69,"img":"https://fd5-photos.leclercdrive.fr/image.ashx?id=2124161&use=l&cat=p&typeid=i","cat":284697},{"id":157523,"n":"Carnet 160 pages ligné Esquisse Canne à sucre - 17x22cm","p":2.89,"img":"https://fd5-photos.leclercdrive.fr/image.ashx?id=2124167&use=l&cat=p&typeid=i","cat":284697},{"id":157524,"n":"Carnet 160 pages ligné Esquisse Canne à sucre - 10,5x14,8cm","p":2.39,"img":"https://fd5-photos.leclercdrive.fr/image.ashx?id=2124170&use=l&cat=p&typeid=i","cat":284697},{"id":157612,"n":"Eau infusée Volvic bio thé noir pêche - 75cl","p":1.56,"u":"2,08 €/L","img":"https://fd5-photos.leclercdrive.fr/image.ashx?id=2748209&use=l&cat=p&typeid=i","cat":284537},{"id":157613,"n":"Eau infusée Volvic bio thé vert menthe - 75cl","p":1.84,"u":"2,45 €/L","img":"https://fd5-photos.leclercdrive.fr/image.ashx?id=2479063&use=l&cat=p&typeid=i","cat":284537},{"id":157628,"n":"Crème corps Mixa  Peaux Sèches, Sensibles - 400ml","p":5.58,"u":"13,95 €/L","img":"https://fd5-photos.leclercdrive.fr/image.ashx?id=2338432&use=l&cat=p&typeid=i","cat":325350},{"id":157646,"n":"Palets Fromagers Père Dodu Chèvre - 150g","p":2.02,"u":"13,47 €/KG","img":"https://fd5-photos.leclercdrive.fr/image.ashx?id=2957191&use=l&cat=p&typeid=i","cat":314027},{"id":157655,"n":"Crème main Le Petit Marseillais Réparation - Karité - 75ml","p":2.17,"u":"28,93 €/L","img":"https://fd5-photos.leclercdrive.fr/image.ashx?id=2901893&use=l&cat=p&typeid=i","cat":325354},{"id":157737,"n":"Lingettes Démaquillantes Nivea Peaux Sèches - x20","p":2.26,"u":"0,11 €/P","img":"https://fd5-photos.leclercdrive.fr/image.ashx?id=3005227&use=l&cat=p&typeid=i","cat":284603},{"id":157778,"n":"Fromage de brebis Lou Pérac 6 tranches - 120g","p":3.13,"u":"26,08 €/KG","img":"https://fd5-photos.leclercdrive.fr/image.ashx?id=2758843&use=l&cat=p&typeid=i","cat":314028},{"id":157801,"n":"Sac poubelle Alfapac Maxi poids 40L - x15","p":2.37,"u":"0,16 €/P","img":"https://fd5-photos.leclercdrive.fr/image.ashx?id=2526896&use=l&cat=p&typeid=i","cat":285168},{"id":157960,"n":"Infusion minceur Bio Village Bio - x20 - 30g","p":1.55,"u":"51,67 €/KG","img":"https://fd5-photos.leclercdrive.fr/image.ashx?id=2553935&use=l&cat=p&typeid=i","cat":293234},{"id":157962,"n":"Camembert Di Bufala 28%mg - 250g","p":6.86,"u":"27,44 €/KG","img":"https://fd5-photos.leclercdrive.fr/image.ashx?id=2191366&use=l&cat=p&typeid=i","cat":314033},{"id":157968,"n":"Capsules café Plantation Espresso Caramel n°7- x10 - 52g","p":2.4,"u":"46,15 €/KG","img":"https://fd5-photos.leclercdrive.fr/image.ashx?id=2929882&use=l&cat=p&typeid=i","cat":284749},{"id":157973,"n":"Capsules café Plantation Lungo Forte n°8 - x10 - 52g","p":2.24,"u":"43,08 €/KG","img":"https://fd5-photos.leclercdrive.fr/image.ashx?id=2867266&use=l&cat=p&typeid=i","cat":284749},{"id":158136,"n":"Jus multifruits nectar Jafaden Sans sucres ajoutés - 1L","p":1.79,"u":"1,79 €/L","img":"https://fd5-photos.leclercdrive.fr/image.ashx?id=2956780&use=l&cat=p&typeid=i","cat":284917},{"id":158143,"n":"Bière menthe Desperados Virgin Mojito - 00%vol - 3x33cl","p":3.38,"u":"3,41 €/L","img":"https://fd5-photos.leclercdrive.fr/image.ashx?id=2975164&use=l&cat=p&typeid=i","cat":334877},{"id":158180,"n":"Crème de change Bio Jonzac 75ml","p":7.0,"u":"93,33 €/L","img":"https://fd5-photos.leclercdrive.fr/image.ashx?id=2751180&use=l&cat=p&typeid=i","cat":290387},{"id":158181,"n":"Gel Douche Le Petit Marseillais  Bio peche & nectarine-250ml","p":2.61,"u":"10,44 €/L","img":"https://fd5-photos.leclercdrive.fr/image.ashx?id=2685141&use=l&cat=p&typeid=i","cat":284594},{"id":158220,"n":"Rhum Havana Club 3 ans 37,5% vol - 70cl","p":15.14,"u":"21,63 €/L","img":"https://fd5-photos.leclercdrive.fr/image.ashx?id=2874096&use=l&cat=p&typeid=i","cat":284550},{"id":158255,"n":"Serum visage La Provençale Bio Anti-âge - 30ml","p":9.92,"u":"330,67 €/L","img":"https://fd5-photos.leclercdrive.fr/image.ashx?id=2971155&use=l&cat=p&typeid=i","cat":325345},{"id":158285,"n":"Glace Ben & Jerry's Mini pots Cool-loction 4x100ml","p":5.97,"u":"20,73 €/KG","img":"https://fd5-photos.leclercdrive.fr/image.ashx?id=3009278&use=l&cat=p&typeid=i","cat":284725},{"id":158316,"n":"Stick lèvres Dermophil Réparateur Protecteur- 2 pièces","p":7.08,"u":"442,50 €/KG","img":"https://fd5-photos.leclercdrive.fr/image.ashx?id=2939772&use=l&cat=p&typeid=i","cat":285485},{"id":158329,"n":"Gel Douche Le Petit Marseillais  Bio amande douce - 250ml","p":2.71,"u":"10,84 €/L","img":"https://fd5-photos.leclercdrive.fr/image.ashx?id=2685144&use=l&cat=p&typeid=i","cat":284594},{"id":158360,"n":"Whisky label 5 Bourbon Barrel 70cl - 40D","p":14.24,"u":"20,34 €/L","img":"https://fd5-photos.leclercdrive.fr/image.ashx?id=2692275&use=l&cat=p&typeid=i","cat":284547},{"id":158363,"n":"Crème Douche Surgras Bio Cadum Karité - 500ml","p":2.37,"u":"4,74 €/L","img":"https://fd5-photos.leclercdrive.fr/image.ashx?id=2575630&use=l&cat=p&typeid=i","cat":284594},{"id":158364,"n":"Whisky Ballantine's 7 ans Blended Scotch 40% vol - 70cl","p":18.95,"pp":15.16,"u":"21,66 €/L","img":"https://fd5-photos.leclercdrive.fr/image.ashx?id=3000366&use=l&cat=p&typeid=i","cat":284547},{"id":158369,"n":"Foie de morue Balthor Goût fumé - 123g","p":2.08,"u":"16,91 €/KG","img":"https://fd5-photos.leclercdrive.fr/image.ashx?id=2138989&use=l&cat=p&typeid=i","cat":305147},{"id":158390,"n":"Aiguillettes végétales HappyVore - 150g","p":3.28,"u":"21,87 €/KG","img":"https://fd5-photos.leclercdrive.fr/image.ashx?id=2787530&use=l&cat=p&typeid=i","cat":316036},{"id":158391,"n":"Nuggets végétaux HappyVore - 210g","p":3.51,"u":"16,71 €/KG","img":"https://fd5-photos.leclercdrive.fr/image.ashx?id=2965241&use=l&cat=p&typeid=i","cat":316036},{"id":158393,"n":"Chipolatas végétales HappyVore - 200g","p":3.35,"u":"16,75 €/KG","img":"https://fd5-photos.leclercdrive.fr/image.ashx?id=2736199&use=l&cat=p&typeid=i","cat":316036},{"id":158394,"n":"Merguez végétales HappyVore - 200g","p":3.58,"u":"17,90 €/KG","img":"https://fd5-photos.leclercdrive.fr/image.ashx?id=2736196&use=l&cat=p&typeid=i","cat":316036},{"id":158493,"n":"Beurrier Tendre Paysan Breton Doux - 82% MG - 200g","p":2.99,"u":"14,95 €/KG","img":"https://fd5-photos.leclercdrive.fr/image.ashx?id=2903311&use=l&cat=p&typeid=i","cat":284379},{"id":158516,"n":"Saucisson spianata Montorsi 100g","p":2.9,"u":"29,00 €/KG","img":"https://fd5-photos.leclercdrive.fr/image.ashx?id=2525864&use=l&cat=p&typeid=i","cat":316007},{"id":158545,"n":"Sauce Mayonnaise La Sablaise 135g","p":2.35,"u":"17,41 €/KG","img":"https://fd5-photos.leclercdrive.fr/image.ashx?id=2617951&use=l&cat=p&typeid=i","cat":327284},{"id":158548,"n":"Huile végétale de ricin 100ml Laboratoire du Haut Ségala","p":8.99,"u":"89,90 €/L","img":"https://fd5-photos.leclercdrive.fr/image.ashx?id=2131593&use=l&cat=p&typeid=i","cat":290422},{"id":158569,"n":"Blanc de poulet Tradilège Sans nitrite - 4 Tranches 120g","p":1.45,"u":"12,08 €/KG","img":"https://fd5-photos.leclercdrive.fr/image.ashx?id=2970480&use=l&cat=p&typeid=i","cat":316010},{"id":158571,"n":"Plat bébé Blédina 8 mois  Pâtes tomate boeuf - 2x200g","p":2.56,"u":"6,40 €/KG","img":"https://fd5-photos.leclercdrive.fr/image.ashx?id=2975092&use=l&cat=p&typeid=i","cat":312236},{"id":158575,"n":"Single malt Scotch Glenfiddich Tripple Oak 40%vol - 70cl 12ans","p":32.41,"u":"46,30 €/L","img":"https://fd5-photos.leclercdrive.fr/image.ashx?id=2131596&use=l&cat=p&typeid=i","cat":284547},{"id":158588,"n":"Vin de France rouge Merlot Cabernet Sauvign.Cambras BIB 5L","p":14.64,"u":"2,93 €/L","img":"https://fd5-photos.leclercdrive.fr/image.ashx?id=2694587&use=l&cat=p&typeid=i","cat":289556},{"id":158621,"n":"Soda Schweppes Ginger Beer - 1L","p":1.59,"u":"1,59 €/L","img":"https://fd5-photos.leclercdrive.fr/image.ashx?id=2876233&use=l&cat=p&typeid=i","cat":284532},{"id":158632,"n":"Couronne de crevettes Delpierre ASC sauce fines herbes - 130g","p":4.69,"u":"36,08 €/KG","img":"https://fd5-photos.leclercdrive.fr/image.ashx?id=2772014&use=l&cat=p&typeid=i","cat":284343},{"id":158636,"n":"Cuisses de poulet Périgord NRT x2 Label Rouge - 500g","p":4.85,"u":"9,70 €/KG","img":"https://fd5-photos.leclercdrive.fr/image.ashx?id=2699843&use=l&cat=p&typeid=i","cat":284336},{"id":158640,"n":"Lait céréales Blédidej 12 mois Chocolat biscuité - 500ml","p":1.59,"u":"3,18 €/L","img":"https://fd5-photos.leclercdrive.fr/image.ashx?id=2479039&use=l&cat=p&typeid=i","cat":312226},{"id":158647,"n":"Filets de poulet Périgord NRT x2 Label Rouge - 265g","p":6.15,"u":"23,21 €/KG","img":"https://fd5-photos.leclercdrive.fr/image.ashx?id=2699837&use=l&cat=p&typeid=i","cat":284336},{"id":158649,"n":"Lait céréales Blédidej 12 mois Biscuité vanille - 500ml","p":1.55,"u":"3,10 €/KG","img":"https://fd5-photos.leclercdrive.fr/image.ashx?id=2503728&use=l&cat=p&typeid=i","cat":312226},{"id":158683,"n":"Langue de boeuf Férial 300g","p":4.99,"u":"16,63 €/KG","img":"https://fd5-photos.leclercdrive.fr/image.ashx?id=2138311&use=l&cat=p&typeid=i","cat":284328},{"id":158691,"n":"Sacs poubelle 30L Alfapac Maxi poids - x20","p":3.1,"u":"0,16 €/P","img":"https://fd5-photos.leclercdrive.fr/image.ashx?id=2526893&use=l&cat=p&typeid=i","cat":285168},{"id":158715,"n":"Doomino St Michel Choco Noisette x6 - 180g","p":1.81,"u":"10,06 €/KG","img":"https://fd5-photos.leclercdrive.fr/image.ashx?id=2953495&use=l&cat=p&typeid=i","cat":284495},{"id":158730,"n":"Boulette au boeuf Férial 300g","p":4.19,"u":"13,97 €/KG","img":"https://fd5-photos.leclercdrive.fr/image.ashx?id=2955285&use=l&cat=p&typeid=i","cat":284328},{"id":158742,"n":"Feuille de mâche 180g","p":3.58,"u":"19,89 €/KG","img":"https://fd5-photos.leclercdrive.fr/image.ashx?id=2485287&use=l&cat=p&typeid=i","cat":284353},{"id":158756,"n":"Girasoli Turini Chèvre Miel - 250g","p":2.75,"u":"11,00 €/KG","img":"https://fd5-photos.leclercdrive.fr/image.ashx?id=2133243&use=l&cat=p&typeid=i","cat":333682},{"id":158762,"n":"Film multi-usages Alfapac 30m","p":2.23,"u":"0,09 €/MT","img":"https://fd5-photos.leclercdrive.fr/image.ashx?id=2918277&use=l&cat=p&typeid=i","cat":334134},{"id":158784,"n":"Petit pot bébé Blédina 8 mois Légumes viande poisson - 8x200g","p":8.42,"u":"5,26 €/KG","img":"https://fd5-photos.leclercdrive.fr/image.ashx?id=2935777&use=l&cat=p&typeid=i","cat":312236},{"id":158787,"n":"Petit pot bébé Blédina 6 mois Légume viande poisson - 8x200g","p":7.66,"u":"4,79 €/KG","img":"https://fd5-photos.leclercdrive.fr/image.ashx?id=2948773&use=l&cat=p&typeid=i","cat":312236},{"id":158788,"n":"Noisette décortiquée Vahiné 125g","p":3.5,"u":"28,00 €/KG","img":"https://fd5-photos.leclercdrive.fr/image.ashx?id=2559814&use=l&cat=p&typeid=i","cat":284504},{"id":158789,"n":"Levure boulanger Vahiné x6 - 48g","p":1.26,"u":"26,25 €/KG","img":"https://fd5-photos.leclercdrive.fr/image.ashx?id=2559793&use=l&cat=p&typeid=i","cat":294686},{"id":158791,"n":"Poivre noir grain Ducros 200g - n°6","p":9.21,"u":"46,05 €/KG","img":"https://fd5-photos.leclercdrive.fr/image.ashx?id=2486599&use=l&cat=p&typeid=i","cat":284457},{"id":158803,"n":"Rotella Haribo Sachet bonbons réglisse - 300g","p":1.32,"u":"4,40 €/KG","img":"https://fd5-photos.leclercdrive.fr/image.ashx?id=2982402&use=l&cat=p&typeid=i","cat":304250},{"id":158805,"n":"Quinoa gourmand Tipiak Aux épices douces 240g","p":2.51,"u":"10,46 €/KG","img":"https://fd5-photos.leclercdrive.fr/image.ashx?id=2947054&use=l&cat=p&typeid=i","cat":284429},{"id":158812,"n":"Nappage framboise Vahiné 155g","p":2.07,"u":"13,35 €/KG","img":"https://fd5-photos.leclercdrive.fr/image.ashx?id=2805267&use=l&cat=p&typeid=i","cat":284504},{"id":158817,"n":"Capsules café L'Or Espresso Bio N°7 x10","p":3.58,"u":"68,85 €/KG","img":"https://fd5-photos.leclercdrive.fr/image.ashx?id=2133545&use=l&cat=p&typeid=i","cat":284749},{"id":158834,"n":"Céréales Fitness Nature 475g","p":2.9,"u":"6,11 €/KG","img":"https://fd5-photos.leclercdrive.fr/image.ashx?id=2874084&use=l&cat=p&typeid=i","cat":309512},{"id":158837,"n":"Céréales Chocapic Nestlé Pack 6x30g","p":2.44,"u":"13,56 €/KG","img":"https://fd5-photos.leclercdrive.fr/image.ashx?id=2995436&use=l&cat=p&typeid=i","cat":309513},{"id":158891,"n":"Boisson aux fruits Jafun Tropical - 1L","p":1.19,"u":"1,19 €/L","img":"https://fd5-photos.leclercdrive.fr/image.ashx?id=2913763&use=l&cat=p&typeid=i","cat":295018},{"id":158917,"n":"Pâté de canard Jean Brunet A l'Armagnac - 180g","p":1.86,"u":"10,33 €/KG","img":"https://fd5-photos.leclercdrive.fr/image.ashx?id=2504647&use=l&cat=p&typeid=i","cat":305149},{"id":158936,"n":"Pains au lait La Boulangère x10 - 350g","p":1.91,"u":"5,46 €/KG","img":"https://fd5-photos.leclercdrive.fr/image.ashx?id=2912437&use=l&cat=p&typeid=i","cat":293505},{"id":158949,"n":"Gaufres aux oeufs Lotus 371g","p":2.97,"u":"8,01 €/KG","img":"https://fd5-photos.leclercdrive.fr/image.ashx?id=2133849&use=l&cat=p&typeid=i","cat":294777},{"id":158966,"n":"Rainbow Pik Haribo  Sachet bonbons acidulés - 200g","p":1.84,"u":"9,20 €/KG","img":"https://fd5-photos.leclercdrive.fr/image.ashx?id=2982408&use=l&cat=p&typeid=i","cat":304250},{"id":158970,"n":"Sauce Tomacouli Panzani - 200G","p":0.91,"u":"4,55 €/KG","img":"https://fd5-photos.leclercdrive.fr/image.ashx?id=2872853&use=l&cat=p&typeid=i","cat":288384},{"id":158977,"n":"Tripe Paul et Louise 400g","p":2.29,"u":"5,73 €/KG","img":"https://fd5-photos.leclercdrive.fr/image.ashx?id=2367565&use=l&cat=p&typeid=i","cat":284441},{"id":158982,"n":"Petit pot bébé Blédina 4-6 mois Purée de poireau - 2x130g","p":1.31,"u":"5,04 €/KG","img":"https://fd5-photos.leclercdrive.fr/image.ashx?id=2911190&use=l&cat=p&typeid=i","cat":312234},{"id":159015,"n":"Biscottes Aixoises Roger Pain Complet 250g","p":2.66,"u":"10,64 €/KG","img":"https://fd5-photos.leclercdrive.fr/image.ashx?id=2680134&use=l&cat=p&typeid=i","cat":284479},{"id":159018,"n":"Bruschettine Tradition Roger 150g","p":2.18,"u":"8,72 €/KG","img":"https://fd5-photos.leclercdrive.fr/image.ashx?id=2628848&use=l&cat=p&typeid=i","cat":284479},{"id":159067,"n":"Bière blonde Victoria 8,5% - 75cl","p":3.53,"u":"4,71 €/L","img":"https://fd5-photos.leclercdrive.fr/image.ashx?id=2157400&use=l&cat=p&typeid=i","cat":334872},{"id":159081,"n":"Rhum Havana Club Especial 37,5% vol - 70cl","p":15.85,"u":"22,64 €/L","img":"https://fd5-photos.leclercdrive.fr/image.ashx?id=2961311&use=l&cat=p&typeid=i","cat":284550},{"id":159112,"n":"Matière grasse St Hubert Doux - 500g","p":3.94,"u":"7,88 €/KG","img":"https://fd5-photos.leclercdrive.fr/image.ashx?id=2734084&use=l&cat=p&typeid=i","cat":315229},{"id":159113,"n":"Matière grasse St Hubert Demi-sel - 500g","p":3.92,"u":"7,84 €/KG","img":"https://fd5-photos.leclercdrive.fr/image.ashx?id=2734087&use=l&cat=p&typeid=i","cat":316068},{"id":159203,"n":"Saint Félicien Sainte Colombe 180g","p":3.9,"img":"https://fd5-photos.leclercdrive.fr/image.ashx?id=2314026&use=l&cat=p&typeid=i","cat":314031},{"id":159204,"n":"Filet de poulet Maître Coq Blanc en aiguillette  280g","p":5.54,"u":"19,79 €/KG","img":"https://fd5-photos.leclercdrive.fr/image.ashx?id=2882728&use=l&cat=p&typeid=i","cat":284336},{"id":159209,"n":"Lasagne Lustucru Selection  250g","p":2.2,"u":"8,80 €/KG","img":"https://fd5-photos.leclercdrive.fr/image.ashx?id=2792396&use=l&cat=p&typeid=i","cat":333682},{"id":159212,"n":"Bloc WC Bref Deluxe Magnolia  Toilettes propres - 50g x1","p":1.94,"u":"38,80 €/KG","img":"https://fd5-photos.leclercdrive.fr/image.ashx?id=2907581&use=l&cat=p&typeid=i","cat":284662},{"id":159218,"n":"Cabillaud surgelé Filets Findus MSC - x4 - 400g","p":8.69,"u":"21,73 €/P","img":"https://fd5-photos.leclercdrive.fr/image.ashx?id=2735344&use=l&cat=p&typeid=i","cat":319786},{"id":159220,"n":"Dos de Cabillaud Findus MSC - x4 - 440g","p":10.27,"u":"23,34 €/KG","img":"https://fd5-photos.leclercdrive.fr/image.ashx?id=2735347&use=l&cat=p&typeid=i","cat":319786},{"id":159338,"n":"Demi reblochon Pochat & Fils AOP Fruitier - 27%mg - 240g","p":4.01,"u":"16,71 €/KG","img":"https://fd5-photos.leclercdrive.fr/image.ashx?id=2137855&use=l&cat=p&typeid=i","cat":314037},{"id":159343,"n":"Whisky Aerstone Land Cask 40d - 70cl","p":21.5,"u":"30,71 €/L","img":"https://fd5-photos.leclercdrive.fr/image.ashx?id=2834728&use=l&cat=p&typeid=i","cat":284547},{"id":159352,"n":"Concentré à diluer Pulco Citron Fraise - 70cl","p":3.18,"u":"4,54 €/L","img":"https://fd5-photos.leclercdrive.fr/image.ashx?id=2687782&use=l&cat=p&typeid=i","cat":295020},{"id":159355,"n":"Whisky aerstone Sea Cask 40° - 70cl","p":24.7,"u":"35,29 €/L","img":"https://fd5-photos.leclercdrive.fr/image.ashx?id=2834725&use=l&cat=p&typeid=i","cat":284547},{"id":159364,"n":"Houmous Tables du Monde 175g","p":2.25,"u":"12,86 €/KG","img":"https://fd5-photos.leclercdrive.fr/image.ashx?id=2860079&use=l&cat=p&typeid=i","cat":315999},{"id":159372,"n":"IGP Pays d'Oc Grenache vin rosé Vieux Carion - BIB 5L","p":11.99,"u":"2,40 €/L","img":"https://fd5-photos.leclercdrive.fr/image.ashx?id=2879946&use=l&cat=p&typeid=i","cat":289558},{"id":159376,"n":"IGP Pays d'Oc Chardonnay vin blanc Vieux Carion - BIB 5L","p":14.49,"u":"2,90 €/L","img":"https://fd5-photos.leclercdrive.fr/image.ashx?id=2890021&use=l&cat=p&typeid=i","cat":289557},{"id":159378,"n":"Whisky Nikka Days 40% - 70cl","p":31.64,"u":"45,20 €/L","img":"https://fd5-photos.leclercdrive.fr/image.ashx?id=2735710&use=l&cat=p&typeid=i","cat":284547},{"id":159381,"n":"Rhum epice Lagoa 35% 70cl","p":9.99,"u":"14,27 €/L","img":"https://fd5-photos.leclercdrive.fr/image.ashx?id=2966499&use=l&cat=p&typeid=i","cat":284550},{"id":159394,"n":"Amandes émondées Vahiné 125g","p":4.11,"u":"32,88 €/KG","img":"https://fd5-photos.leclercdrive.fr/image.ashx?id=2606250&use=l&cat=p&typeid=i","cat":284357},{"id":159399,"n":"Saumon fumé ASC Mowi x4 - 130g","p":6.86,"u":"52,77 €/KG","img":"https://fd5-photos.leclercdrive.fr/image.ashx?id=3006193&use=l&cat=p&typeid=i","cat":285188},{"id":159409,"n":"Amande éffilée grillée Vahiné 100g","p":3.74,"u":"37,40 €/KG","img":"https://fd5-photos.leclercdrive.fr/image.ashx?id=2387597&use=l&cat=p&typeid=i","cat":284357},{"id":159416,"n":"Thym Ducros Grand flacon - 85g","p":3.4,"u":"40,00 €/KG","img":"https://fd5-photos.leclercdrive.fr/image.ashx?id=2486557&use=l&cat=p&typeid=i","cat":298297},{"id":159448,"n":"Boisson aux fruits Jafun Pomme Cassis Framboise - 2L","p":1.49,"u":"0,75 €/L","img":"https://fd5-photos.leclercdrive.fr/image.ashx?id=2956924&use=l&cat=p&typeid=i","cat":295018},{"id":159506,"n":"Ravioli bolognaise Turini 300g","p":1.99,"u":"6,63 €/KG","img":"https://fd5-photos.leclercdrive.fr/image.ashx?id=2140151&use=l&cat=p&typeid=i","cat":333682},{"id":159509,"n":"Girasoli Turini Mozzarella Tomates - 300g","p":2.49,"u":"8,30 €/KG","img":"https://fd5-photos.leclercdrive.fr/image.ashx?id=2778090&use=l&cat=p&typeid=i","cat":333682},{"id":159512,"n":"Taboulé basilic Menu Fraicheur 300g","p":1.49,"u":"4,97 €/KG","img":"https://fd5-photos.leclercdrive.fr/image.ashx?id=2816600&use=l&cat=p&typeid=i","cat":333657},{"id":159513,"n":"Bière aromatisée Desquiles Ginger - 50cl","p":1.39,"u":"2,78 €/L","img":"https://fd5-photos.leclercdrive.fr/image.ashx?id=2726494&use=l&cat=p&typeid=i","cat":334853},{"id":159519,"n":"Pates fusili Côté Snack Raclette - 300g","p":1.99,"u":"6,63 €/KG","img":"https://fd5-photos.leclercdrive.fr/image.ashx?id=2613291&use=l&cat=p&typeid=i","cat":334983},{"id":159522,"n":"Cremio Box Sodebo Jambon Emmental 280g","p":2.7,"u":"9,64 €/KG","img":"https://fd5-photos.leclercdrive.fr/image.ashx?id=2860196&use=l&cat=p&typeid=i","cat":334983},{"id":159548,"n":"Veau haché BioYooji 6 mois - 80g","p":4.04,"u":"50,50 €/KG","img":"https://fd5-photos.leclercdrive.fr/image.ashx?id=2832260&use=l&cat=p&typeid=i","cat":290631},{"id":159598,"n":"Terrine Forestiere 180g","p":1.98,"u":"11,00 €/KG","img":"https://fd5-photos.leclercdrive.fr/image.ashx?id=2409370&use=l&cat=p&typeid=i","cat":305149},{"id":159627,"n":"Fromage Fol Epi  Originale 8 Tranches - 150g","p":1.86,"u":"12,40 €/KG","img":"https://fd5-photos.leclercdrive.fr/image.ashx?id=2456801&use=l&cat=p&typeid=i","cat":314028},{"id":159630,"n":"Pomme de terre Eco+ Epluchées - 1kg","p":1.95,"u":"1,95 €/KG","img":"https://fd5-photos.leclercdrive.fr/image.ashx?id=2712422&use=l&cat=p&typeid=i","cat":284352},{"id":159631,"n":"Betterave Eco+ 2x500g","p":1.44,"u":"1,44 €/KG","img":"https://fd5-photos.leclercdrive.fr/image.ashx?id=2669663&use=l&cat=p&typeid=i","cat":284352},{"id":159674,"n":"Purée Bio Carottes et Butternut Petits pots - 2x190g","p":2.51,"u":"6,61 €/KG","img":"https://fd5-photos.leclercdrive.fr/image.ashx?id=2640040&use=l&cat=p&typeid=i","cat":312235},{"id":159717,"n":"Ecrasé Good Goût Colin Alaska et légumes-2x190g","p":2.84,"u":"7,47 €/KG","img":"https://fd5-photos.leclercdrive.fr/image.ashx?id=2955465&use=l&cat=p&typeid=i","cat":312236},{"id":159731,"n":"Pomme Gala Bio Good Goût Gourde - 4x85g","p":3.94,"u":"11,59 €/KG","img":"https://fd5-photos.leclercdrive.fr/image.ashx?id=2736118&use=l&cat=p&typeid=i","cat":312387},{"id":159732,"n":"Poire Williams Bio Good Goût Gourde - 4x85g","p":4.08,"u":"12,00 €/KG","img":"https://fd5-photos.leclercdrive.fr/image.ashx?id=2736121&use=l&cat=p&typeid=i","cat":312387},{"id":159733,"n":"Banane Bio Good Goût Gourde - 4x85g","p":3.5,"u":"10,29 €/KG","img":"https://fd5-photos.leclercdrive.fr/image.ashx?id=2736115&use=l&cat=p&typeid=i","cat":312387},{"id":159735,"n":"Pomme Framboise Bio Good Goût - Gourde - 120g","p":1.57,"u":"13,08 €/KG","img":"https://fd5-photos.leclercdrive.fr/image.ashx?id=2736103&use=l&cat=p&typeid=i","cat":312387},{"id":159736,"n":"Biscuits Animaux Good Goût Bio Huile essentielles Citron 80g","p":3.42,"u":"42,75 €/KG","img":"https://fd5-photos.leclercdrive.fr/image.ashx?id=2697216&use=l&cat=p&typeid=i","cat":312227},{"id":159737,"n":"Biscuits Bio - Good Goût  10 mois  - 80g","p":3.46,"u":"43,25 €/KG","img":"https://fd5-photos.leclercdrive.fr/image.ashx?id=2697219&use=l&cat=p&typeid=i","cat":312227},{"id":159781,"n":"Figatelli charcuterie Ariola 250g","p":4.78,"u":"19,12 €/KG","img":"https://fd5-photos.leclercdrive.fr/image.ashx?id=2141293&use=l&cat=p&typeid=i","cat":316006},{"id":159831,"n":"Saucisson sec fumé porc Ariola 250g","p":5.37,"img":"https://fd5-photos.leclercdrive.fr/image.ashx?id=2141500&use=l&cat=p&typeid=i","cat":316006},{"id":159868,"n":"Saucisson de sanglier  Ariola Fumé de Bastelica - 250g","p":5.92,"u":"592,00 €/L","img":"https://fd5-photos.leclercdrive.fr/image.ashx?id=2141596&use=l&cat=p&typeid=i","cat":316006},{"id":159875,"n":"Bières Florida Sunrise - Desperados - 3x33cL","p":4.86,"u":"14,73 €/L","img":"https://fd5-photos.leclercdrive.fr/image.ashx?id=2977972&use=l&cat=p&typeid=i","cat":334878},{"id":159879,"n":"Saucisson porc à la chataigne Fumé de Bastelica - 250g","p":8.27,"img":"https://fd5-photos.leclercdrive.fr/image.ashx?id=2141608&use=l&cat=p&typeid=i","cat":316006},{"id":159892,"n":"Petits pots bébé P'TITE RECETTE Risotto 8M+ - 2x200g","p":2.12,"u":"5,30 €/KG","img":"https://fd5-photos.leclercdrive.fr/image.ashx?id=2737132&use=l&cat=p&typeid=i","cat":312236},{"id":159895,"n":"Coppa Ariola 550g","p":18.72,"u":"34,04 €/KG","img":"https://fd5-photos.leclercdrive.fr/image.ashx?id=2141648&use=l&cat=p&typeid=i","cat":316006},{"id":159897,"n":"Fromage Enfant Kiri Crème 12 portions à tartiner - 216g","p":2.59,"u":"11,99 €/KG","img":"https://fd5-photos.leclercdrive.fr/image.ashx?id=2973565&use=l&cat=p&typeid=i","cat":314030},{"id":159899,"n":"Biscuit caramel P'tit Déli Beurre salé - 120g","p":2.06,"u":"17,17 €/KG","img":"https://fd5-photos.leclercdrive.fr/image.ashx?id=2141738&use=l&cat=p&typeid=i","cat":284487},{"id":159903,"n":"Boisson aux fruits Jafun Tropical - 2L","p":1.75,"u":"0,88 €/L","img":"https://fd5-photos.leclercdrive.fr/image.ashx?id=2897835&use=l&cat=p&typeid=i","cat":295018},{"id":159910,"n":"Bouteille filtrante Brita Gris foncé 1 microdisc filtrant","p":21.9,"img":"https://fd5-photos.leclercdrive.fr/image.ashx?id=2878270&use=l&cat=p&typeid=i","cat":334135},{"id":159921,"n":"Céréales Jordans Country Crisp Framboises - 500g","p":3.38,"u":"6,76 €/KG","img":"https://fd5-photos.leclercdrive.fr/image.ashx?id=2966773&use=l&cat=p&typeid=i","cat":309512},{"id":159924,"n":"Céréales Jordans Granola Chocolat Noir - 400g","p":3.77,"u":"9,43 €/KG","img":"https://fd5-photos.leclercdrive.fr/image.ashx?id=2478784&use=l&cat=p&typeid=i","cat":309512},{"id":159938,"n":"Desserts Lactés P'TIT BRASSE   Fraise BIO 6M+ - 4x90g","p":1.98,"u":"22,00 €/KG","img":"https://fd5-photos.leclercdrive.fr/image.ashx?id=2510202&use=l&cat=p&typeid=i","cat":312392},{"id":159950,"n":"Desserts Lactés P'TIT GOURMAND  BIO Cacao  6M+ - 4x90g","p":2.21,"u":"24,56 €/KG","img":"https://fd5-photos.leclercdrive.fr/image.ashx?id=2481691&use=l&cat=p&typeid=i","cat":312392},{"id":159953,"n":"Lait croissance GUIGOZ OPTIPRO  12M+ - 2x600g","p":12.71,"u":"10,59 €/KG","img":"https://fd5-photos.leclercdrive.fr/image.ashx?id=2811650&use=l&cat=p&typeid=i","cat":290219},{"id":159965,"n":"Capsules Starbucks by Nespresso  Colombia Int 7 - x18","p":6.05,"u":"59,90 €/KG","img":"https://fd5-photos.leclercdrive.fr/image.ashx?id=2668174&use=l&cat=p&typeid=i","cat":284749},{"id":159976,"n":"Repas Enfant Poulet Et Légumes  P'tite Recette - 2x200g","p":1.94,"u":"9,70 €/KG","img":"https://fd5-photos.leclercdrive.fr/image.ashx?id=2525723&use=l&cat=p&typeid=i","cat":312236},{"id":160055,"n":"Boxer coton stretch Dim Noir/Gris/Blanc T6/XXL - x3","p":24.95,"u":"8,32 €/P","img":"https://fd5-photos.leclercdrive.fr/image.ashx?id=2143226&use=l&cat=p&typeid=i","cat":291524},{"id":160083,"n":"Burrata Ambrosi 120g","p":2.89,"u":"24,08 €/KG","img":"https://fd5-photos.leclercdrive.fr/image.ashx?id=2148467&use=l&cat=p&typeid=i","cat":314026},{"id":160101,"n":"Yaourt brassé Perle de Lait Panaché - 8x125g","p":3.2,"u":"3,20 €/KG","img":"https://fd5-photos.leclercdrive.fr/image.ashx?id=2989222&use=l&cat=p&typeid=i","cat":286006},{"id":160106,"n":"Jus innocent  tutti frutti 1.5L","p":3.49,"u":"2,33 €/L","img":"https://fd5-photos.leclercdrive.fr/image.ashx?id=2907449&use=l&cat=p&typeid=i","cat":284354},{"id":160107,"n":"Jus innocent  pomme 1.5L","p":3.77,"u":"2,51 €/L","img":"https://fd5-photos.leclercdrive.fr/image.ashx?id=2893522&use=l&cat=p&typeid=i","cat":284354},{"id":160116,"n":"Crème Brûlée au Rhum Rians De Guadeloupe - 2x100g","p":2.92,"u":"14,60 €/KG","img":"https://fd5-photos.leclercdrive.fr/image.ashx?id=2144290&use=l&cat=p&typeid=i","cat":285041},{"id":160134,"n":"Tartare Végétal Lait d'Amande  Ail et Fines Herbes - 140g","p":2.43,"u":"17,36 €/KG","img":"https://fd5-photos.leclercdrive.fr/image.ashx?id=2928618&use=l&cat=p&typeid=i","cat":316070},{"id":160143,"n":"Dessert fruitier Andros Pomme/vanille - 4x100g","p":1.31,"u":"3,28 €/KG","img":"https://fd5-photos.leclercdrive.fr/image.ashx?id=2883937&use=l&cat=p&typeid=i","cat":284416},{"id":160144,"n":"Compotée Bonne Maman Mangue Pêche - 2x130g","p":3.16,"u":"24,31 €/KG","img":"https://fd5-photos.leclercdrive.fr/image.ashx?id=2874030&use=l&cat=p&typeid=i","cat":284416},{"id":160147,"n":"Yaourt gourmand Mamie Nova Citron lemon curd - 2x150g","p":1.34,"u":"4,47 €/KG","img":"https://fd5-photos.leclercdrive.fr/image.ashx?id=2144638&use=l&cat=p&typeid=i","cat":284410},{"id":160189,"n":"Desserts panaches Andros 16x100g","p":4.87,"u":"3,04 €/KG","img":"https://fd5-photos.leclercdrive.fr/image.ashx?id=2883988&use=l&cat=p&typeid=i","cat":284416},{"id":160238,"n":"Nappage Fruits rouges Vahiné 155g","p":2.28,"u":"14,71 €/KG","img":"https://fd5-photos.leclercdrive.fr/image.ashx?id=2805270&use=l&cat=p&typeid=i","cat":284504},{"id":160257,"n":"Compotes Pom'Potes Gourdes  Recette Tropiques - 12x90g","p":6.03,"u":"5,58 €/KG","img":"https://fd5-photos.leclercdrive.fr/image.ashx?id=3012194&use=l&cat=p&typeid=i","cat":284508},{"id":160264,"n":"Billes chocolatées Lindt Crispy Céréale grillée - 140g","p":2.99,"u":"21,36 €/KG","img":"https://fd5-photos.leclercdrive.fr/image.ashx?id=2208942&use=l&cat=p&typeid=i","cat":304238},{"id":160361,"n":"AOP Château L'hospitalet Languedoc La Clape - 75cl","p":13.57,"u":"18,09 €/L","img":"https://fd5-photos.leclercdrive.fr/image.ashx?id=2407604&use=l&cat=p&typeid=i","cat":289557},{"id":160368,"n":"Epinards Les Crudettes Cœur de Géant - 350g","p":3.34,"u":"9,54 €/KG","img":"https://fd5-photos.leclercdrive.fr/image.ashx?id=2148633&use=l&cat=p&typeid=i","cat":284353},{"id":160369,"n":"Croûtons crispy oignons Ail & Poivre 80g","p":2.25,"u":"28,13 €/KG","img":"https://fd5-photos.leclercdrive.fr/image.ashx?id=2800669&use=l&cat=p&typeid=i","cat":284353},{"id":160373,"n":"Baby Carottes Ferme à Jules 200g","p":2.06,"u":"10,30 €/KG","img":"https://fd5-photos.leclercdrive.fr/image.ashx?id=2155744&use=l&cat=p&typeid=i","cat":284352},{"id":160392,"n":"Yaourt bifidus Activia vanille - 8x125g","p":3.5,"u":"3,50 €/KG","img":"https://fd5-photos.leclercdrive.fr/image.ashx?id=2291513&use=l&cat=p&typeid=i","cat":315000},{"id":160394,"n":"Yaourt à boire Actimel Nature - 6x100g","p":2.93,"u":"4,88 €/KG","img":"https://fd5-photos.leclercdrive.fr/image.ashx?id=2992723&use=l&cat=p&typeid=i","cat":284415},{"id":160396,"n":"Yaourt bifidus Activia céréales Granola amarante - 4x120g","p":2.4,"u":"5,00 €/KG","img":"https://fd5-photos.leclercdrive.fr/image.ashx?id=2792078&use=l&cat=p&typeid=i","cat":315000},{"id":160428,"n":"Lessive liquide fraicheur Epsil 40 lavages - 2L","p":4.6,"u":"2,30 €/L","img":"https://fd5-photos.leclercdrive.fr/image.ashx?id=2602982&use=l&cat=p&typeid=i","cat":284640},{"id":160429,"n":"Lessive liquide printemps Epsil 40 Lavages - 2L","p":4.6,"u":"2,30 €/L","img":"https://fd5-photos.leclercdrive.fr/image.ashx?id=2958347&use=l&cat=p&typeid=i","cat":284640},{"id":160430,"n":"Lessive liquide sensitive Epsil 40 lavages - 2L","p":5.99,"u":"3,00 €/L","img":"https://fd5-photos.leclercdrive.fr/image.ashx?id=2838951&use=l&cat=p&typeid=i","cat":284640},{"id":160624,"n":"Kebab volaille veau Alsalor 800g","p":9.06,"u":"11,33 €/KG","img":"https://fd5-photos.leclercdrive.fr/image.ashx?id=2159421&use=l&cat=p&typeid=i","cat":319784},{"id":160625,"n":"Kebab volaille Alsalor 800g","p":11.41,"u":"14,26 €/KG","img":"https://fd5-photos.leclercdrive.fr/image.ashx?id=2153906&use=l&cat=p&typeid=i","cat":319784},{"id":160629,"n":"AOP Crémant de Bordeaux rosé Brut Malesan - 75cl","p":6.9,"pp":4.55,"u":"6,07 €/L","img":"https://fd5-photos.leclercdrive.fr/image.ashx?id=2464705&use=l&cat=p&typeid=i","cat":289558},{"id":160725,"n":"Asperges blanches Géant Vert grosses - 205g","p":3.75,"u":"18,29 €/KG","img":"https://fd5-photos.leclercdrive.fr/image.ashx?id=2840551&use=l&cat=p&typeid=i","cat":312611},{"id":160726,"n":"Cerise bigarreau St Mamet 240g","p":3.38,"u":"14,08 €/KG","img":"https://fd5-photos.leclercdrive.fr/image.ashx?id=2628425&use=l&cat=p&typeid=i","cat":284507},{"id":160744,"n":"AOP Parmigiano regiano Ambrosio Bio - 200g","p":5.64,"u":"28,20 €/KG","img":"https://fd5-photos.leclercdrive.fr/image.ashx?id=2154713&use=l&cat=p&typeid=i","cat":314034},{"id":160756,"n":"Papier Toilette Humide - Aloe Vera Lotus - x80","p":3.58,"u":"0,04 €/P","img":"https://fd5-photos.leclercdrive.fr/image.ashx?id=2842927&use=l&cat=p&typeid=i","cat":284634},{"id":160820,"n":"Mozza Sticks Pickers by McCain Batonnets de mozzarella - 230g","p":3.48,"u":"15,13 €/KG","img":"https://fd5-photos.leclercdrive.fr/image.ashx?id=2920021&use=l&cat=p&typeid=i","cat":319822},{"id":160821,"n":"Onion rings Pickers by McCain 350g","p":3.34,"u":"9,54 €/KG","img":"https://fd5-photos.leclercdrive.fr/image.ashx?id=2920024&use=l&cat=p&typeid=i","cat":319822},{"id":160822,"n":"Italian Pops Pickers by McCain Bouchées tomates mozza - 230g","p":3.44,"u":"14,96 €/KG","img":"https://fd5-photos.leclercdrive.fr/image.ashx?id=2911588&use=l&cat=p&typeid=i","cat":319822},{"id":160823,"n":"Nacho cheese Pickers by McCain Triangles fromage poivron 230g","p":3.45,"u":"15,00 €/KG","img":"https://fd5-photos.leclercdrive.fr/image.ashx?id=2752227&use=l&cat=p&typeid=i","cat":319822},{"id":161003,"n":"Mayonnaise Bénédicta Nature - 510g","p":2.48,"u":"4,86 €/KG","img":"https://fd5-photos.leclercdrive.fr/image.ashx?id=2548225&use=l&cat=p&typeid=i","cat":298295},{"id":161006,"n":"Mayonnaise Bénédicta Nature - 585g","p":3.39,"u":"5,79 €/KG","img":"https://fd5-photos.leclercdrive.fr/image.ashx?id=2889664&use=l&cat=p&typeid=i","cat":298295},{"id":161007,"n":"Mayonnaise Bénédicta Nature - 400g","p":2.42,"u":"6,05 €/KG","img":"https://fd5-photos.leclercdrive.fr/image.ashx?id=2548237&use=l&cat=p&typeid=i","cat":298295},{"id":161043,"n":"Citrons verts bio Bio Village Barquette x3","p":2.89,"u":"0,96 €/P","img":"https://fd5-photos.leclercdrive.fr/image.ashx?id=2552017&use=l&cat=p&typeid=i","cat":284356},{"id":161082,"n":"Café capsules DOLCE GUSTO Starbucks vanilla macchiato 2x6","p":4.39,"u":"33,26 €/KG","img":"https://fd5-photos.leclercdrive.fr/image.ashx?id=2986912&use=l&cat=p&typeid=i","cat":293239},{"id":161093,"n":"Nettoyant ménager La Croix  spray cuisine sans javel- 500ml","p":2.41,"u":"4,82 €/L","img":"https://fd5-photos.leclercdrive.fr/image.ashx?id=2676918&use=l&cat=p&typeid=i","cat":325357},{"id":161098,"n":"Shampooing solide Bionaîa Cheveux normaux bio - 85g","p":2.99,"u":"35,18 €/KG","img":"https://fd5-photos.leclercdrive.fr/image.ashx?id=2835214&use=l&cat=p&typeid=i","cat":284606},{"id":161105,"n":"Morceaux de thon Petit Navire 2x112g","p":3.48,"u":"15,54 €/KG","img":"https://fd5-photos.leclercdrive.fr/image.ashx?id=2785130&use=l&cat=p&typeid=i","cat":303867},{"id":161117,"n":"Pizza 5 fromaggi Italpizza 520g","p":4.82,"u":"9,27 €/KG","img":"https://fd5-photos.leclercdrive.fr/image.ashx?id=2540877&use=l&cat=p&typeid=i","cat":284256},{"id":161123,"n":"Boisson aux fruits Jafun Fraise Framboise - 2L","p":2.12,"u":"1,06 €/L","img":"https://fd5-photos.leclercdrive.fr/image.ashx?id=2865287&use=l&cat=p&typeid=i","cat":295018},{"id":161126,"n":"Boisson aux fruits Jafun Multifruits - 2L","p":1.99,"u":"1,00 €/L","img":"https://fd5-photos.leclercdrive.fr/image.ashx?id=2897832&use=l&cat=p&typeid=i","cat":295018},{"id":161130,"n":"Boissons à base de fruit Jafun Pêche Abricot - 2L","p":1.99,"u":"1,00 €/L","img":"https://fd5-photos.leclercdrive.fr/image.ashx?id=2865293&use=l&cat=p&typeid=i","cat":295018},{"id":161131,"n":"Boisson à base de fruits Jafun Pomme Kiwi - 2L","p":2.6,"u":"1,30 €/L","img":"https://fd5-photos.leclercdrive.fr/image.ashx?id=2865299&use=l&cat=p&typeid=i","cat":295018},{"id":161135,"n":"DOC Prosecco extra-dry rosé Marque Repère - 7% vol 75 cl","p":5.49,"u":"7,32 €/L","img":"https://fd5-photos.leclercdrive.fr/image.ashx?id=2977180&use=l&cat=p&typeid=i","cat":289461},{"id":161144,"n":"Boisson à base de fruits Jafun Pomme poire - 2L","p":2.23,"u":"1,12 €/L","img":"https://fd5-photos.leclercdrive.fr/image.ashx?id=2865302&use=l&cat=p&typeid=i","cat":295018},{"id":161402,"n":"Tranches de Cheddar Appetisi 130g","p":1.65,"u":"12,69 €/KG","img":"https://fd5-photos.leclercdrive.fr/image.ashx?id=2159337&use=l&cat=p&typeid=i","cat":314028},{"id":161410,"n":"Pains hot dog La Fournée Dorée Brioch' x6 - 270g","p":2.09,"u":"7,74 €/KG","img":"https://fd5-photos.leclercdrive.fr/image.ashx?id=2406136&use=l&cat=p&typeid=i","cat":284985},{"id":161413,"n":"Confiture fraises Léonce Blanc 70% de fruits - 320g","p":3.12,"u":"9,75 €/KG","img":"https://fd5-photos.leclercdrive.fr/image.ashx?id=2181164&use=l&cat=p&typeid=i","cat":284480},{"id":161414,"n":"Confiture aux framboises Léonce Blanc 70% de fruits-320g","p":3.93,"u":"12,28 €/KG","img":"https://fd5-photos.leclercdrive.fr/image.ashx?id=2285660&use=l&cat=p&typeid=i","cat":284480},{"id":161415,"n":"Confiture aux abricots Léonce Blanc 70% de fruits-320g","p":3.27,"u":"10,22 €/KG","img":"https://fd5-photos.leclercdrive.fr/image.ashx?id=2181161&use=l&cat=p&typeid=i","cat":284480},{"id":161433,"n":"Dragibus Doypack Haribo Sachet bonbons - 220g","p":1.81,"u":"8,23 €/KG","img":"https://fd5-photos.leclercdrive.fr/image.ashx?id=2984940&use=l&cat=p&typeid=i","cat":304250},{"id":161575,"n":"DOC Prosecco Bio 7% vol - 75cl","p":6.49,"u":"8,65 €/L","img":"https://fd5-photos.leclercdrive.fr/image.ashx?id=2977204&use=l&cat=p&typeid=i","cat":289461},{"id":161579,"n":"AOC Muscadet Sèvre et Maine sur Lie Bio Les Caractères - 75cl","p":5.79,"u":"7,72 €/L","img":"https://fd5-photos.leclercdrive.fr/image.ashx?id=2754502&use=l&cat=p&typeid=i","cat":289557},{"id":161584,"n":"AOC vin blanc Alsace Riesling Bio Rebmann - 75cl","p":5.99,"u":"7,99 €/L","img":"https://fd5-photos.leclercdrive.fr/image.ashx?id=2685702&use=l&cat=p&typeid=i","cat":289557},{"id":161693,"n":"Yaourt brassé végétal Andros Vanille Lait de coco - 4x100g","p":2.33,"u":"23,30 €/KG","img":"https://fd5-photos.leclercdrive.fr/image.ashx?id=2299202&use=l&cat=p&typeid=i","cat":316071},{"id":161708,"n":"Infusion Twinings Ayurveda Fraise Myrtille Grenade x20","p":2.74,"u":"85,63 €/KG","img":"https://fd5-photos.leclercdrive.fr/image.ashx?id=2893054&use=l&cat=p&typeid=i","cat":293234},{"id":161709,"n":"Déodorant bille Men Expert Thermic Resist - 50ml","p":2.73,"u":"54,60 €/L","img":"https://fd5-photos.leclercdrive.fr/image.ashx?id=2300518&use=l&cat=p&typeid=i","cat":284618},{"id":161736,"n":"Frites belges Belviva 1kg","p":3.12,"u":"3,12 €/KG","img":"https://fd5-photos.leclercdrive.fr/image.ashx?id=2165521&use=l&cat=p&typeid=i","cat":319791},{"id":161809,"n":"Lait Solaire Soleil des Iles au monoï Spray IP50 - 150ml","p":12.3,"u":"82,00 €/L","img":"https://fd5-photos.leclercdrive.fr/image.ashx?id=2161675&use=l&cat=p&typeid=i","cat":325355},{"id":161846,"n":"Sucre roux Tablier blanc En morceaux - 1kg","p":1.81,"u":"1,81 €/KG","img":"https://fd5-photos.leclercdrive.fr/image.ashx?id=3010437&use=l&cat=p&typeid=i","cat":284502},{"id":161867,"n":"Pineau des Charentes rosé Jules Gautret 17%vol. - 75cl","p":8.64,"u":"11,52 €/L","img":"https://fd5-photos.leclercdrive.fr/image.ashx?id=2503740&use=l&cat=p&typeid=i","cat":284913},{"id":161891,"n":"Pain burger Beau & Bon Harry's Brioché x4 - 300g","p":2.23,"u":"7,43 €/KG","img":"https://fd5-photos.leclercdrive.fr/image.ashx?id=2526830&use=l&cat=p&typeid=i","cat":325067},{"id":161894,"n":"Pain de mie 100% Mie Harrys Complet sans sucre ajouté- 500g","p":2.78,"u":"5,56 €/KG","img":"https://fd5-photos.leclercdrive.fr/image.ashx?id=2565780&use=l&cat=p&typeid=i","cat":284477},{"id":161913,"n":"Rhum vieux Saint-James AOC - 42%vol - 70cl","p":25.84,"u":"36,91 €/L","img":"https://fd5-photos.leclercdrive.fr/image.ashx?id=2164288&use=l&cat=p&typeid=i","cat":284550},{"id":161914,"n":"Boisson aux fruits Jafun Tropical light - 2L","p":1.39,"u":"0,70 €/L","img":"https://fd5-photos.leclercdrive.fr/image.ashx?id=2982682&use=l&cat=p&typeid=i","cat":295018},{"id":161915,"n":"Boisson tropical brick Jafun 6x20cl","p":2.19,"u":"1,83 €/L","img":"https://fd5-photos.leclercdrive.fr/image.ashx?id=2529617&use=l&cat=p&typeid=i","cat":295018},{"id":162164,"n":"Compotes Pom'Potes Gourdes 5 Fruits Exotiques&Vert -12x90g","p":5.62,"u":"5,20 €/KG","img":"https://fd5-photos.leclercdrive.fr/image.ashx?id=3010948&use=l&cat=p&typeid=i","cat":284508},{"id":162165,"n":"Compotes Materne Coupelles   MultiFruits Exotique - 12x100g","p":5.14,"u":"4,28 €/KG","img":"https://fd5-photos.leclercdrive.fr/image.ashx?id=3010873&use=l&cat=p&typeid=i","cat":284508},{"id":162175,"n":"Pancakes chocolat Whaou! x7 - 259g","p":2.42,"u":"9,34 €/KG","img":"https://fd5-photos.leclercdrive.fr/image.ashx?id=2740652&use=l&cat=p&typeid=i","cat":284495},{"id":162177,"n":"Gel Salle de bain & WC Glade Cerise & Pivoine 180g","p":2.64,"img":"https://fd5-photos.leclercdrive.fr/image.ashx?id=2454421&use=l&cat=p&typeid=i","cat":311628},{"id":162187,"n":"Skyr Bio Les 2 vaches Nature 0%MG - 480g","p":3.59,"u":"7,48 €/KG","img":"https://fd5-photos.leclercdrive.fr/image.ashx?id=2787293&use=l&cat=p&typeid=i","cat":315000},{"id":162189,"n":"Poulet fermier Périgord  Nos Régions ont du Talent 1kg","p":11.5,"u":"11,50 €/KG","img":"https://fd5-photos.leclercdrive.fr/image.ashx?id=2699831&use=l&cat=p&typeid=i","cat":284336},{"id":162193,"n":"Pizza Dolce Sodebo Napoli  Mozza Poulet - 400g","p":4.77,"u":"11,93 €/KG","img":"https://fd5-photos.leclercdrive.fr/image.ashx?id=2865707&use=l&cat=p&typeid=i","cat":333679},{"id":162219,"n":"Yaourt aux fruits bifidus Activia mangue - 6x125g","p":3.31,"u":"4,41 €/KG","img":"https://fd5-photos.leclercdrive.fr/image.ashx?id=2741814&use=l&cat=p&typeid=i","cat":315000},{"id":162220,"n":"Yaourt aux fruits bifidus  Activia fraise - 6x125g","p":4.21,"u":"5,61 €/KG","img":"https://fd5-photos.leclercdrive.fr/image.ashx?id=2741811&use=l&cat=p&typeid=i","cat":315000},{"id":162271,"n":"Tablette de chocolat noir Lindt Intense 70% - 2x200g","p":6.46,"pp":4.26,"u":"10,65 €/KG","img":"https://fd5-photos.leclercdrive.fr/image.ashx?id=2208936&use=l&cat=p&typeid=i","cat":285562},{"id":162274,"n":"Sauce Crudités Benedicta  Nature légère - 295g","p":2.04,"u":"6,92 €/KG","img":"https://fd5-photos.leclercdrive.fr/image.ashx?id=2755206&use=l&cat=p&typeid=i","cat":284456},{"id":162275,"n":"Sauce Pita Heinz - 230g","p":2.04,"u":"8,87 €/KG","img":"https://fd5-photos.leclercdrive.fr/image.ashx?id=2973165&use=l&cat=p&typeid=i","cat":318431},{"id":162279,"n":"Huile de Tournesol bio Fruit D'Or - 1L","p":7.78,"u":"7,78 €/L","img":"https://fd5-photos.leclercdrive.fr/image.ashx?id=2916836&use=l&cat=p&typeid=i","cat":284453},{"id":162320,"n":"Saucisson Petit Justin Bridou Nature - 240g","p":4.85,"u":"20,21 €/P","img":"https://fd5-photos.leclercdrive.fr/image.ashx?id=2666959&use=l&cat=p&typeid=i","cat":316006},{"id":162358,"n":"Saucisson Mini Justin Bridou Bâton de Berger Noisette - 80g","p":2.04,"u":"25,50 €/KG","img":"https://fd5-photos.leclercdrive.fr/image.ashx?id=2165251&use=l&cat=p&typeid=i","cat":316006},{"id":162359,"n":"Saucisson Mini Justin Bridou  Bâton de Berger Epicé - 80g","p":2.03,"u":"25,38 €/KG","img":"https://fd5-photos.leclercdrive.fr/image.ashx?id=2522185&use=l&cat=p&typeid=i","cat":316006},{"id":162403,"n":"Nems au porc L'Atelier Traiteur 280g","p":2.99,"u":"10,68 €/KG","img":"https://fd5-photos.leclercdrive.fr/image.ashx?id=2967682&use=l&cat=p&typeid=i","cat":333673},{"id":162407,"n":"Lasagnes à la bolognaise L'Atelier Traiteur - 900g","p":7.29,"u":"8,10 €/KG","img":"https://fd5-photos.leclercdrive.fr/image.ashx?id=2972367&use=l&cat=p&typeid=i","cat":333666},{"id":162496,"n":"Changes Pampers Hybrid Extra - x20 inserts","p":11.39,"u":"0,57 €/P","img":"https://fd5-photos.leclercdrive.fr/image.ashx?id=2542717&use=l&cat=p&typeid=i","cat":284737},{"id":162570,"n":"Sauce apéritif Doritos Goût salsa épicée -280g","p":2.42,"u":"8,64 €/KG","img":"https://fd5-photos.leclercdrive.fr/image.ashx?id=3014473&use=l&cat=p&typeid=i","cat":284451},{"id":162571,"n":"Sauce apéritif Doritos Goût fromage -280g","p":2.25,"u":"8,04 €/KG","img":"https://fd5-photos.leclercdrive.fr/image.ashx?id=2170208&use=l&cat=p&typeid=i","cat":284451},{"id":162572,"n":"Sauce apéritif Doritos Goût sour cream -280g","p":2.49,"u":"8,89 €/KG","img":"https://fd5-photos.leclercdrive.fr/image.ashx?id=2167528&use=l&cat=p&typeid=i","cat":284451},{"id":162575,"n":"Maquereaux Petit Navire Vin blanc citron&romarin - 175g","p":1.67,"u":"9,88 €/KG","img":"https://fd5-photos.leclercdrive.fr/image.ashx?id=2523906&use=l&cat=p&typeid=i","cat":303868},{"id":162583,"n":"Thon entier MSC Saupiquet Nature - 93g","p":1.73,"u":"18,60 €/KG","img":"https://fd5-photos.leclercdrive.fr/image.ashx?id=2731546&use=l&cat=p&typeid=i","cat":303867},{"id":162588,"n":"Thon entier MSC Saupiquet Nature - 2x93g","p":4.28,"u":"23,01 €/KG","img":"https://fd5-photos.leclercdrive.fr/image.ashx?id=2860886&use=l&cat=p&typeid=i","cat":303867},{"id":162590,"n":"Thon entier MSC Saupiquet Nature - 280g","p":4.51,"u":"16,11 €/KG","img":"https://fd5-photos.leclercdrive.fr/image.ashx?id=2860883&use=l&cat=p&typeid=i","cat":303867},{"id":162596,"n":"Boisson aux fruits Jafun Orange - 2L","p":1.49,"u":"0,75 €/L","img":"https://fd5-photos.leclercdrive.fr/image.ashx?id=2897829&use=l&cat=p&typeid=i","cat":295018},{"id":162597,"n":"Lait concentré Régilait Sucré demi-écrémé - 300g","p":1.89,"u":"6,30 €/KG","img":"https://fd5-photos.leclercdrive.fr/image.ashx?id=2169956&use=l&cat=p&typeid=i","cat":293236},{"id":162613,"n":"Paëlla royale L'Atelier Traiteur - 900g","p":6.98,"u":"7,76 €/KG","img":"https://fd5-photos.leclercdrive.fr/image.ashx?id=3012451&use=l&cat=p&typeid=i","cat":333666},{"id":162614,"n":"Couscous L'Atelier Traiteur 900g","p":8.99,"u":"9,99 €/KG","img":"https://fd5-photos.leclercdrive.fr/image.ashx?id=3012454&use=l&cat=p&typeid=i","cat":333666},{"id":162615,"n":"Gratin dauphinois L'Atelier Traiteur - 750g","p":7.29,"u":"9,72 €/KG","img":"https://fd5-photos.leclercdrive.fr/image.ashx?id=2208027&use=l&cat=p&typeid=i","cat":333666},{"id":162665,"n":"Terrine Charles Antona Figatellu à l'acqua vita - 100g","p":3.22,"u":"32,20 €/KG","img":"https://fd5-photos.leclercdrive.fr/image.ashx?id=2445238&use=l&cat=p&typeid=i","cat":305149},{"id":162667,"n":"Terrine Charles Antona Sanglier à l'Acqua Vita - 100g","p":3.17,"u":"31,70 €/KG","img":"https://fd5-photos.leclercdrive.fr/image.ashx?id=2445235&use=l&cat=p&typeid=i","cat":305149},{"id":162738,"n":"Shampooing Le Petit Marseillais Calendula & Coco - 2x 250ml","p":3.58,"u":"7,16 €/L","img":"https://fd5-photos.leclercdrive.fr/image.ashx?id=2668530&use=l&cat=p&typeid=i","cat":284606},{"id":162757,"n":"Lames Wilkinson Hydro 5 Regulier - 2x4","p":26.11,"u":"3,26 €/P","img":"https://fd5-photos.leclercdrive.fr/image.ashx?id=2192913&use=l&cat=p&typeid=i","cat":284616},{"id":163020,"n":"Savon liquide feuille d'olivier Le Petit Marseillais bio -290ml","p":2.01,"u":"6,93 €/L","img":"https://fd5-photos.leclercdrive.fr/image.ashx?id=2172977&use=l&cat=p&typeid=i","cat":284597},{"id":163021,"n":"Biscuits Knoppers Lait / Noisettes - 6x25g","p":2.24,"u":"14,93 €/KG","img":"https://fd5-photos.leclercdrive.fr/image.ashx?id=2659151&use=l&cat=p&typeid=i","cat":284488},{"id":163032,"n":"Déodorant Homme AXE Dark Temptation 48h 200ml","p":3.38,"u":"16,90 €/L","img":"https://fd5-photos.leclercdrive.fr/image.ashx?id=2894557&use=l&cat=p&typeid=i","cat":284618},{"id":163033,"n":"Tablette chocolat Villars Lait - 100g","p":2.28,"u":"22,80 €/KG","img":"https://fd5-photos.leclercdrive.fr/image.ashx?id=2464318&use=l&cat=p&typeid=i","cat":284497},{"id":163127,"n":"Thon entier nature MSC Saupiquet - 2x140g","p":5.33,"u":"19,04 €/KG","img":"https://fd5-photos.leclercdrive.fr/image.ashx?id=2860871&use=l&cat=p&typeid=i","cat":303867},{"id":163128,"n":"Fromage Fol Epi  Originale 16 tranches - 308g","p":3.94,"u":"12,79 €/KG","img":"https://fd5-photos.leclercdrive.fr/image.ashx?id=2765928&use=l&cat=p&typeid=i","cat":314028},{"id":163129,"n":"Petits pains grillés Krisprolls Complet - 425g","p":2.99,"u":"7,04 €/KG","img":"https://fd5-photos.leclercdrive.fr/image.ashx?id=2793716&use=l&cat=p&typeid=i","cat":284479},{"id":163130,"n":"Petits pains grillés Krisprolls Complet sans sucre ajoutés 425g","p":3.3,"u":"7,76 €/KG","img":"https://fd5-photos.leclercdrive.fr/image.ashx?id=2985558&use=l&cat=p&typeid=i","cat":284479},{"id":163132,"n":"Boisson orange Jafun Brique - 6x20cl","p":2.5,"u":"2,08 €/L","img":"https://fd5-photos.leclercdrive.fr/image.ashx?id=2992582&use=l&cat=p&typeid=i","cat":284524},{"id":163133,"n":"Bière ambrée Kwak 8.4% - 75cl","p":4.6,"u":"6,13 €/L","img":"https://fd5-photos.leclercdrive.fr/image.ashx?id=2948423&use=l&cat=p&typeid=i","cat":334872},{"id":163143,"n":"Dragibus Soft Haribo Sachet bonbons - 300g","p":1.32,"u":"4,40 €/KG","img":"https://fd5-photos.leclercdrive.fr/image.ashx?id=2806123&use=l&cat=p&typeid=i","cat":304250},{"id":163145,"n":"Dragibus Original Haribo Multipack bonbons - 250g","p":1.64,"u":"6,56 €/KG","img":"https://fd5-photos.leclercdrive.fr/image.ashx?id=2984943&use=l&cat=p&typeid=i","cat":304250},{"id":163147,"n":"Bonbons Haribo Dragolo - 750g","p":4.91,"u":"6,55 €/KG","img":"https://fd5-photos.leclercdrive.fr/image.ashx?id=2803586&use=l&cat=p&typeid=i","cat":304250},{"id":163162,"n":"Amandine aux poires La Laitière 4x85g","p":2.91,"u":"8,56 €/KG","img":"https://fd5-photos.leclercdrive.fr/image.ashx?id=2683640&use=l&cat=p&typeid=i","cat":284419},{"id":163224,"n":"Trousse Benchmark Eastpak Black - 1 pièce","p":9.9,"img":"https://fd5-photos.leclercdrive.fr/image.ashx?id=2175096&use=l&cat=p&typeid=i","cat":334133},{"id":163258,"n":"Petits pots Hipp Bio Gratin de Courgettes 6-9mois 2x190g","p":2.1,"u":"5,53 €/KG","img":"https://fd5-photos.leclercdrive.fr/image.ashx?id=2917975&use=l&cat=p&typeid=i","cat":312235},{"id":163264,"n":"Petits pots Hipp Bio Riz Curry Potiron  6mois 2x190g","p":2.54,"u":"6,68 €/KG","img":"https://fd5-photos.leclercdrive.fr/image.ashx?id=2924686&use=l&cat=p&typeid=i","cat":312235},{"id":163266,"n":"Petits pots Hipp Bio Ratatouille, Riz +12mois 2x250g","p":3.68,"u":"14,72 €/KG","img":"https://fd5-photos.leclercdrive.fr/image.ashx?id=2924689&use=l&cat=p&typeid=i","cat":312237},{"id":163267,"n":"Lasagnes Hipp Petits Légumes    saumon dès 15 mois - 250g","p":2.21,"u":"8,84 €/KG","img":"https://fd5-photos.leclercdrive.fr/image.ashx?id=2929089&use=l&cat=p&typeid=i","cat":312238},{"id":163269,"n":"Pâtes au Saumon Hipp Bio Crème d'Aneth  15mois 250g","p":2.5,"u":"10,00 €/KG","img":"https://fd5-photos.leclercdrive.fr/image.ashx?id=2917522&use=l&cat=p&typeid=i","cat":312238},{"id":163270,"n":"Paëlla Hipp Bio Légumes Poulet +15mois 250g","p":2.5,"u":"10,00 €/KG","img":"https://fd5-photos.leclercdrive.fr/image.ashx?id=2917525&use=l&cat=p&typeid=i","cat":312238},{"id":163286,"n":"Gel de rasage Eucerin Nobacter - 150ml","p":7.99,"u":"53,27 €/L","img":"https://fd5-photos.leclercdrive.fr/image.ashx?id=2175602&use=l&cat=p&typeid=i","cat":291167},{"id":163317,"n":"Assiettes plates Homeside 23cm blanc sans film PE - x50","p":2.69,"u":"0,05 €/P","img":"https://fd5-photos.leclercdrive.fr/image.ashx?id=2177415&use=l&cat=p&typeid=i","cat":334134},{"id":163334,"n":"Olives vertes dénoyautées  Croc'frais ail des ours - 150g","p":2.59,"u":"17,27 €/KG","img":"https://fd5-photos.leclercdrive.fr/image.ashx?id=2175927&use=l&cat=p&typeid=i","cat":316002},{"id":163336,"n":"Olives vertes dénoyautées Croc'Frais basilic - 150g","p":2.57,"u":"17,13 €/KG","img":"https://fd5-photos.leclercdrive.fr/image.ashx?id=2176347&use=l&cat=p&typeid=i","cat":316002},{"id":163341,"n":"Gobelets 25cl Homeside Noir - x12","p":1.5,"u":"0,13 €/P","img":"https://fd5-photos.leclercdrive.fr/image.ashx?id=2708958&use=l&cat=p&typeid=i","cat":334134},{"id":163345,"n":"Gobelets 25cl Homeside Bleu nuit - x12","p":1.5,"u":"0,13 €/P","img":"https://fd5-photos.leclercdrive.fr/image.ashx?id=2708967&use=l&cat=p&typeid=i","cat":334134},{"id":163346,"n":"Gobelets 25cl Homeside Aqua - x12","p":1.5,"u":"0,13 €/P","img":"https://fd5-photos.leclercdrive.fr/image.ashx?id=2708970&use=l&cat=p&typeid=i","cat":334134},{"id":163350,"n":"Gobelets 25cl Homeside Chaud/froid - 25","p":1.9,"u":"0,08 €/P","img":"https://fd5-photos.leclercdrive.fr/image.ashx?id=2177355&use=l&cat=p&typeid=i","cat":334134},{"id":163360,"n":"Gobelets 47cl Homeside Amercican cup rouge - x10","p":2.39,"u":"0,24 €/P","img":"https://fd5-photos.leclercdrive.fr/image.ashx?id=2177373&use=l&cat=p&typeid=i","cat":334134},{"id":163361,"n":"Gobelets 25cl Homeside Rouge - x12","p":1.5,"u":"0,13 €/P","img":"https://fd5-photos.leclercdrive.fr/image.ashx?id=2708982&use=l&cat=p&typeid=i","cat":334134},{"id":163412,"n":"Bain de bouche Efiseptyl Halitose EF 381 - 500ml","p":4.48,"u":"8,96 €/L","img":"https://fd5-photos.leclercdrive.fr/image.ashx?id=2854330&use=l&cat=p&typeid=i","cat":284613},{"id":163413,"n":"Brossettes Efiseptyl Clean Expert 0.7mm - 1 pièce","p":3.84,"img":"https://fd5-photos.leclercdrive.fr/image.ashx?id=2928402&use=l&cat=p&typeid=i","cat":285159},{"id":163414,"n":"Brossettes Efiseptyl Clean Expert 0.9mm - 1 pièce","p":4.43,"img":"https://fd5-photos.leclercdrive.fr/image.ashx?id=2928405&use=l&cat=p&typeid=i","cat":285159},{"id":163415,"n":"Alcool à 90° Steripan Flacon incassable - 100ml","p":2.44,"u":"24,40 €/L","img":"https://fd5-photos.leclercdrive.fr/image.ashx?id=2176542&use=l&cat=p&typeid=i","cat":284630},{"id":163418,"n":"Raclette gratte givre Manche mousse - 1 pièce","p":1.95,"img":"https://fd5-photos.leclercdrive.fr/image.ashx?id=2198098&use=l&cat=p&typeid=i","cat":298252},{"id":163420,"n":"Smarties Mini Bonbons Chocolats 21 boites - 315g","p":3.64,"u":"11,56 €/KG","img":"https://fd5-photos.leclercdrive.fr/image.ashx?id=2740862&use=l&cat=p&typeid=i","cat":304238},{"id":163425,"n":"Mini brossettes Efiseptyl Easy & Soft - x30","p":3.37,"img":"https://fd5-photos.leclercdrive.fr/image.ashx?id=2923480&use=l&cat=p&typeid=i","cat":285159},{"id":163426,"n":"Brossettes Efiseptyl Clean Expert 1.1mm - 1 pièce","p":4.36,"img":"https://fd5-photos.leclercdrive.fr/image.ashx?id=2996455&use=l&cat=p&typeid=i","cat":285159},{"id":163428,"n":"Crayon à sourcils Maybelline  Duo crayon et poudre","p":8.74,"img":"https://fd5-photos.leclercdrive.fr/image.ashx?id=2377787&use=l&cat=p&typeid=i","cat":287029},{"id":163476,"n":"Petit pot bébé Bledina 6 mois purée Carottes Choux fleurs","p":2.1,"u":"5,25 €/KG","img":"https://fd5-photos.leclercdrive.fr/image.ashx?id=2909509&use=l&cat=p&typeid=i","cat":312235},{"id":163526,"n":"Petit pot bébé bledina 6 mois  Purée légumes agneau - 2x200g","p":2.39,"u":"5,98 €/KG","img":"https://fd5-photos.leclercdrive.fr/image.ashx?id=2976770&use=l&cat=p&typeid=i","cat":312236},{"id":163529,"n":"Compote bébé Blédina 4-6 mois Pomme - 2x130g","p":1.23,"u":"4,73 €/KG","img":"https://fd5-photos.leclercdrive.fr/image.ashx?id=2911211&use=l&cat=p&typeid=i","cat":312387},{"id":163541,"n":"Isey Skyr Stracciatella - 400g","p":3.07,"u":"7,68 €/KG","img":"https://fd5-photos.leclercdrive.fr/image.ashx?id=2598621&use=l&cat=p&typeid=i","cat":315000},{"id":163543,"n":"Isey Skyr Vanille - 400g","p":3.37,"u":"8,43 €/KG","img":"https://fd5-photos.leclercdrive.fr/image.ashx?id=2598609&use=l&cat=p&typeid=i","cat":315000},{"id":163612,"n":"Rasoirs Bic Hybrid 5 Flex Rechargeables - x2","p":6.87,"u":"3,44 €/P","img":"https://fd5-photos.leclercdrive.fr/image.ashx?id=2771744&use=l&cat=p&typeid=i","cat":284616},{"id":163613,"n":"Mozzarella fromage râpé  Les Croisés - 150g","p":1.39,"u":"9,27 €/KG","img":"https://fd5-photos.leclercdrive.fr/image.ashx?id=2178848&use=l&cat=p&typeid=i","cat":314035},{"id":163706,"n":"Poisson Pané Cabillaud MSC Façon Fish & Chips x4 - 400g","p":5.98,"u":"14,95 €/KG","img":"https://fd5-photos.leclercdrive.fr/image.ashx?id=2985351&use=l&cat=p&typeid=i","cat":319788},{"id":163749,"n":"Mousseline Purina Gourmet Boeuf nappé de sauce - 4x57g","p":2.93,"u":"12,85 €/KG","img":"https://fd5-photos.leclercdrive.fr/image.ashx?id=2861773&use=l&cat=p&typeid=i","cat":285286},{"id":163750,"n":"Mousseline Purina Gourmet Poulet nappé de sauce - 4x57g","p":2.93,"u":"12,85 €/KG","img":"https://fd5-photos.leclercdrive.fr/image.ashx?id=2864197&use=l&cat=p&typeid=i","cat":285286},{"id":163753,"n":"Compote Charles & Alice Pommes Ananas - 4x97g","p":1.97,"u":"5,08 €/KG","img":"https://fd5-photos.leclercdrive.fr/image.ashx?id=2757683&use=l&cat=p&typeid=i","cat":284416},{"id":163840,"n":"Boudin noir Antillais L'Atelier Charcuterie x6 - 375g","p":5.24,"u":"13,97 €/KG","img":"https://fd5-photos.leclercdrive.fr/image.ashx?id=2946445&use=l&cat=p&typeid=i","cat":316012},{"id":163844,"n":"Bière Ch'ti IPA - 6%vol - 75cl","p":3.14,"u":"4,19 €/L","img":"https://fd5-photos.leclercdrive.fr/image.ashx?id=2560948&use=l&cat=p&typeid=i","cat":334872},{"id":163909,"n":"Gratin L'Atelier Traiteur Courgette - 750g","p":7.29,"u":"9,72 €/KG","img":"https://fd5-photos.leclercdrive.fr/image.ashx?id=2208030&use=l&cat=p&typeid=i","cat":333666},{"id":163910,"n":"Daddy pure canne bio 750g","p":3.33,"u":"4,44 €/KG","img":"https://fd5-photos.leclercdrive.fr/image.ashx?id=2936077&use=l&cat=p&typeid=i","cat":284502},{"id":163918,"n":"Salame Finocchiona IGP Tradizioni d'Italia - 100g","p":2.89,"u":"28,90 €/KG","img":"https://fd5-photos.leclercdrive.fr/image.ashx?id=2925213&use=l&cat=p&typeid=i","cat":316007},{"id":163930,"n":"Chorizo doux tranché L'Atelier Charcuterie - 100g","p":2.46,"u":"24,60 €/KG","img":"https://fd5-photos.leclercdrive.fr/image.ashx?id=2856666&use=l&cat=p&typeid=i","cat":316007},{"id":163931,"n":"Chiffonnade de chorizo L'Atelier Charcuterie - 80g","p":2.09,"u":"26,13 €/KG","img":"https://fd5-photos.leclercdrive.fr/image.ashx?id=2992675&use=l&cat=p&typeid=i","cat":316007},{"id":164235,"n":"Bière Triple Lefort 75cl","p":4.5,"u":"6,00 €/L","img":"https://fd5-photos.leclercdrive.fr/image.ashx?id=2398682&use=l&cat=p&typeid=i","cat":334872},{"id":164271,"n":"Café grains Méo  Excellence - 1kg","p":15.49,"u":"15,49 €/KG","img":"https://fd5-photos.leclercdrive.fr/image.ashx?id=2601521&use=l&cat=p&typeid=i","cat":293237},{"id":164308,"n":"Cremio Box Sodebo Thon - 280g","p":3.03,"u":"10,82 €/KG","img":"https://fd5-photos.leclercdrive.fr/image.ashx?id=2224625&use=l&cat=p&typeid=i","cat":334983},{"id":164367,"n":"Pizza Turini 4 fromages - 200g","p":1.31,"u":"6,55 €/KG","img":"https://fd5-photos.leclercdrive.fr/image.ashx?id=2839941&use=l&cat=p&typeid=i","cat":333679},{"id":164394,"n":"Compotes Pom'Potes Gourdes  Pomme Poire Banane - 32x90g","p":11.92,"u":"4,14 €/KG","img":"https://fd5-photos.leclercdrive.fr/image.ashx?id=3010936&use=l&cat=p&typeid=i","cat":284508},{"id":164415,"n":"Taboulé au poulet Menu Fraîcheur - 1kg","p":4.22,"u":"4,22 €/KG","img":"https://fd5-photos.leclercdrive.fr/image.ashx?id=2965533&use=l&cat=p&typeid=i","cat":333657},{"id":164416,"n":"Concombre fromage blanc Menu Fraîcheur - 500g","p":2.49,"u":"4,98 €/KG","img":"https://fd5-photos.leclercdrive.fr/image.ashx?id=2901479&use=l&cat=p&typeid=i","cat":333657},{"id":164417,"n":"Macédoine de légumes Menu Fraîcheur - 500g","p":2.49,"u":"4,98 €/KG","img":"https://fd5-photos.leclercdrive.fr/image.ashx?id=2901482&use=l&cat=p&typeid=i","cat":333657},{"id":164442,"n":"Crème dessert Récré O'lé Vanille - 20x85g","p":11.5,"u":"6,76 €/KG","img":"https://fd5-photos.leclercdrive.fr/image.ashx?id=2492866&use=l&cat=p&typeid=i","cat":284506},{"id":164443,"n":"Crème dessert Récré O'Lé Chocolats - 20x85g","p":11.48,"u":"6,75 €/KG","img":"https://fd5-photos.leclercdrive.fr/image.ashx?id=2492869&use=l&cat=p&typeid=i","cat":284506},{"id":164444,"n":"Capsules café L'Or Barista Extra Long N°8 x10","p":5.43,"u":"52,21 €/KG","img":"https://fd5-photos.leclercdrive.fr/image.ashx?id=2337900&use=l&cat=p&typeid=i","cat":284749},{"id":164448,"n":"Yaourt à la Grecque Yaos Coco - 4x125g + 2 offert","p":2.61,"u":"5,22 €/KG","img":"https://fd5-photos.leclercdrive.fr/image.ashx?id=2817314&use=l&cat=p&typeid=i","cat":314999},{"id":164464,"n":"Dessert Charles & Alice Coco/Stracciatella - 2x110g","p":1.68,"u":"7,64 €/KG","img":"https://fd5-photos.leclercdrive.fr/image.ashx?id=2911354&use=l&cat=p&typeid=i","cat":316071},{"id":164537,"n":"Duo poivre sel Sainte Lucie 63g","p":1.71,"u":"27,14 €/KG","img":"https://fd5-photos.leclercdrive.fr/image.ashx?id=2775065&use=l&cat=p&typeid=i","cat":284457},{"id":164539,"n":"Noix de pécan Sainte Lucie Cerneaux - 50g","p":2.3,"u":"46,00 €/KG","img":"https://fd5-photos.leclercdrive.fr/image.ashx?id=2187751&use=l&cat=p&typeid=i","cat":284504},{"id":164541,"n":"Maïs Bonduelle Sans Résidu De Pesticides 285g","p":1.11,"u":"3,89 €/KG","img":"https://fd5-photos.leclercdrive.fr/image.ashx?id=2972892&use=l&cat=p&typeid=i","cat":312611},{"id":164542,"n":"Cumin entier Sainte Lucie 38g","p":2.16,"u":"56,84 €/KG","img":"https://fd5-photos.leclercdrive.fr/image.ashx?id=2774412&use=l&cat=p&typeid=i","cat":298297},{"id":164544,"n":"Colorants alimentaires Sainte L 30g","p":2.41,"u":"80,33 €/KG","img":"https://fd5-photos.leclercdrive.fr/image.ashx?id=2774319&use=l&cat=p&typeid=i","cat":284504},{"id":164548,"n":"Levure boulangère Sainte Lucie Traditionnelle - 40g","p":1.11,"u":"27,75 €/KG","img":"https://fd5-photos.leclercdrive.fr/image.ashx?id=2829949&use=l&cat=p&typeid=i","cat":284504},{"id":164550,"n":"Nappage caramel Sainte Lucie 200g","p":1.95,"u":"9,75 €/KG","img":"https://fd5-photos.leclercdrive.fr/image.ashx?id=2775709&use=l&cat=p&typeid=i","cat":284504},{"id":164551,"n":"Cannelle poudre Sainte Lucie 45g","p":1.86,"u":"41,33 €/KG","img":"https://fd5-photos.leclercdrive.fr/image.ashx?id=2972934&use=l&cat=p&typeid=i","cat":298297},{"id":164552,"n":"Coriandre Sainte Lucie 25g","p":1.76,"u":"70,40 €/KG","img":"https://fd5-photos.leclercdrive.fr/image.ashx?id=2974333&use=l&cat=p&typeid=i","cat":298297},{"id":164553,"n":"Ail semoule Sainte Lucie 100g","p":2.14,"u":"21,40 €/KG","img":"https://fd5-photos.leclercdrive.fr/image.ashx?id=2968160&use=l&cat=p&typeid=i","cat":298297},{"id":164554,"n":"Origan sèche Sainte Lucie 13g","p":1.5,"u":"115,38 €/KG","img":"https://fd5-photos.leclercdrive.fr/image.ashx?id=2975182&use=l&cat=p&typeid=i","cat":298297},{"id":164555,"n":"Ail Sainte Lucie Saveurs du potager - 2","p":2.67,"u":"111,25 €/KG","img":"https://fd5-photos.leclercdrive.fr/image.ashx?id=2968166&use=l&cat=p&typeid=i","cat":298297},{"id":164556,"n":"Chili poudre Sainte Lucie 45g","p":1.94,"u":"43,11 €/KG","img":"https://fd5-photos.leclercdrive.fr/image.ashx?id=2187739&use=l&cat=p&typeid=i","cat":298297},{"id":164567,"n":"Eau nettoyante Cadum Bébé  Douceur - 750ml","p":3.73,"u":"4,97 €/L","img":"https://fd5-photos.leclercdrive.fr/image.ashx?id=2278451&use=l&cat=p&typeid=i","cat":284741},{"id":164569,"n":"Gel nettoyant Cadum Bébé  Corps et Cheveux - 750ml","p":3.73,"u":"4,97 €/L","img":"https://fd5-photos.leclercdrive.fr/image.ashx?id=2377799&use=l&cat=p&typeid=i","cat":284740},{"id":164570,"n":"Gel Douche Sans Savon Cadum Huile d'Amandes Douces - 750ml","p":4.19,"u":"5,59 €/L","img":"https://fd5-photos.leclercdrive.fr/image.ashx?id=2352870&use=l&cat=p&typeid=i","cat":284594},{"id":164581,"n":"Démaquillant Maybelline  Lotion fraîcheur yeux - 150ml","p":2.66,"u":"17,73 €/L","img":"https://fd5-photos.leclercdrive.fr/image.ashx?id=2505657&use=l&cat=p&typeid=i","cat":284603},{"id":164583,"n":"Gel Lavant enfant Cadum Corps & cheveux - 750ml","p":5.43,"u":"7,24 €/L","img":"https://fd5-photos.leclercdrive.fr/image.ashx?id=2839496&use=l&cat=p&typeid=i","cat":284594},{"id":164584,"n":"Crème Douche surgras Cadum Beurre de Karité - 750ml","p":3.74,"u":"4,99 €/L","img":"https://fd5-photos.leclercdrive.fr/image.ashx?id=2395020&use=l&cat=p&typeid=i","cat":284594},{"id":164598,"n":"40 sacs congélation Alfapac avec lien Moyen modèle","p":2.11,"u":"0,05 €/P","img":"https://fd5-photos.leclercdrive.fr/image.ashx?id=2918700&use=l&cat=p&typeid=i","cat":334134},{"id":164601,"n":"Muscat de Rivesaltes AOC 15,5%","p":4.67,"u":"6,23 €/L","img":"https://fd5-photos.leclercdrive.fr/image.ashx?id=2974717&use=l&cat=p&typeid=i","cat":284913},{"id":164602,"n":"Lessive liquide fraîcheur ECO+ 40 lavages - 2L","p":2.16,"u":"1,08 €/L","img":"https://fd5-photos.leclercdrive.fr/image.ashx?id=2597988&use=l&cat=p&typeid=i","cat":284640},{"id":164603,"n":"Lessive liquide fleurie Epsil 25 lavages - 1,25L","p":3.91,"u":"3,13 €/L","img":"https://fd5-photos.leclercdrive.fr/image.ashx?id=2603000&use=l&cat=p&typeid=i","cat":284640},{"id":164611,"n":"Glacière isotherme Jute 26 L","p":5.5,"img":"https://fd5-photos.leclercdrive.fr/image.ashx?id=2188378&use=l&cat=p&typeid=i","cat":334139},{"id":164636,"n":"Mix de graines complètes bio Happy Bio - 250g","p":4.28,"u":"17,12 €/KG","img":"https://fd5-photos.leclercdrive.fr/image.ashx?id=2971005&use=l&cat=p&typeid=i","cat":284429},{"id":164644,"n":"Bonne nuit Babybio légumes/riz bio 2 x 200g","p":2.83,"u":"7,08 €/KG","img":"https://fd5-photos.leclercdrive.fr/image.ashx?id=2838347&use=l&cat=p&typeid=i","cat":312239},{"id":164652,"n":"Lentilles vertes bio Jardin Bio Etic - 400g","p":3.14,"u":"7,85 €/KG","img":"https://fd5-photos.leclercdrive.fr/image.ashx?id=2748515&use=l&cat=p&typeid=i","cat":284430},{"id":164656,"n":"Jus de Citron Jardin Bio Etic bio -1L","p":5.07,"u":"5,07 €/L","img":"https://fd5-photos.leclercdrive.fr/image.ashx?id=3002102&use=l&cat=p&typeid=i","cat":288383},{"id":164728,"n":"Chips bio lentilles Jardin Bio Oignons sans gluten - 50g","p":2.09,"u":"41,80 €/KG","img":"https://fd5-photos.leclercdrive.fr/image.ashx?id=2537526&use=l&cat=p&typeid=i","cat":318654},{"id":164869,"n":"Raclette nature pasteurisée L'Atelier Fromagerie - 250g","p":3.39,"u":"13,56 €/KG","img":"https://fd5-photos.leclercdrive.fr/image.ashx?id=2992678&use=l&cat=p&typeid=i","cat":314036},{"id":164870,"n":"Raclette au poivre pasteurisée L'Atelier Fromagerie - 250g","p":3.9,"u":"15,60 €/KG","img":"https://fd5-photos.leclercdrive.fr/image.ashx?id=2992681&use=l&cat=p&typeid=i","cat":314036},{"id":164871,"n":"Raclette fumée pasteurisée L'Atelier Fromagerie - 250g","p":3.9,"u":"15,60 €/KG","img":"https://fd5-photos.leclercdrive.fr/image.ashx?id=2992684&use=l&cat=p&typeid=i","cat":314036},{"id":164873,"n":"Raclette à l'oignon pasteurisée L'Atelier Fromagerie - 250g","p":3.75,"u":"15,00 €/KG","img":"https://fd5-photos.leclercdrive.fr/image.ashx?id=2992687&use=l&cat=p&typeid=i","cat":314036},{"id":164902,"n":"Lait Concentré Sucré Régilait - Fraise - 60g","p":0.67,"u":"11,17 €/KG","img":"https://fd5-photos.leclercdrive.fr/image.ashx?id=2191400&use=l&cat=p&typeid=i","cat":299162},{"id":164927,"n":"Foie gras de canard entier Maison Montfort - 190g","p":17.63,"u":"92,79 €/KG","img":"https://fd5-photos.leclercdrive.fr/image.ashx?id=2731030&use=l&cat=p&typeid=i","cat":316008},{"id":165040,"n":"Diffuseur Glade avec bâtonnets Orange & Néroli - 80ml","p":5.95,"u":"74,38 €/L","img":"https://fd5-photos.leclercdrive.fr/image.ashx?id=2867710&use=l&cat=p&typeid=i","cat":311627},{"id":165041,"n":"Diffuseur Glade avec bâtonnets Bergamote & Citronnelle - 80ml","p":6.8,"img":"https://fd5-photos.leclercdrive.fr/image.ashx?id=2867181&use=l&cat=p&typeid=i","cat":311627},{"id":165045,"n":"Dentifrice Sensodyne Multi-protection - 75ml","p":3.84,"u":"51,20 €/L","img":"https://fd5-photos.leclercdrive.fr/image.ashx?id=2922110&use=l&cat=p&typeid=i","cat":284612},{"id":165062,"n":"Gel Lubrifiant Intime Cherry Arome Cerise Durex 100ml","p":9.81,"u":"98,10 €/L","img":"https://fd5-photos.leclercdrive.fr/image.ashx?id=2960696&use=l&cat=p&typeid=i","cat":285160},{"id":165063,"n":"Gel Lubrifiant Intime Hot Durex Effet Chauffant Base Eau 100ml","p":10.21,"u":"102,10 €/L","img":"https://fd5-photos.leclercdrive.fr/image.ashx?id=2785487&use=l&cat=p&typeid=i","cat":285160},{"id":165064,"n":"Lessive poudre Eco + 60 lavages - 3kg","p":4.81,"u":"1,60 €/KG","img":"https://fd5-photos.leclercdrive.fr/image.ashx?id=2638524&use=l&cat=p&typeid=i","cat":284642},{"id":165129,"n":"Joker Bonne Mine Orange Carotte Citron - 0,9L","p":2.62,"u":"2,91 €/L","img":"https://fd5-photos.leclercdrive.fr/image.ashx?id=2944690&use=l&cat=p&typeid=i","cat":284917},{"id":165131,"n":"Crème de cassis d'Anjou  Giffard 16% - 50cl","p":5.5,"pp":4.95,"u":"9,90 €/L","img":"https://fd5-photos.leclercdrive.fr/image.ashx?id=2219150&use=l&cat=p&typeid=i","cat":286032},{"id":165138,"n":"Crème de fleur de sureau  Giffard 16% - 50cl","p":5.5,"pp":4.95,"u":"9,90 €/L","img":"https://fd5-photos.leclercdrive.fr/image.ashx?id=2219165&use=l&cat=p&typeid=i","cat":286032},{"id":165140,"n":"Joker Défense Orange Kiwi Banane - 0,9L","p":2.6,"u":"2,89 €/L","img":"https://fd5-photos.leclercdrive.fr/image.ashx?id=3008149&use=l&cat=p&typeid=i","cat":284917},{"id":165156,"n":"Jus MultiFruits Désucré Jafaden - 1L","p":1.69,"u":"1,69 €/L","img":"https://fd5-photos.leclercdrive.fr/image.ashx?id=2497971&use=l&cat=p&typeid=i","cat":284917},{"id":165193,"n":"Croquette chat Perfect Fit  Natural Vitality poisson - 1kg","p":7.7,"u":"7,70 €/KG","img":"https://fd5-photos.leclercdrive.fr/image.ashx?id=2195068&use=l&cat=p&typeid=i","cat":284680},{"id":165198,"n":"Pate à tartiner Bonne Maman Noisette et cacao - 250g","p":3.64,"u":"14,56 €/KG","img":"https://fd5-photos.leclercdrive.fr/image.ashx?id=2891103&use=l&cat=p&typeid=i","cat":284481},{"id":165199,"n":"Pate à tartiner Bonne Maman Noisette et cacao - 360g","p":3.27,"u":"9,08 €/KG","img":"https://fd5-photos.leclercdrive.fr/image.ashx?id=2891106&use=l&cat=p&typeid=i","cat":284481},{"id":165200,"n":"Pate à tartiner Bonne Maman Noisette et cacao - 580g","p":5.08,"u":"8,76 €/KG","img":"https://fd5-photos.leclercdrive.fr/image.ashx?id=2891109&use=l&cat=p&typeid=i","cat":284481},{"id":165210,"n":"Compotes Pom'Potes Gourdes  5 Fruits Roses - 4x90g","p":2.45,"u":"6,81 €/KG","img":"https://fd5-photos.leclercdrive.fr/image.ashx?id=3010906&use=l&cat=p&typeid=i","cat":284508},{"id":165225,"n":"Novanuit Triple action x30","p":9.99,"u":"222,00 €/KG","img":"https://fd5-photos.leclercdrive.fr/image.ashx?id=2237202&use=l&cat=p&typeid=i","cat":301265},{"id":165434,"n":"Fromage enfant Kiri chèvre 8 portions à tartiner - 144g","p":2.91,"u":"20,21 €/KG","img":"https://fd5-photos.leclercdrive.fr/image.ashx?id=2559190&use=l&cat=p&typeid=i","cat":314030},{"id":165556,"n":"Boite 36 feutres double pointe 1 pièce","p":18.33,"img":"https://fd5-photos.leclercdrive.fr/image.ashx?id=2256694&use=l&cat=p&typeid=i","cat":284696},{"id":165588,"n":"Pintor - kit diy pochoirs 1 pièce","p":13.97,"img":"https://fd5-photos.leclercdrive.fr/image.ashx?id=2212971&use=l&cat=p&typeid=i","cat":284696},{"id":165589,"n":"Pintor - kit diy sapin 1 pièce","p":13.97,"img":"https://fd5-photos.leclercdrive.fr/image.ashx?id=2212974&use=l&cat=p&typeid=i","cat":284696},{"id":165605,"n":"Tenders de poulet Coté Croc  - 600g","p":6.23,"u":"10,38 €/KG","img":"https://fd5-photos.leclercdrive.fr/image.ashx?id=2198315&use=l&cat=p&typeid=i","cat":319780},{"id":165656,"n":"Diffuseur Glade avec bâtonnets Lavandin & Santal - 80ml","p":7.07,"u":"88,38 €/L","img":"https://fd5-photos.leclercdrive.fr/image.ashx?id=2266083&use=l&cat=p&typeid=i","cat":311627},{"id":165661,"n":"Brosse à dent Dentamyl Tête rechargeable souple - x1","p":1.17,"img":"https://fd5-photos.leclercdrive.fr/image.ashx?id=2791006&use=l&cat=p&typeid=i","cat":284614},{"id":165666,"n":"Confitures Léonce Blanc 70% 4 agrumes - 320g","p":3.08,"u":"9,63 €/KG","img":"https://fd5-photos.leclercdrive.fr/image.ashx?id=2362591&use=l&cat=p&typeid=i","cat":284480},{"id":165667,"n":"Brosse à dent Dentamyl Tête rechargeable médium - x1","p":1.17,"img":"https://fd5-photos.leclercdrive.fr/image.ashx?id=2791009&use=l&cat=p&typeid=i","cat":284614},{"id":165669,"n":"Tête de recharge Dentamyl Brosse à dent souple - x3","p":1.0,"u":"0,33 €/P","img":"https://fd5-photos.leclercdrive.fr/image.ashx?id=2791015&use=l&cat=p&typeid=i","cat":284614},{"id":165670,"n":"Tête de recharge Dentamyl Brosse à dent médium - x3","p":1.0,"u":"0,33 €/P","img":"https://fd5-photos.leclercdrive.fr/image.ashx?id=2791018&use=l&cat=p&typeid=i","cat":284614},{"id":165671,"n":"Tête de recharge Dentamyl Brosse à dent dure - x3","p":1.0,"u":"0,33 €/P","img":"https://fd5-photos.leclercdrive.fr/image.ashx?id=2791021&use=l&cat=p&typeid=i","cat":284614},{"id":165674,"n":"Filets de merlu MSC Pêche Océan - 800g","p":9.85,"u":"12,31 €/KG","img":"https://fd5-photos.leclercdrive.fr/image.ashx?id=2202461&use=l&cat=p&typeid=i","cat":319786},{"id":165677,"n":"Tanqueray Flor de Sevilla 41.3%vol - 70cl","p":23.96,"u":"34,23 €/L","img":"https://fd5-photos.leclercdrive.fr/image.ashx?id=2206031&use=l&cat=p&typeid=i","cat":284550},{"id":165678,"n":"Crème Whisky Baileys Caramel salé 17% vol - 70cl","p":11.57,"u":"16,53 €/L","img":"https://fd5-photos.leclercdrive.fr/image.ashx?id=2351475&use=l&cat=p&typeid=i","cat":286032},{"id":165714,"n":"Pur Jus Ethiquable Pomme Abricot Bio 75cl","p":3.3,"u":"4,40 €/L","img":"https://fd5-photos.leclercdrive.fr/image.ashx?id=2944260&use=l&cat=p&typeid=i","cat":284917},{"id":165715,"n":"Pur Jus Ethiquable Pomme Poire Bio 75cl","p":3.39,"u":"4,52 €/L","img":"https://fd5-photos.leclercdrive.fr/image.ashx?id=2944257&use=l&cat=p&typeid=i","cat":284522},{"id":165801,"n":"Sauce bolognaise Eco+ 420g","p":1.13,"u":"2,69 €/KG","img":"https://fd5-photos.leclercdrive.fr/image.ashx?id=2634845&use=l&cat=p&typeid=i","cat":287599},{"id":165981,"n":"Puzzle 8 pièces ferme Kidway Dès 2 ans","p":6.9,"img":"https://fd5-photos.leclercdrive.fr/image.ashx?id=2222467&use=l&cat=p&typeid=i","cat":334378},{"id":166052,"n":"Pack amitié harry & cho wizardi Wizarding world - Dès 5 ans","p":13.99,"img":"https://fd5-photos.leclercdrive.fr/image.ashx?id=2203037&use=l&cat=p&typeid=i","cat":334380},{"id":166165,"n":"Déguisement squelette garçon 4/6 ans","p":8.72,"img":"https://fd5-photos.leclercdrive.fr/image.ashx?id=2222479&use=l&cat=p&typeid=i","cat":334379},{"id":166166,"n":"Déguisement squelette fille 4/6 ans","p":11.34,"img":"https://fd5-photos.leclercdrive.fr/image.ashx?id=2222482&use=l&cat=p&typeid=i","cat":334379},{"id":166228,"n":"Tampons digitaux \"Normal\" Hypoallergéniques 0% - x16","p":3.15,"img":"https://fd5-photos.leclercdrive.fr/image.ashx?id=3011623&use=l&cat=p&typeid=i","cat":284626},{"id":166229,"n":"Tampons digitaux \"Super\" Hypoallergéniques 0% - x16","p":3.06,"u":"0,19 €/P","img":"https://fd5-photos.leclercdrive.fr/image.ashx?id=3011626&use=l&cat=p&typeid=i","cat":284626},{"id":166263,"n":"AOP Bordeaux rouge Bio Mouton Cadet - 75cl","p":9.25,"u":"12,33 €/L","img":"https://fd5-photos.leclercdrive.fr/image.ashx?id=2489482&use=l&cat=p&typeid=i","cat":289556},{"id":166278,"n":"Boisson gazeuse Fever Tree Ginger Beer Strong & Spicy 50cl","p":2.76,"u":"5,52 €/L","img":"https://fd5-photos.leclercdrive.fr/image.ashx?id=2380670&use=l&cat=p&typeid=i","cat":284531},{"id":166299,"n":"Filet de colin d'Alaska Findus MSC x4 - 400g","p":5.07,"u":"12,68 €/KG","img":"https://fd5-photos.leclercdrive.fr/image.ashx?id=2735323&use=l&cat=p&typeid=i","cat":319786},{"id":166300,"n":"Pavé de Saumon Findus Atlantique ASC x2 - 250g","p":10.97,"u":"43,88 €/KG","img":"https://fd5-photos.leclercdrive.fr/image.ashx?id=2653771&use=l&cat=p&typeid=i","cat":319786},{"id":166304,"n":"Croquettes poisson pané Findus MSC Ail Fines Herbes x6 - 300g","p":2.5,"u":"8,33 €/KG","img":"https://fd5-photos.leclercdrive.fr/image.ashx?id=3008752&use=l&cat=p&typeid=i","cat":319788},{"id":166377,"n":"Lessive eco-recharge Uni Vert Fleur x30 lavages - 1,05L","p":4.12,"u":"3,92 €/L","img":"https://fd5-photos.leclercdrive.fr/image.ashx?id=2838942&use=l&cat=p&typeid=i","cat":284640},{"id":166399,"n":"AOC Jurançon blanc Matayac Petit et Gros Manseng - 75cl","p":7.9,"pp":5.53,"u":"7,37 €/L","img":"https://fd5-photos.leclercdrive.fr/image.ashx?id=2792324&use=l&cat=p&typeid=i","cat":289557},{"id":166403,"n":"Lessive eco-recharge Uni Vert Aloe x30 lavages - 1.05L","p":4.12,"u":"3,92 €/L","img":"https://fd5-photos.leclercdrive.fr/image.ashx?id=2669780&use=l&cat=p&typeid=i","cat":284640},{"id":166404,"n":"Lessive eco-recharge Uni Vert  Aloe Vera x42 lavages - 1.5L","p":5.91,"u":"3,94 €/L","img":"https://fd5-photos.leclercdrive.fr/image.ashx?id=2838954&use=l&cat=p&typeid=i","cat":284640},{"id":166419,"n":"Signature Patato Pops McCain Pommes de terre - 650g","p":2.92,"u":"4,49 €/KG","img":"https://fd5-photos.leclercdrive.fr/image.ashx?id=2752233&use=l&cat=p&typeid=i","cat":319792},{"id":166457,"n":"Masque reconstructeur Elsève Full Resist - 680ml","p":11.4,"u":"16,76 €/L","img":"https://fd5-photos.leclercdrive.fr/image.ashx?id=2520491&use=l&cat=p&typeid=i","cat":284608},{"id":166478,"n":"Démaquillant Maybelline  Waterproof biphase 2en1 - 150ml","p":3.15,"u":"21,00 €/L","img":"https://fd5-photos.leclercdrive.fr/image.ashx?id=2278169&use=l&cat=p&typeid=i","cat":284603},{"id":166485,"n":"Muesli aux fruits bio Happy Bio 375g","p":4.26,"u":"11,36 €/KG","img":"https://fd5-photos.leclercdrive.fr/image.ashx?id=2945520&use=l&cat=p&typeid=i","cat":309512},{"id":166486,"n":"Nectar Fruits du Verger Jafaden Sans sucre ajouté - 1L","p":1.59,"u":"1,59 €/L","img":"https://fd5-photos.leclercdrive.fr/image.ashx?id=2919658&use=l&cat=p&typeid=i","cat":284521},{"id":166598,"n":"Sauce spaghetti bio Jardin Bio 510g","p":2.87,"u":"5,63 €/KG","img":"https://fd5-photos.leclercdrive.fr/image.ashx?id=2811164&use=l&cat=p&typeid=i","cat":288384},{"id":166601,"n":"Compote bio Jardin Bio Pomme banane - 680g","p":3.53,"u":"5,19 €/KG","img":"https://fd5-photos.leclercdrive.fr/image.ashx?id=2918307&use=l&cat=p&typeid=i","cat":284508},{"id":166603,"n":"Petit beurre bio Jardin Bio 150g","p":2.27,"u":"15,13 €/KG","img":"https://fd5-photos.leclercdrive.fr/image.ashx?id=2963205&use=l&cat=p&typeid=i","cat":284487},{"id":166654,"n":"1ère Crème lavante bébé Uriage Flacon pompe - 500ml","p":9.05,"u":"18,10 €/L","img":"https://fd5-photos.leclercdrive.fr/image.ashx?id=2735455&use=l&cat=p&typeid=i","cat":290425},{"id":166656,"n":"1ère eau nettoyante bébé Uriage Flacon pompe - 500ml","p":7.0,"u":"14,00 €/L","img":"https://fd5-photos.leclercdrive.fr/image.ashx?id=2689970&use=l&cat=p&typeid=i","cat":290425},{"id":166665,"n":"Correcteur intensif SVR Sebiaclear Active Gel - 40ml","p":8.47,"u":"211,75 €/L","img":"https://fd5-photos.leclercdrive.fr/image.ashx?id=2965139&use=l&cat=p&typeid=i","cat":291166},{"id":166668,"n":"AOC Ventoux Vin Rouge Cuvée 3 Messes Basses 75cl","p":4.27,"u":"5,69 €/L","img":"https://fd5-photos.leclercdrive.fr/image.ashx?id=2362723&use=l&cat=p&typeid=i","cat":289556},{"id":166674,"n":"Confiture Douceur du Verger Fraise - 750g","p":2.15,"u":"2,87 €/KG","img":"https://fd5-photos.leclercdrive.fr/image.ashx?id=2965545&use=l&cat=p&typeid=i","cat":284480},{"id":166675,"n":"Confiture Douceur du Verger Abricot - 370g","p":1.27,"u":"3,43 €/KG","img":"https://fd5-photos.leclercdrive.fr/image.ashx?id=2965572&use=l&cat=p&typeid=i","cat":284480},{"id":166686,"n":"Yaourt protéiné Hipro  Coco 0%mg - 2x160g","p":2.41,"u":"7,53 €/KG","img":"https://fd5-photos.leclercdrive.fr/image.ashx?id=2807423&use=l&cat=p&typeid=i","cat":315000},{"id":166687,"n":"Yaourt protéiné Hipro 0%mg  Banane beurre cacahuète -2x160g","p":2.14,"u":"6,69 €/KG","img":"https://fd5-photos.leclercdrive.fr/image.ashx?id=2807426&use=l&cat=p&typeid=i","cat":315000},{"id":166698,"n":"Crottin de chèvre Rians  x2 - 120g","p":2.89,"u":"24,08 €/KG","img":"https://fd5-photos.leclercdrive.fr/image.ashx?id=2324888&use=l&cat=p&typeid=i","cat":314031},{"id":166714,"n":"Jambon avec couenne Le Foué  4 tranches - 260g","p":4.65,"u":"17,88 €/KG","img":"https://fd5-photos.leclercdrive.fr/image.ashx?id=2526785&use=l&cat=p&typeid=i","cat":316009},{"id":166750,"n":"Lessive concentrée Epsil Printemps x28 - 980ml","p":3.29,"u":"3,36 €/L","img":"https://fd5-photos.leclercdrive.fr/image.ashx?id=2450155&use=l&cat=p&typeid=i","cat":284640},{"id":166751,"n":"Lessive en poudre Epsil 10 lavages - 500g","p":2.69,"u":"5,38 €/KG","img":"https://fd5-photos.leclercdrive.fr/image.ashx?id=2450158&use=l&cat=p&typeid=i","cat":284642},{"id":166752,"n":"Lessive tri-dose Orient Epsil x20 - 490ml","p":4.49,"u":"9,16 €/L","img":"https://fd5-photos.leclercdrive.fr/image.ashx?id=2450116&use=l&cat=p&typeid=i","cat":284641},{"id":166753,"n":"Apéritif Apérol Spritz 12.5% vol - 1L","p":14.03,"u":"14,03 €/L","img":"https://fd5-photos.leclercdrive.fr/image.ashx?id=2957287&use=l&cat=p&typeid=i","cat":286032},{"id":166756,"n":"Blanc de poulet Fleury Michon Sans nitrite x4 - 130g","p":1.99,"u":"15,31 €/KG","img":"https://fd5-photos.leclercdrive.fr/image.ashx?id=2954833&use=l&cat=p&typeid=i","cat":316010},{"id":166757,"n":"Filet de poulet rôti Fleury Michon sans nitrite x6 - 160g","p":2.75,"u":"17,19 €/KG","img":"https://fd5-photos.leclercdrive.fr/image.ashx?id=2954830&use=l&cat=p&typeid=i","cat":316010},{"id":166759,"n":"Filet poulet rôti Fleury Michon  sans nitrite x4 - 116g","p":1.94,"u":"16,72 €/KG","img":"https://fd5-photos.leclercdrive.fr/image.ashx?id=2955173&use=l&cat=p&typeid=i","cat":316010},{"id":166819,"n":"Sucre en poudre Tablier Blanc 1kg","p":1.53,"u":"1,53 €/KG","img":"https://fd5-photos.leclercdrive.fr/image.ashx?id=3010434&use=l&cat=p&typeid=i","cat":284502},{"id":166828,"n":"Blanc de poulet Fleury Michon Sans nitrite x6 - 195g","p":3.1,"u":"15,90 €/KG","img":"https://fd5-photos.leclercdrive.fr/image.ashx?id=2962848&use=l&cat=p&typeid=i","cat":316010},{"id":166831,"n":"Mini batonnet surimi Pêche MSC Océan Avec mayonnaise - 210g","p":1.9,"u":"9,05 €/KG","img":"https://fd5-photos.leclercdrive.fr/image.ashx?id=2212039&use=l&cat=p&typeid=i","cat":285189},{"id":166856,"n":"Blette 1 Botte","p":2.45,"img":"https://fd5-photos.leclercdrive.fr/image.ashx?id=1631403&use=l&cat=p&typeid=i","cat":284352},{"id":166876,"n":"Lessive bi-doses Xeor Fraîcheur x30","p":5.24,"u":"7,13 €/L","img":"https://fd5-photos.leclercdrive.fr/image.ashx?id=2838945&use=l&cat=p&typeid=i","cat":284641},{"id":166878,"n":"Lessive bi-doses Xeor Savon de Marseille x30","p":5.24,"u":"7,13 €/L","img":"https://fd5-photos.leclercdrive.fr/image.ashx?id=2838948&use=l&cat=p&typeid=i","cat":284641},{"id":166891,"n":"Cookies crunchy melts Cadbury Oreo 156g","p":2.4,"u":"15,38 €/KG","img":"https://fd5-photos.leclercdrive.fr/image.ashx?id=2328286&use=l&cat=p&typeid=i","cat":325066},{"id":166896,"n":"Pommes Gala Corse La pièce","p":0.8,"img":"https://fd5-photos.leclercdrive.fr/image.ashx?id=1630831&use=l&cat=p&typeid=i","cat":284356},{"id":166898,"n":"Pomme Chantecler Corse La pièce","p":0.9,"img":"https://fd5-photos.leclercdrive.fr/image.ashx?id=1631116&use=l&cat=p&typeid=i","cat":284356},{"id":166982,"n":"Pâté aux olives Stemmelen 4 tranches - 200g","p":3.47,"u":"17,35 €/KG","img":"https://fd5-photos.leclercdrive.fr/image.ashx?id=2213019&use=l&cat=p&typeid=i","cat":316008},{"id":167011,"n":"Pur jus de clémentine Jafaden 90cl","p":2.15,"u":"2,39 €/L","img":"https://fd5-photos.leclercdrive.fr/image.ashx?id=2723162&use=l&cat=p&typeid=i","cat":285435},{"id":167036,"n":"Salami Magnifico Montorsi - 100g","p":2.3,"u":"23,00 €/KG","img":"https://fd5-photos.leclercdrive.fr/image.ashx?id=2525861&use=l&cat=p&typeid=i","cat":316007},{"id":167177,"n":"Praliné crème The belgian 200g","p":7.49,"pp":4.94,"u":"24,70 €/KG","img":"https://fd5-photos.leclercdrive.fr/image.ashx?id=2214141&use=l&cat=p&typeid=i","cat":327595},{"id":167179,"n":"Truffles original The belgian Truffles original - 200g","p":3.95,"u":"19,75 €/KG","img":"https://fd5-photos.leclercdrive.fr/image.ashx?id=2306456&use=l&cat=p&typeid=i","cat":327600},{"id":167202,"n":"Nougat noir  Chabert & Guillot  - 100g","p":4.08,"u":"40,80 €/KG","img":"https://fd5-photos.leclercdrive.fr/image.ashx?id=2491310&use=l&cat=p&typeid=i","cat":327605},{"id":167243,"n":"Papillotes Révillon Noir 70% Féerique- 360g","p":11.81,"u":"32,81 €/KG","img":"https://fd5-photos.leclercdrive.fr/image.ashx?id=2863272&use=l&cat=p&typeid=i","cat":327597},{"id":167244,"n":"Papillotes Revillon Lait   Féerique - 360g","p":10.9,"u":"30,28 €/KG","img":"https://fd5-photos.leclercdrive.fr/image.ashx?id=2863269&use=l&cat=p&typeid=i","cat":327597},{"id":167245,"n":"Papillotes Révillon Blanc Féerique - 360g","p":8.88,"u":"24,67 €/KG","img":"https://fd5-photos.leclercdrive.fr/image.ashx?id=2409124&use=l&cat=p&typeid=i","cat":327597},{"id":167246,"n":"Papillotes Revillon Noir Lait Féerique - 360g","p":10.9,"u":"30,28 €/KG","img":"https://fd5-photos.leclercdrive.fr/image.ashx?id=2863275&use=l&cat=p&typeid=i","cat":327597},{"id":167248,"n":"Papillote Révillon Noir Lait et Blanc Féerique - 360g","p":10.66,"u":"29,61 €/KG","img":"https://fd5-photos.leclercdrive.fr/image.ashx?id=2863121&use=l&cat=p&typeid=i","cat":327597},{"id":167306,"n":"Soupe Déshydratée Oignon KNORR 4 portions - 94g","p":1.3,"u":"13,83 €/KG","img":"https://fd5-photos.leclercdrive.fr/image.ashx?id=2780088&use=l&cat=p&typeid=i","cat":284463},{"id":167331,"n":"Cookies Mini Granola Pépites de chocolat - 110g","p":2.37,"u":"21,55 €/KG","img":"https://fd5-photos.leclercdrive.fr/image.ashx?id=2983489&use=l&cat=p&typeid=i","cat":325066},{"id":167338,"n":"Croustilles Star Belin Salé - 90g","p":1.43,"u":"15,89 €/KG","img":"https://fd5-photos.leclercdrive.fr/image.ashx?id=3002222&use=l&cat=p&typeid=i","cat":284449},{"id":167375,"n":"Pois chiches d'aucy Bien Cultivés - 250g","p":1.92,"u":"7,68 €/KG","img":"https://fd5-photos.leclercdrive.fr/image.ashx?id=2800764&use=l&cat=p&typeid=i","cat":312609},{"id":167378,"n":"Haricots verts d'aucy  Bien Cultivés - 58cl","p":2.34,"u":"4,03 €/L","img":"https://fd5-photos.leclercdrive.fr/image.ashx?id=2800770&use=l&cat=p&typeid=i","cat":312606},{"id":167381,"n":"Petits pois d'aucy  Bien Cultivés - 250g","p":1.81,"u":"7,24 €/KG","img":"https://fd5-photos.leclercdrive.fr/image.ashx?id=2216353&use=l&cat=p&typeid=i","cat":312607},{"id":167389,"n":"Pur jus d'orange Jafaden Sans pulpe - 90cl","p":2.15,"u":"2,39 €/L","img":"https://fd5-photos.leclercdrive.fr/image.ashx?id=2723159&use=l&cat=p&typeid=i","cat":285435},{"id":167390,"n":"Pur jus de pamplemousse Jafaden Avec pulpe - 90cl","p":1.88,"u":"2,09 €/L","img":"https://fd5-photos.leclercdrive.fr/image.ashx?id=2819639&use=l&cat=p&typeid=i","cat":285435},{"id":167391,"n":"Jus de pomme Jafaden 90cl","p":1.91,"u":"2,12 €/L","img":"https://fd5-photos.leclercdrive.fr/image.ashx?id=2723171&use=l&cat=p&typeid=i","cat":285435},{"id":167392,"n":"Jus d'ananas Jafaden 90cl","p":2.21,"u":"2,46 €/L","img":"https://fd5-photos.leclercdrive.fr/image.ashx?id=2819642&use=l&cat=p&typeid=i","cat":285435},{"id":167393,"n":"Boisson au jus de citron Jafaden - 90cl","p":1.87,"u":"2,08 €/L","img":"https://fd5-photos.leclercdrive.fr/image.ashx?id=2723177&use=l&cat=p&typeid=i","cat":285435},{"id":167394,"n":"Pur jus multifruits Jafaden Pomme pêche abricot - 90cl","p":2.09,"u":"2,32 €/L","img":"https://fd5-photos.leclercdrive.fr/image.ashx?id=2723180&use=l&cat=p&typeid=i","cat":285435},{"id":167395,"n":"Pur jus d'orange frais Jafaden Avec pulpe - 1,5L","p":3.66,"u":"2,44 €/L","img":"https://fd5-photos.leclercdrive.fr/image.ashx?id=2916719&use=l&cat=p&typeid=i","cat":285435},{"id":167397,"n":"Pur jus d'orange Jafaden Avec pulpe - 90cl","p":2.21,"u":"2,46 €/L","img":"https://fd5-photos.leclercdrive.fr/image.ashx?id=2723156&use=l&cat=p&typeid=i","cat":285435},{"id":167399,"n":"Mini cheese burgers Côté Croc x10 - 155g","p":6.35,"u":"40,97 €/KG","img":"https://fd5-photos.leclercdrive.fr/image.ashx?id=2898266&use=l&cat=p&typeid=i","cat":319774},{"id":167403,"n":"Pomme de terre Grenaille minute Priméale Gourmet - 500g","p":2.2,"u":"4,40 €/KG","img":"https://fd5-photos.leclercdrive.fr/image.ashx?id=2216488&use=l&cat=p&typeid=i","cat":284352},{"id":167416,"n":"Gel douche Le Petit Marseillais Noix de coco - 250ml","p":1.87,"u":"7,48 €/L","img":"https://fd5-photos.leclercdrive.fr/image.ashx?id=2681856&use=l&cat=p&typeid=i","cat":284594},{"id":167420,"n":"Compote bébé Blédina 6 mois  Pomme mangue - 4x130g","p":2.26,"u":"4,35 €/KG","img":"https://fd5-photos.leclercdrive.fr/image.ashx?id=2901656&use=l&cat=p&typeid=i","cat":312387},{"id":167422,"n":"Petit pot bébé Blédina 6 mois Légume viande poisson - 4x200g","p":4.23,"u":"5,29 €/KG","img":"https://fd5-photos.leclercdrive.fr/image.ashx?id=2908888&use=l&cat=p&typeid=i","cat":312236},{"id":167529,"n":"Lait bébé en poudre Gallia Calisma 1er âge 0-6 mois 830g","p":15.34,"u":"18,48 €/KG","img":"https://fd5-photos.leclercdrive.fr/image.ashx?id=2456201&use=l&cat=p&typeid=i","cat":284726},{"id":167530,"n":"Lait bébé en poudre Gallia Calisma 2e âge 6-12 mois 830g","p":14.48,"u":"17,45 €/KG","img":"https://fd5-photos.leclercdrive.fr/image.ashx?id=2479730&use=l&cat=p&typeid=i","cat":284727},{"id":167531,"n":"Lait bébé poudre Gallia Relais Calisma  1er âge 0-6 mois 830g","p":18.47,"u":"22,25 €/KG","img":"https://fd5-photos.leclercdrive.fr/image.ashx?id=2462460&use=l&cat=p&typeid=i","cat":284726},{"id":167533,"n":"Tagliatelle Lustucru Selection  360g","p":1.34,"u":"3,72 €/KG","img":"https://fd5-photos.leclercdrive.fr/image.ashx?id=2885351&use=l&cat=p&typeid=i","cat":333682},{"id":167534,"n":"Tagliatelle Lustucru Selection  Maxi 600g","p":2.24,"u":"3,73 €/KG","img":"https://fd5-photos.leclercdrive.fr/image.ashx?id=2792399&use=l&cat=p&typeid=i","cat":333682},{"id":167556,"n":"Galette des rois Pasquier Pommes - 400g","p":4.04,"u":"10,10 €/KG","img":"https://fd5-photos.leclercdrive.fr/image.ashx?id=2895831&use=l&cat=p&typeid=i","cat":293600},{"id":167561,"n":"Brique pur jus Jafaden Multifruits - 1,5L","p":2.82,"u":"1,88 €/L","img":"https://fd5-photos.leclercdrive.fr/image.ashx?id=2916722&use=l&cat=p&typeid=i","cat":285435},{"id":167564,"n":"Couronne Rois  Brioche Pasquier Nature - 450g","p":3.36,"u":"7,47 €/KG","img":"https://fd5-photos.leclercdrive.fr/image.ashx?id=2896597&use=l&cat=p&typeid=i","cat":293600},{"id":167565,"n":"Couronne Rois  Brioche Pasquier Pépites chocolat - 450g","p":3.36,"u":"7,47 €/KG","img":"https://fd5-photos.leclercdrive.fr/image.ashx?id=2895214&use=l&cat=p&typeid=i","cat":293600},{"id":167567,"n":"Galette des rois Pasquier Frangipane - 400g","p":4.04,"u":"10,10 €/KG","img":"https://fd5-photos.leclercdrive.fr/image.ashx?id=2895837&use=l&cat=p&typeid=i","cat":293600},{"id":167575,"n":"Galette des rois Chocolat - 400g","p":5.09,"u":"12,73 €/KG","img":"https://fd5-photos.leclercdrive.fr/image.ashx?id=2903140&use=l&cat=p&typeid=i","cat":293600},{"id":167612,"n":"Lessive Epsil Perfect Tri Doses Pure fraîcheur x20 - 490ml","p":4.99,"u":"10,18 €/L","img":"https://fd5-photos.leclercdrive.fr/image.ashx?id=2450122&use=l&cat=p&typeid=i","cat":284641},{"id":167615,"n":"Briochettes de Noël nature La Fournée Dorée x6 - 300g","p":2.13,"u":"7,10 €/KG","img":"https://fd5-photos.leclercdrive.fr/image.ashx?id=2546614&use=l&cat=p&typeid=i","cat":284478},{"id":167616,"n":"Briochettes de Noël chocolat La Fournée Dorée x6 - 300g","p":2.23,"u":"7,43 €/KG","img":"https://fd5-photos.leclercdrive.fr/image.ashx?id=2546617&use=l&cat=p&typeid=i","cat":284478},{"id":167646,"n":"Rhum Havana Club Cuban Spiced 35% vol - 70cl","p":18.12,"u":"25,89 €/L","img":"https://fd5-photos.leclercdrive.fr/image.ashx?id=2839415&use=l&cat=p&typeid=i","cat":284550},{"id":167712,"n":"Feuilleté tomate mozzarella 2x130g","p":3.4,"u":"13,08 €/KG","img":"https://fd5-photos.leclercdrive.fr/image.ashx?id=2675430&use=l&cat=p&typeid=i","cat":333671},{"id":167714,"n":"Feuilleté au chèvre et épinards 2x120g","p":4.51,"u":"18,79 €/KG","img":"https://fd5-photos.leclercdrive.fr/image.ashx?id=2677381&use=l&cat=p&typeid=i","cat":333671},{"id":167783,"n":"Tarte en Or feuilletée Herta Sans huile de palme - 230g","p":1.79,"u":"7,78 €/KG","img":"https://fd5-photos.leclercdrive.fr/image.ashx?id=2907938&use=l&cat=p&typeid=i","cat":333681},{"id":167784,"n":"Pâte brisée Herta Tarte en Or - 230g","p":2.44,"u":"10,61 €/KG","img":"https://fd5-photos.leclercdrive.fr/image.ashx?id=2907935&use=l&cat=p&typeid=i","cat":333681},{"id":167833,"n":"Riz Rouge Complet Ethiquable Bio - 400g","p":6.09,"u":"15,23 €/KG","img":"https://fd5-photos.leclercdrive.fr/image.ashx?id=2875528&use=l&cat=p&typeid=i","cat":284428},{"id":167834,"n":"Farine de Blé Ethiquable Blanche T65 Gers Bio - 1kg","p":3.13,"u":"3,13 €/KG","img":"https://fd5-photos.leclercdrive.fr/image.ashx?id=2977576&use=l&cat=p&typeid=i","cat":284503},{"id":167839,"n":"Duo Lentilles Corail et Jaunes Bio Paysans d'Ici - 500g","p":5.0,"u":"10,00 €/KG","img":"https://fd5-photos.leclercdrive.fr/image.ashx?id=2977573&use=l&cat=p&typeid=i","cat":284430},{"id":167858,"n":"Limonade Or Bouteille - 1,25L","p":2.0,"u":"1,60 €/L","img":"https://fd5-photos.leclercdrive.fr/image.ashx?id=2221792&use=l&cat=p&typeid=i","cat":284531},{"id":167859,"n":"Mouss'Or Bouteille - 1,25L","p":2.0,"u":"1,60 €/L","img":"https://fd5-photos.leclercdrive.fr/image.ashx?id=2221795&use=l&cat=p&typeid=i","cat":284530},{"id":167860,"n":"Pain au lait bio La Boulangère Farine complète - 280g","p":2.52,"u":"9,00 €/KG","img":"https://fd5-photos.leclercdrive.fr/image.ashx?id=2354947&use=l&cat=p&typeid=i","cat":293505},{"id":167868,"n":"Couscous parfumé Tipiak Aux épices du monde - 4x65g","p":1.97,"u":"7,58 €/KG","img":"https://fd5-photos.leclercdrive.fr/image.ashx?id=2846694&use=l&cat=p&typeid=i","cat":284429},{"id":167896,"n":"Salade Roquette Les Crudettes 100g","p":1.67,"u":"16,70 €/KG","img":"https://fd5-photos.leclercdrive.fr/image.ashx?id=2354590&use=l&cat=p&typeid=i","cat":284353},{"id":167910,"n":"Rouleau papier cadeau Esquisse Happy Birthday - 2mx0,7m","p":0.55,"img":"https://fd5-photos.leclercdrive.fr/image.ashx?id=2600327&use=l&cat=p&typeid=i","cat":335914},{"id":167959,"n":"Tzatziki dégustation Tables du Monde - 175g","p":2.25,"u":"12,86 €/KG","img":"https://fd5-photos.leclercdrive.fr/image.ashx?id=2222528&use=l&cat=p&typeid=i","cat":315999},{"id":168029,"n":"Pot Lait Concentré Non Sucré Régilait - Demi Ecremé - 200g","p":1.13,"u":"5,65 €/KG","img":"https://fd5-photos.leclercdrive.fr/image.ashx?id=2222781&use=l&cat=p&typeid=i","cat":299162},{"id":168097,"n":"Purée fruit bébé Blédina 6 mois Pomme pêche fraise - 4x100g","p":1.76,"u":"4,40 €/KG","img":"https://fd5-photos.leclercdrive.fr/image.ashx?id=2983027&use=l&cat=p&typeid=i","cat":312388},{"id":168124,"n":"Pâte à sucre Sainte Lucie Blanche - 250g","p":2.96,"u":"11,84 €/KG","img":"https://fd5-photos.leclercdrive.fr/image.ashx?id=2776118&use=l&cat=p&typeid=i","cat":284504},{"id":168151,"n":"Biscuit bébé Blédina 15 mois  Céréales pépites chocolat -168g","p":2.87,"u":"17,08 €/KG","img":"https://fd5-photos.leclercdrive.fr/image.ashx?id=2892421&use=l&cat=p&typeid=i","cat":312227},{"id":168154,"n":"Repas bébé Blédichef 12 mois Pdt céleri saumon -230g","p":2.21,"u":"9,61 €/KG","img":"https://fd5-photos.leclercdrive.fr/image.ashx?id=2223238&use=l&cat=p&typeid=i","cat":312237},{"id":168168,"n":"Huile d'olive Cauvin Vierge Extra - 75cl","p":10.02,"u":"13,36 €/L","img":"https://fd5-photos.leclercdrive.fr/image.ashx?id=2498353&use=l&cat=p&typeid=i","cat":284453},{"id":168169,"n":"Ferments Lactiques Tablier Blanc - 8g","p":2.42,"u":"302,50 €/KG","img":"https://fd5-photos.leclercdrive.fr/image.ashx?id=2900355&use=l&cat=p&typeid=i","cat":284504},{"id":168171,"n":"Grandi girasoli Rana Ricotta, Épinards, Mascarpone - 250g","p":3.68,"u":"14,72 €/KG","img":"https://fd5-photos.leclercdrive.fr/image.ashx?id=2433759&use=l&cat=p&typeid=i","cat":333682},{"id":168203,"n":"Gressins torinese Florelli 125g","p":1.64,"u":"13,12 €/KG","img":"https://fd5-photos.leclercdrive.fr/image.ashx?id=2806372&use=l&cat=p&typeid=i","cat":289010},{"id":168207,"n":"Foie gras de canard Jean Larnaudie - 170g","p":36.11,"u":"212,41 €/KG","img":"https://fd5-photos.leclercdrive.fr/image.ashx?id=2228594&use=l&cat=p&typeid=i","cat":316008},{"id":168248,"n":"Mini Gaufrettes Knoppers Lait Noisettes - 200g","p":2.9,"u":"14,50 €/KG","img":"https://fd5-photos.leclercdrive.fr/image.ashx?id=2457425&use=l&cat=p&typeid=i","cat":284488},{"id":168249,"n":"Gaufrettes Knoppers Lait Noisettes - 3x25g","p":1.31,"u":"17,47 €/KG","img":"https://fd5-photos.leclercdrive.fr/image.ashx?id=2659094&use=l&cat=p&typeid=i","cat":284488},{"id":168288,"n":"Girasoli Rana Cèpes 250g","p":3.22,"u":"12,88 €/KG","img":"https://fd5-photos.leclercdrive.fr/image.ashx?id=2433756&use=l&cat=p&typeid=i","cat":333682},{"id":168290,"n":"Masque glow in the dark Scream Dès 3 ans - 1 pièce","p":3.53,"img":"https://fd5-photos.leclercdrive.fr/image.ashx?id=2226203&use=l&cat=p&typeid=i","cat":334379},{"id":168291,"n":"Masque glow in the dark Dracula Dès 3 ans - 1 pièce","p":3.53,"img":"https://fd5-photos.leclercdrive.fr/image.ashx?id=2226206&use=l&cat=p&typeid=i","cat":334379},{"id":168292,"n":"Masque glow in the dark Tete de mort Dès 3 ans -1 pièce","p":3.53,"img":"https://fd5-photos.leclercdrive.fr/image.ashx?id=2226209&use=l&cat=p&typeid=i","cat":334379},{"id":168301,"n":"Skyr Yoplait  Nature 0%Mg - 850g","p":3.1,"u":"3,65 €/KG","img":"https://fd5-photos.leclercdrive.fr/image.ashx?id=2884444&use=l&cat=p&typeid=i","cat":315000},{"id":168307,"n":"Poulet émincé Isla Délice Spécial Kebab's - 400g","p":5.26,"u":"13,15 €/KG","img":"https://fd5-photos.leclercdrive.fr/image.ashx?id=2226457&use=l&cat=p&typeid=i","cat":319780},{"id":168311,"n":"Fondant de faux-filet Charal Pur boeuf - 140g","p":4.4,"u":"31,43 €/KG","img":"https://fd5-photos.leclercdrive.fr/image.ashx?id=2894827&use=l&cat=p&typeid=i","cat":284328},{"id":168316,"n":"Steaks hachés Charal Pur Bœuf 5% MG 4x100g - 400g","p":9.15,"u":"22,88 €/KG","img":"https://fd5-photos.leclercdrive.fr/image.ashx?id=2741994&use=l&cat=p&typeid=i","cat":319778},{"id":168324,"n":"Filet de poulet Tenders Isla Délice - 360g","p":4.48,"u":"12,44 €/KG","img":"https://fd5-photos.leclercdrive.fr/image.ashx?id=2314284&use=l&cat=p&typeid=i","cat":319780},{"id":168327,"n":"Mini Boulettes Charal Happy Family x50 - 750g","p":7.51,"u":"10,01 €/KG","img":"https://fd5-photos.leclercdrive.fr/image.ashx?id=2956457&use=l&cat=p&typeid=i","cat":319779},{"id":168354,"n":"Mascara Maybelline Sensational  - 1 pièce","p":9.45,"pp":6.24,"img":"https://fd5-photos.leclercdrive.fr/image.ashx?id=3010792&use=l&cat=p&typeid=i","cat":287029},{"id":168364,"n":"Crème Mains La Provençale Bio  Réparation miel - 75ml","p":4.19,"u":"55,87 €/L","img":"https://fd5-photos.leclercdrive.fr/image.ashx?id=2553260&use=l&cat=p&typeid=i","cat":325354},{"id":168371,"n":"Masque Peel-Off Charbon Garnier Anti-Points Noirs - 50ml","p":5.6,"u":"112,00 €/L","img":"https://fd5-photos.leclercdrive.fr/image.ashx?id=2634193&use=l&cat=p&typeid=i","cat":325346},{"id":168391,"n":"Jus de pomme désucré Jafaden 1L","p":1.39,"u":"1,39 €/L","img":"https://fd5-photos.leclercdrive.fr/image.ashx?id=2227035&use=l&cat=p&typeid=i","cat":284522},{"id":168569,"n":"Boulettes au bœuf Charal x30 - 900g","p":7.59,"u":"8,43 €/KG","img":"https://fd5-photos.leclercdrive.fr/image.ashx?id=2901845&use=l&cat=p&typeid=i","cat":319779},{"id":168576,"n":"Liégeois au café Andros  Au lait d'amande - 4x90g","p":2.43,"u":"6,75 €/KG","img":"https://fd5-photos.leclercdrive.fr/image.ashx?id=2871994&use=l&cat=p&typeid=i","cat":316071},{"id":168643,"n":"Pomme de Terre vapeur salade et sautées - 1.5kg","p":2.8,"u":"1,87 €/KG","img":"https://fd5-photos.leclercdrive.fr/image.ashx?id=2241542&use=l&cat=p&typeid=i","cat":284352},{"id":168656,"n":"Schoko-bons white Kinder Chocolat - 300g","p":6.63,"u":"22,10 €/KG","img":"https://fd5-photos.leclercdrive.fr/image.ashx?id=2918071&use=l&cat=p&typeid=i","cat":327592},{"id":168676,"n":"Compotes Pom'Potes Gourdes  Multivariétés Inédits - 20x90g","p":7.01,"u":"3,89 €/KG","img":"https://fd5-photos.leclercdrive.fr/image.ashx?id=2870179&use=l&cat=p&typeid=i","cat":284508},{"id":168677,"n":"Compotes Pom'Potes Gourdes BIO Pomme Nature - 20x90g","p":10.4,"u":"5,78 €/KG","img":"https://fd5-photos.leclercdrive.fr/image.ashx?id=2919742&use=l&cat=p&typeid=i","cat":284508},{"id":168725,"n":"Riz au lait La Laitière Nature - 4x115g","p":1.55,"u":"3,37 €/KG","img":"https://fd5-photos.leclercdrive.fr/image.ashx?id=2642201&use=l&cat=p&typeid=i","cat":284418},{"id":168868,"n":"Essuie-tout Uni Vert 2 = 4 rouleaux","p":2.72,"u":"1,36 €/P","img":"https://fd5-photos.leclercdrive.fr/image.ashx?id=2333715&use=l&cat=p&typeid=i","cat":284635},{"id":168869,"n":"Papier toilette Uni Vert 2 plis 4=12 - x4","p":3.38,"u":"0,85 €/P","img":"https://fd5-photos.leclercdrive.fr/image.ashx?id=2333718&use=l&cat=p&typeid=i","cat":284634},{"id":168871,"n":"Mouchoirs Boîte 3 plis Univert Mouchoir papier non blanchi x80","p":1.26,"u":"0,02 €/P","img":"https://fd5-photos.leclercdrive.fr/image.ashx?id=2571941&use=l&cat=p&typeid=i","cat":284638},{"id":168990,"n":"Burgers Eco+ x10 - 1kg","p":6.53,"u":"6,53 €/KG","img":"https://fd5-photos.leclercdrive.fr/image.ashx?id=2966523&use=l&cat=p&typeid=i","cat":319778},{"id":168992,"n":"Nuggets de volaille Eco+ 500g","p":2.18,"u":"4,36 €/KG","img":"https://fd5-photos.leclercdrive.fr/image.ashx?id=2233397&use=l&cat=p&typeid=i","cat":319780},{"id":168993,"n":"Viande hachée Eco+  800g","p":9.49,"u":"11,86 €/KG","img":"https://fd5-photos.leclercdrive.fr/image.ashx?id=2966526&use=l&cat=p&typeid=i","cat":319779},{"id":168994,"n":"Yaourt Enfant Petits Filous Tubs Aromatisés - x15","p":2.83,"u":"5,10 €/KG","img":"https://fd5-photos.leclercdrive.fr/image.ashx?id=2811038&use=l&cat=p&typeid=i","cat":284415},{"id":168995,"n":"Yaourt brassé Perle de Lait Vanille - 4x125g","p":1.88,"u":"3,76 €/KG","img":"https://fd5-photos.leclercdrive.fr/image.ashx?id=2939715&use=l&cat=p&typeid=i","cat":314999},{"id":168996,"n":"Yaourt brassé Perle de Lait Nature - 6x125g","p":2.52,"u":"3,36 €/KG","img":"https://fd5-photos.leclercdrive.fr/image.ashx?id=2994199&use=l&cat=p&typeid=i","cat":314999},{"id":168997,"n":"Fromage Apéritif St Môret Oignons Caramélisés x20 - 100G","p":2.67,"u":"26,70 €/KG","img":"https://fd5-photos.leclercdrive.fr/image.ashx?id=2734822&use=l&cat=p&typeid=i","cat":314027},{"id":169003,"n":"Yaourt brassé Perle de Lait Nature - 4x125g","p":1.79,"u":"3,58 €/KG","img":"https://fd5-photos.leclercdrive.fr/image.ashx?id=2939706&use=l&cat=p&typeid=i","cat":314999},{"id":169006,"n":"Cocktail de fruits de mer Eco+ Précuit - 500g","p":3.77,"u":"7,54 €/KG","img":"https://fd5-photos.leclercdrive.fr/image.ashx?id=2529525&use=l&cat=p&typeid=i","cat":319787},{"id":169026,"n":"Pané de colin d'Alaska Eco+ x5 - 800g","p":4.49,"u":"5,61 €/KG","img":"https://fd5-photos.leclercdrive.fr/image.ashx?id=2804323&use=l&cat=p&typeid=i","cat":319788},{"id":169028,"n":"Filet de colin d'Alaska Eco MSC - 1kg","p":5.87,"u":"5,87 €/KG","img":"https://fd5-photos.leclercdrive.fr/image.ashx?id=2545924&use=l&cat=p&typeid=i","cat":319786},{"id":169045,"n":"Falafels de pois chiches Bio Hari&Co Cumin Menthe - 170g","p":2.94,"u":"17,29 €/KG","img":"https://fd5-photos.leclercdrive.fr/image.ashx?id=2903602&use=l&cat=p&typeid=i","cat":316036},{"id":169057,"n":"Pizza Margherita Eco+ x3 - 900g","p":2.62,"u":"2,91 €/KG","img":"https://fd5-photos.leclercdrive.fr/image.ashx?id=2781176&use=l&cat=p&typeid=i","cat":284256},{"id":169069,"n":"Tranches saveur Emmental  Violife 100% végan - 200g","p":2.7,"u":"13,50 €/KG","img":"https://fd5-photos.leclercdrive.fr/image.ashx?id=2687089&use=l&cat=p&typeid=i","cat":316070},{"id":169070,"n":"Pâte de Pralin 225g","p":8.06,"u":"35,82 €/KG","img":"https://fd5-photos.leclercdrive.fr/image.ashx?id=2235302&use=l&cat=p&typeid=i","cat":284504},{"id":169072,"n":"Yaourt brassé Perle de Lait Citron  - 4x125g","p":1.88,"u":"3,92 €/P","img":"https://fd5-photos.leclercdrive.fr/image.ashx?id=2939712&use=l&cat=p&typeid=i","cat":314999},{"id":169118,"n":"Beurre de cacahuète Bio Whole Earth - 340g","p":4.56,"u":"13,41 €/KG","img":"https://fd5-photos.leclercdrive.fr/image.ashx?id=2237313&use=l&cat=p&typeid=i","cat":284481},{"id":169189,"n":"Dessert Materne Gourdes  Végétal Vanille - 4x85g","p":2.13,"u":"6,26 €/KG","img":"https://fd5-photos.leclercdrive.fr/image.ashx?id=2563235&use=l&cat=p&typeid=i","cat":284506},{"id":169190,"n":"Dessert Materne Gourdes  Végétal Chocolat - 4x85g","p":2.18,"u":"6,41 €/KG","img":"https://fd5-photos.leclercdrive.fr/image.ashx?id=2563232&use=l&cat=p&typeid=i","cat":284506},{"id":169216,"n":"Yaourt brassé Perle de Lait Coco - 4x125g","p":1.83,"u":"3,66 €/KG","img":"https://fd5-photos.leclercdrive.fr/image.ashx?id=2939709&use=l&cat=p&typeid=i","cat":286006},{"id":169218,"n":"Yaourt brassé Perle de Lait Nature - 8x125g","p":2.95,"u":"2,95 €/KG","img":"https://fd5-photos.leclercdrive.fr/image.ashx?id=2989225&use=l&cat=p&typeid=i","cat":284409},{"id":169297,"n":"Soupe Velouté de Poireaux Knorr - 1L","p":2.49,"u":"2,49 €/L","img":"https://fd5-photos.leclercdrive.fr/image.ashx?id=2395814&use=l&cat=p&typeid=i","cat":284462},{"id":169298,"n":"Velouté Carottes Française Knorr - 1L","p":2.4,"u":"2,40 €/L","img":"https://fd5-photos.leclercdrive.fr/image.ashx?id=2395811&use=l&cat=p&typeid=i","cat":284463},{"id":169342,"n":"Lardons fumés Herta 200g","p":1.94,"u":"9,70 €/KG","img":"https://fd5-photos.leclercdrive.fr/image.ashx?id=2939307&use=l&cat=p&typeid=i","cat":316011},{"id":169344,"n":"Lardons fumés Herta Sans nitrite - 2x75g","p":1.85,"u":"12,33 €/KG","img":"https://fd5-photos.leclercdrive.fr/image.ashx?id=2731369&use=l&cat=p&typeid=i","cat":316011},{"id":169345,"n":"Lardons nature Herta 200g","p":1.93,"u":"9,65 €/KG","img":"https://fd5-photos.leclercdrive.fr/image.ashx?id=2731357&use=l&cat=p&typeid=i","cat":316011},{"id":169346,"n":"Allumettes fumées Herta Sans nitrite - 2x75g","p":1.66,"u":"11,07 €/KG","img":"https://fd5-photos.leclercdrive.fr/image.ashx?id=2868903&use=l&cat=p&typeid=i","cat":316011},{"id":169347,"n":"Allumettes nature Herta Sans nitrite - 2x75g","p":2.16,"u":"14,40 €/KG","img":"https://fd5-photos.leclercdrive.fr/image.ashx?id=2868906&use=l&cat=p&typeid=i","cat":316011},{"id":169351,"n":"Allumettes fumées Herta 200g","p":1.82,"u":"9,10 €/KG","img":"https://fd5-photos.leclercdrive.fr/image.ashx?id=2817458&use=l&cat=p&typeid=i","cat":316011},{"id":169353,"n":"Pâte feuilletée Herta Tarte en Or - 230g","p":0.83,"u":"3,61 €/KG","img":"https://fd5-photos.leclercdrive.fr/image.ashx?id=2918658&use=l&cat=p&typeid=i","cat":333681},{"id":169354,"n":"Pâte brisée Herta Tarte en Or - 230g","p":0.9,"u":"3,91 €/KG","img":"https://fd5-photos.leclercdrive.fr/image.ashx?id=2739189&use=l&cat=p&typeid=i","cat":333681},{"id":169365,"n":"Pâte feuilletée rectangulaire  Herta Tarte en Or - 230g","p":1.42,"u":"6,17 €/KG","img":"https://fd5-photos.leclercdrive.fr/image.ashx?id=2721697&use=l&cat=p&typeid=i","cat":333681},{"id":169367,"n":"Pâte feuilletée Herta Tarte en Or -30%MG - 230g","p":1.34,"u":"5,83 €/KG","img":"https://fd5-photos.leclercdrive.fr/image.ashx?id=2814524&use=l&cat=p&typeid=i","cat":333681},{"id":169384,"n":"AOC Côtes de Bergerac moelleux Terrasses d'Autan - BIB 3L","p":10.99,"u":"3,66 €/L","img":"https://fd5-photos.leclercdrive.fr/image.ashx?id=2949218&use=l&cat=p&typeid=i","cat":289557},{"id":169429,"n":"Tendres Effilés en Gelée Felix Selection poissons 12x85g","p":4.47,"u":"4,38 €/KG","img":"https://fd5-photos.leclercdrive.fr/image.ashx?id=2995439&use=l&cat=p&typeid=i","cat":285286},{"id":169430,"n":"Tendres Effilés en Gelée Felix Selection campagne 12x85g","p":4.44,"u":"4,35 €/KG","img":"https://fd5-photos.leclercdrive.fr/image.ashx?id=2957668&use=l&cat=p&typeid=i","cat":285286},{"id":169432,"n":"Tendres Effilés en Gelée Felix Selection mixte - 24x85g","p":7.49,"u":"3,67 €/KG","img":"https://fd5-photos.leclercdrive.fr/image.ashx?id=2869651&use=l&cat=p&typeid=i","cat":285286},{"id":169435,"n":"Délicieux Duos en Gelée Felix Selection mixte 24x85g","p":8.92,"u":"4,37 €/KG","img":"https://fd5-photos.leclercdrive.fr/image.ashx?id=2861779&use=l&cat=p&typeid=i","cat":285286},{"id":169436,"n":"Tendres Effilés en Gelée Felix Selection Mixte - 24x85g","p":8.5,"u":"4,17 €/KG","img":"https://fd5-photos.leclercdrive.fr/image.ashx?id=2957677&use=l&cat=p&typeid=i","cat":285286},{"id":169438,"n":"Délicieux Duos en Gelée Felix Sélection mixte - 24x85g","p":9.01,"u":"4,42 €/KG","img":"https://fd5-photos.leclercdrive.fr/image.ashx?id=2972074&use=l&cat=p&typeid=i","cat":285286},{"id":169443,"n":"Tendres Effilés Gelée 44x85g","p":15.05,"u":"4,02 €/KG","img":"https://fd5-photos.leclercdrive.fr/image.ashx?id=2957674&use=l&cat=p&typeid=i","cat":285286},{"id":169445,"n":"Duos en gelée Felix Selection campagne - 44x85g","p":14.52,"u":"3,88 €/KG","img":"https://fd5-photos.leclercdrive.fr/image.ashx?id=2976857&use=l&cat=p&typeid=i","cat":285286},{"id":169447,"n":"Emincés En Gelée Felix Selection mixte - 12x85g","p":3.79,"u":"3,72 €/KG","img":"https://fd5-photos.leclercdrive.fr/image.ashx?id=2869657&use=l&cat=p&typeid=i","cat":285286},{"id":169448,"n":"Emincés En Gelée  Felix Volaille légumes - 12x85g","p":3.69,"u":"3,62 €/KG","img":"https://fd5-photos.leclercdrive.fr/image.ashx?id=2909212&use=l&cat=p&typeid=i","cat":285286},{"id":169454,"n":"FELIX Sensations En Gelée Felix Selection de la campagne 12x85g","p":5.78,"u":"5,67 €/KG","img":"https://fd5-photos.leclercdrive.fr/image.ashx?id=2986909&use=l&cat=p&typeid=i","cat":285286},{"id":169455,"n":"Sensations en gelée Felix 12x85g","p":6.18,"u":"6,06 €/KG","img":"https://fd5-photos.leclercdrive.fr/image.ashx?id=2957278&use=l&cat=p&typeid=i","cat":285286},{"id":169457,"n":"Sensation en gelée Felix Sélection mixte - 24x85g","p":10.44,"u":"5,12 €/KG","img":"https://fd5-photos.leclercdrive.fr/image.ashx?id=2378435&use=l&cat=p&typeid=i","cat":285286},{"id":169510,"n":"Crème lavante Uriage 1L","p":10.79,"u":"10,79 €/L","img":"https://fd5-photos.leclercdrive.fr/image.ashx?id=2240113&use=l&cat=p&typeid=i","cat":301591},{"id":169921,"n":"Pousses haricot Mungo Les Crudettes - 250g","p":2.2,"u":"8,80 €/KG","img":"https://fd5-photos.leclercdrive.fr/image.ashx?id=2243122&use=l&cat=p&typeid=i","cat":284352},{"id":170070,"n":"Pain maxi moelleux 3 graines Gerblé Sans gluten - 350g","p":3.26,"u":"9,31 €/KG","img":"https://fd5-photos.leclercdrive.fr/image.ashx?id=2662862&use=l&cat=p&typeid=i","cat":284477},{"id":170075,"n":"Pâte à tartiner Milka 740g","p":6.15,"u":"8,31 €/KG","img":"https://fd5-photos.leclercdrive.fr/image.ashx?id=2828712&use=l&cat=p&typeid=i","cat":284481},{"id":170111,"n":"Tartine craquante Jardin Bio Sarrasin bio - 150g","p":2.73,"u":"18,20 €/KG","img":"https://fd5-photos.leclercdrive.fr/image.ashx?id=2653672&use=l&cat=p&typeid=i","cat":285543},{"id":170381,"n":"Purée pommes de terre Créaline Vitelotte -  2x180g","p":3.3,"u":"9,17 €/KG","img":"https://fd5-photos.leclercdrive.fr/image.ashx?id=2248249&use=l&cat=p&typeid=i","cat":333665},{"id":170434,"n":"Matelote de thon D'Aucy Petits légumes 300g","p":2.69,"u":"8,97 €/KG","img":"https://fd5-photos.leclercdrive.fr/image.ashx?id=2247538&use=l&cat=p&typeid=i","cat":284953},{"id":170561,"n":"Friandises chien Tous mes Amis Sticks au Boeuf - 3x11g","p":0.5,"u":"15,15 €/KG","img":"https://fd5-photos.leclercdrive.fr/image.ashx?id=2302265&use=l&cat=p&typeid=i","cat":294527},{"id":170571,"n":"Barres KINDER BUENO White  Chocolat Blanc x3 - 117g","p":3.29,"u":"28,12 €/KG","img":"https://fd5-photos.leclercdrive.fr/image.ashx?id=2792981&use=l&cat=p&typeid=i","cat":284498},{"id":170669,"n":"Purée de marrons Florette 2x180g","p":3.3,"u":"9,17 €/KG","img":"https://fd5-photos.leclercdrive.fr/image.ashx?id=2911366&use=l&cat=p&typeid=i","cat":333665},{"id":170778,"n":"Bloc de foie gras Jean Larnaudie - 230g","p":25.91,"u":"112,65 €/KG","img":"https://fd5-photos.leclercdrive.fr/image.ashx?id=2915811&use=l&cat=p&typeid=i","cat":316008},{"id":170828,"n":"Chips Tortilla Old El Paso Chili - 185g","p":2.1,"u":"11,35 €/KG","img":"https://fd5-photos.leclercdrive.fr/image.ashx?id=2444525&use=l&cat=p&typeid=i","cat":288993},{"id":170935,"n":"Rhum Havana Club 3 ans 37,5% vol - 1L","p":21.75,"u":"21,75 €/L","img":"https://fd5-photos.leclercdrive.fr/image.ashx?id=2953992&use=l&cat=p&typeid=i","cat":284550},{"id":170957,"n":"Confiture Douceur du Verger Abricot - 750g","p":2.31,"u":"3,08 €/KG","img":"https://fd5-photos.leclercdrive.fr/image.ashx?id=2965581&use=l&cat=p&typeid=i","cat":284480},{"id":171004,"n":"Ramen nouilles Tanoshi Soja Caramel - 360g","p":2.82,"u":"7,83 €/KG","img":"https://fd5-photos.leclercdrive.fr/image.ashx?id=2922971&use=l&cat=p&typeid=i","cat":288992},{"id":171012,"n":"Café Moulu San Marco Intenso n°9 - 2x250g","p":10.49,"u":"20,98 €/KG","img":"https://fd5-photos.leclercdrive.fr/image.ashx?id=2646044&use=l&cat=p&typeid=i","cat":284750},{"id":171068,"n":"Gel douche So Bio Etic Fleur d'oranger bio - 450ml","p":5.65,"u":"12,56 €/L","img":"https://fd5-photos.leclercdrive.fr/image.ashx?id=2794487&use=l&cat=p&typeid=i","cat":284594},{"id":171070,"n":"Gel douche So Bio Etic Abricot bio - 450ml","p":5.45,"u":"12,11 €/L","img":"https://fd5-photos.leclercdrive.fr/image.ashx?id=2793629&use=l&cat=p&typeid=i","cat":284594},{"id":171072,"n":"Gel douche So Bio Etic Verveine Citron bio - 450ml","p":5.37,"u":"11,93 €/L","img":"https://fd5-photos.leclercdrive.fr/image.ashx?id=2813468&use=l&cat=p&typeid=i","cat":284594},{"id":171089,"n":"IGP Bloc de foie gras   Jean Larnaudie  - 400g","p":38.5,"pp":25.41,"u":"63,52 €/KG","img":"https://fd5-photos.leclercdrive.fr/image.ashx?id=2915790&use=l&cat=p&typeid=i","cat":316008},{"id":171105,"n":"Foie gras de canard Delpeyrat Barquette 360g","p":52.3,"u":"145,28 €/KG","img":"https://fd5-photos.leclercdrive.fr/image.ashx?id=2901710&use=l&cat=p&typeid=i","cat":316008},{"id":171107,"n":"Bloc de foie gras Delpeyrat 30% morceaux Barquette 450g","p":52.3,"u":"116,22 €/KG","img":"https://fd5-photos.leclercdrive.fr/image.ashx?id=2730556&use=l&cat=p&typeid=i","cat":316008},{"id":171131,"n":"Pétillant D'artigny Sans Alcool - 75cl","p":5.97,"u":"7,96 €/L","img":"https://fd5-photos.leclercdrive.fr/image.ashx?id=2854312&use=l&cat=p&typeid=i","cat":289460},{"id":171188,"n":"Glace Barre Glacée Snickers  Caramel & Cacahuètes x6 - 274g","p":3.22,"u":"11,75 €/KG","img":"https://fd5-photos.leclercdrive.fr/image.ashx?id=2295508&use=l&cat=p&typeid=i","cat":284264},{"id":171191,"n":"Barre glacée Mars  Caramel x6 - 240g","p":3.09,"img":"https://fd5-photos.leclercdrive.fr/image.ashx?id=2295924&use=l&cat=p&typeid=i","cat":284264},{"id":171218,"n":"Moussaka au boeuf Marie  Aubergines et tomates - 300g","p":3.85,"u":"12,83 €/KG","img":"https://fd5-photos.leclercdrive.fr/image.ashx?id=2799883&use=l&cat=p&typeid=i","cat":333665},{"id":171265,"n":"Bûchettes Smarties  Chocolat Vanille x4 - 228g","p":3.42,"u":"15,00 €/KG","img":"https://fd5-photos.leclercdrive.fr/image.ashx?id=2757325&use=l&cat=p&typeid=i","cat":284266},{"id":171294,"n":"Signature Crunchy Petals McCain Pommes de terre - 650g","p":2.49,"u":"3,83 €/KG","img":"https://fd5-photos.leclercdrive.fr/image.ashx?id=2752236&use=l&cat=p&typeid=i","cat":319792},{"id":171409,"n":"Sac poubelle Elembal 50L - x40","p":5.99,"u":"0,15 €/P","img":"https://fd5-photos.leclercdrive.fr/image.ashx?id=2793311&use=l&cat=p&typeid=i","cat":285168},{"id":171494,"n":"Shampooing Pivoine bio Klorane Apaisant anti-irritant - 400ml","p":9.49,"u":"23,73 €/L","img":"https://fd5-photos.leclercdrive.fr/image.ashx?id=2968250&use=l&cat=p&typeid=i","cat":290400},{"id":171501,"n":"Soin après-shampooing Klorane Avoine - 200ml","p":9.8,"u":"49,00 €/L","img":"https://fd5-photos.leclercdrive.fr/image.ashx?id=2788604&use=l&cat=p&typeid=i","cat":290400},{"id":171509,"n":"Shampooing Klorane au lait d'avoien - 400ml","p":9.49,"u":"23,73 €/L","img":"https://fd5-photos.leclercdrive.fr/image.ashx?id=2857302&use=l&cat=p&typeid=i","cat":290400},{"id":171544,"n":"Emulsion Keracny PP+ Ducray Traitante purifiante - 30ml","p":12.89,"u":"429,67 €/L","img":"https://fd5-photos.leclercdrive.fr/image.ashx?id=2968241&use=l&cat=p&typeid=i","cat":291166},{"id":171550,"n":"Emulsion Keracnyl Ducray Glycolic - 30ml","p":11.89,"u":"396,33 €/L","img":"https://fd5-photos.leclercdrive.fr/image.ashx?id=2968244&use=l&cat=p&typeid=i","cat":291166},{"id":171566,"n":"Lait démaquillant A-Derma hydra nettoyant bio - 400ml","p":14.89,"u":"37,23 €/L","img":"https://fd5-photos.leclercdrive.fr/image.ashx?id=2374165&use=l&cat=p&typeid=i","cat":301587},{"id":171569,"n":"Eau micellaire A-Derma Biology nettoyante bio - 400ml","p":10.25,"u":"25,63 €/L","img":"https://fd5-photos.leclercdrive.fr/image.ashx?id=2290065&use=l&cat=p&typeid=i","cat":301587},{"id":171571,"n":"Crème légère A-Derma Biology hydratante bio - 40ml","p":13.98,"u":"349,50 €/L","img":"https://fd5-photos.leclercdrive.fr/image.ashx?id=2377199&use=l&cat=p&typeid=i","cat":291171},{"id":171575,"n":"Soin dermatologique A-Derma Biology Anti-rougeurs bio -40ml","p":14.35,"u":"358,75 €/L","img":"https://fd5-photos.leclercdrive.fr/image.ashx?id=2377205&use=l&cat=p&typeid=i","cat":291171},{"id":171666,"n":"Shampooing Extra doux Ducray Dermo-protecteur - 400ml","p":6.49,"u":"16,23 €/L","img":"https://fd5-photos.leclercdrive.fr/image.ashx?id=2326973&use=l&cat=p&typeid=i","cat":290400},{"id":171719,"n":"Lessive Epsil Perfect Tri-Doses Fleurie x20 - 490ml","p":4.49,"u":"9,16 €/L","img":"https://fd5-photos.leclercdrive.fr/image.ashx?id=2450119&use=l&cat=p&typeid=i","cat":284641},{"id":171759,"n":"Balais essui glace Tech 9 AR1 - 1p","p":5.35,"img":"https://fd5-photos.leclercdrive.fr/image.ashx?id=2780945&use=l&cat=p&typeid=i","cat":298252},{"id":171836,"n":"Céréales Trésor Kellogg's Chocolat au lait - 620g","p":4.18,"u":"6,74 €/KG","img":"https://fd5-photos.leclercdrive.fr/image.ashx?id=2598334&use=l&cat=p&typeid=i","cat":309513},{"id":171839,"n":"Yaourts Light & Free Aux fruits rouges 0% - 8x125g","p":2.83,"u":"2,83 €/KG","img":"https://fd5-photos.leclercdrive.fr/image.ashx?id=3008014&use=l&cat=p&typeid=i","cat":315000},{"id":171846,"n":"Skyr vanille Délisse 450g","p":1.98,"u":"4,40 €/KG","img":"https://fd5-photos.leclercdrive.fr/image.ashx?id=2992585&use=l&cat=p&typeid=i","cat":315000},{"id":172510,"n":"Morilles et champignons à la Crème Magda - 300g","p":3.98,"pp":2.63,"u":"8,77 €/KG","img":"https://fd5-photos.leclercdrive.fr/image.ashx?id=2790027&use=l&cat=p&typeid=i","cat":319823},{"id":172578,"n":"L'Ortolan Fromagerie Milleret A la truffe blanche -135g","p":2.71,"u":"20,07 €/KG","img":"https://fd5-photos.leclercdrive.fr/image.ashx?id=2259658&use=l&cat=p&typeid=i","cat":314033},{"id":172584,"n":"Fromage blanc 0%MG Light & Free Fraise - 4x120g","p":2.05,"u":"4,27 €/KG","img":"https://fd5-photos.leclercdrive.fr/image.ashx?id=3007999&use=l&cat=p&typeid=i","cat":315000},{"id":172585,"n":"Fromage blanc 0%MG Light & Free Pêche - 4x120g","p":2.25,"u":"4,69 €/KG","img":"https://fd5-photos.leclercdrive.fr/image.ashx?id=3008002&use=l&cat=p&typeid=i","cat":315000},{"id":172588,"n":"Fromage blanc 0%MG Light & Free Nature - 8x100g","p":3.03,"u":"3,79 €/KG","img":"https://fd5-photos.leclercdrive.fr/image.ashx?id=3008008&use=l&cat=p&typeid=i","cat":315000},{"id":172592,"n":"Fromage blanc 0%MG Light & Free Vanille - 4x120g","p":1.9,"u":"3,96 €/KG","img":"https://fd5-photos.leclercdrive.fr/image.ashx?id=3008005&use=l&cat=p&typeid=i","cat":315000},{"id":172593,"n":"Yaourt 0%MG Light & Free Nature - 12x125g","p":3.34,"u":"2,23 €/KG","img":"https://fd5-photos.leclercdrive.fr/image.ashx?id=2742797&use=l&cat=p&typeid=i","cat":315000},{"id":172595,"n":"Mousse fromage blanc Light&Free Fraise et pêche 0%mg - 4x120g","p":1.98,"u":"4,30 €/KG","img":"https://fd5-photos.leclercdrive.fr/image.ashx?id=3008020&use=l&cat=p&typeid=i","cat":315000},{"id":172597,"n":"Yaourt aux fruits Light&Free Fraise 0%MG- 4x125g","p":1.7,"u":"3,40 €/KG","img":"https://fd5-photos.leclercdrive.fr/image.ashx?id=3010987&use=l&cat=p&typeid=i","cat":315000},{"id":172598,"n":"Yaourt aux fruits Light&free Cerise 0%MG - 4x125g","p":1.87,"u":"3,74 €/KG","img":"https://fd5-photos.leclercdrive.fr/image.ashx?id=2741682&use=l&cat=p&typeid=i","cat":315000},{"id":172599,"n":"Yaourt aux fruits Light&Free Citron 0%MG - 4x125g","p":1.7,"u":"3,40 €/KG","img":"https://fd5-photos.leclercdrive.fr/image.ashx?id=2889223&use=l&cat=p&typeid=i","cat":315000},{"id":172600,"n":"Yaourt 0%MG Light & Free Aux fruits panachés - 16x125g","p":4.8,"u":"2,40 €/KG","img":"https://fd5-photos.leclercdrive.fr/image.ashx?id=2741685&use=l&cat=p&typeid=i","cat":315000},{"id":172601,"n":"Yaourt brassé 0%MG Light & Free 8x125g","p":3.18,"u":"3,18 €/KG","img":"https://fd5-photos.leclercdrive.fr/image.ashx?id=3008011&use=l&cat=p&typeid=i","cat":315000},{"id":172718,"n":"Lessive en poudre Xeor Savon de Marseille x50 - 2.5kg","p":5.99,"u":"2,40 €/KG","img":"https://fd5-photos.leclercdrive.fr/image.ashx?id=2450161&use=l&cat=p&typeid=i","cat":284642},{"id":172723,"n":"Eau aromatisée San Pellegrino Aranciata rossa - 6x33cl","p":3.68,"u":"1,86 €/L","img":"https://fd5-photos.leclercdrive.fr/image.ashx?id=2866109&use=l&cat=p&typeid=i","cat":284536},{"id":172725,"n":"Eau aromatisée San Pellegrino Limonata - 6x33cl","p":3.63,"u":"1,83 €/L","img":"https://fd5-photos.leclercdrive.fr/image.ashx?id=2525816&use=l&cat=p&typeid=i","cat":284536},{"id":172727,"n":"Eau aromatisée San Pellegrino Melograno e arancia - 6x33cl","p":3.9,"u":"1,97 €/L","img":"https://fd5-photos.leclercdrive.fr/image.ashx?id=2551555&use=l&cat=p&typeid=i","cat":284536},{"id":172731,"n":"Tablette chocolat Milka Chocolat au lait - 3x100g","p":4.25,"u":"14,17 €/KG","img":"https://fd5-photos.leclercdrive.fr/image.ashx?id=3009137&use=l&cat=p&typeid=i","cat":284497},{"id":172828,"n":"Yaourt à boire protéiné Hipro  Coco 0%mg - 300g","p":2.31,"u":"7,70 €/KG","img":"https://fd5-photos.leclercdrive.fr/image.ashx?id=2865617&use=l&cat=p&typeid=i","cat":315000},{"id":172829,"n":"Yaourt à boire protéiné Hipro  Mangue 0%mg - 300g","p":1.85,"u":"6,17 €/KG","img":"https://fd5-photos.leclercdrive.fr/image.ashx?id=2807432&use=l&cat=p&typeid=i","cat":315000},{"id":173133,"n":"Ecrasé pommes de terre Créaline Cèpes & girolles - 2x180g","p":3.3,"u":"9,17 €/KG","img":"https://fd5-photos.leclercdrive.fr/image.ashx?id=2263979&use=l&cat=p&typeid=i","cat":333665},{"id":173239,"n":"Délice d'artichauts Les Tartinables Florelli - 190g","p":3.01,"u":"15,84 €/KG","img":"https://fd5-photos.leclercdrive.fr/image.ashx?id=3014569&use=l&cat=p&typeid=i","cat":289010},{"id":173326,"n":"Soupe liquide Liebig  Poissons - 2x30cl","p":3.1,"u":"5,17 €/L","img":"https://fd5-photos.leclercdrive.fr/image.ashx?id=2604452&use=l&cat=p&typeid=i","cat":287366},{"id":173329,"n":"Soupe liquide Liebig  Poissons - Brique 1L","p":3.67,"u":"3,67 €/L","img":"https://fd5-photos.leclercdrive.fr/image.ashx?id=2647468&use=l&cat=p&typeid=i","cat":287366},{"id":173332,"n":"Soupe liquide Liebig poireaux Saint jacques - Brique 1L","p":4.46,"u":"4,46 €/L","img":"https://fd5-photos.leclercdrive.fr/image.ashx?id=2472195&use=l&cat=p&typeid=i","cat":284462},{"id":173333,"n":"Soupe liquide Liebig  Poireaux saint jacques - 2x30cl","p":3.83,"u":"6,38 €/L","img":"https://fd5-photos.leclercdrive.fr/image.ashx?id=2472198&use=l&cat=p&typeid=i","cat":284462},{"id":173441,"n":"Crème Fleurette Extra Président Entière 33%MG - 35cl","p":2.36,"u":"6,74 €/L","img":"https://fd5-photos.leclercdrive.fr/image.ashx?id=2962260&use=l&cat=p&typeid=i","cat":284381},{"id":173442,"n":"Beurre doux Tendrissime Président - 225g","p":2.65,"u":"11,78 €/KG","img":"https://fd5-photos.leclercdrive.fr/image.ashx?id=2657415&use=l&cat=p&typeid=i","cat":284379},{"id":173560,"n":"Arrangé Rivière du Mât Mangue Passion 35%vol - 70cl","p":15.39,"u":"21,99 €/L","img":"https://fd5-photos.leclercdrive.fr/image.ashx?id=2936014&use=l&cat=p&typeid=i","cat":284551},{"id":173725,"n":"Balai d'essui glace Tech9 Classic 240mm  - 1p","p":5.79,"img":"https://fd5-photos.leclercdrive.fr/image.ashx?id=2779806&use=l&cat=p&typeid=i","cat":298252},{"id":174145,"n":"Confiture Douceur du Verger Cerises - 370 g","p":1.27,"u":"3,43 €/KG","img":"https://fd5-photos.leclercdrive.fr/image.ashx?id=2965599&use=l&cat=p&typeid=i","cat":284480},{"id":174147,"n":"Confiture Douceur du Verger Châtaignes/vanille - 370g","p":1.75,"u":"4,73 €/KG","img":"https://fd5-photos.leclercdrive.fr/image.ashx?id=2965593&use=l&cat=p&typeid=i","cat":284480},{"id":174148,"n":"Confiture Douceur du Verger Pêches - 370 g","p":1.6,"u":"4,32 €/KG","img":"https://fd5-photos.leclercdrive.fr/image.ashx?id=2965602&use=l&cat=p&typeid=i","cat":284480},{"id":174149,"n":"Confiture Douceur du Verger Fraises - 370 g","p":1.12,"u":"3,03 €/KG","img":"https://fd5-photos.leclercdrive.fr/image.ashx?id=2965542&use=l&cat=p&typeid=i","cat":284480},{"id":174150,"n":"Confiture Douceur du Verger Framboises - 370 g","p":1.99,"u":"5,38 €/KG","img":"https://fd5-photos.leclercdrive.fr/image.ashx?id=2965575&use=l&cat=p&typeid=i","cat":284480},{"id":174151,"n":"Confiture Douceur du Verger 4 fruits rouges - 370 g","p":1.18,"u":"3,19 €/KG","img":"https://fd5-photos.leclercdrive.fr/image.ashx?id=2965551&use=l&cat=p&typeid=i","cat":284480},{"id":174153,"n":"Sauce tomates cuisinées Panzani 210g","p":1.08,"u":"5,14 €/KG","img":"https://fd5-photos.leclercdrive.fr/image.ashx?id=2880688&use=l&cat=p&typeid=i","cat":299047},{"id":174154,"n":"Sauce Tomate Basilic Panzani - 210G","p":1.24,"u":"5,90 €/KG","img":"https://fd5-photos.leclercdrive.fr/image.ashx?id=2881290&use=l&cat=p&typeid=i","cat":288384},{"id":174156,"n":"Sauce tomates cuisinées Panzani 425g","p":1.86,"u":"4,38 €/KG","img":"https://fd5-photos.leclercdrive.fr/image.ashx?id=2977276&use=l&cat=p&typeid=i","cat":288384},{"id":174157,"n":"Sauce Tomate Basilic Panzani - 400G","p":1.94,"u":"4,85 €/KG","img":"https://fd5-photos.leclercdrive.fr/image.ashx?id=2968088&use=l&cat=p&typeid=i","cat":288384},{"id":174158,"n":"Sauce Tomate Provençale Panzani - 650G","p":2.33,"u":"3,58 €/KG","img":"https://fd5-photos.leclercdrive.fr/image.ashx?id=2977942&use=l&cat=p&typeid=i","cat":299047},{"id":174159,"n":"Sauce Tomate Basilic Panzani - 650G","p":2.48,"u":"3,82 €/KG","img":"https://fd5-photos.leclercdrive.fr/image.ashx?id=2977945&use=l&cat=p&typeid=i","cat":288384},{"id":174160,"n":"Sauce tomates fraîches Panzani 3x190g","p":2.53,"u":"4,44 €/KG","img":"https://fd5-photos.leclercdrive.fr/image.ashx?id=2835274&use=l&cat=p&typeid=i","cat":288384},{"id":174161,"n":"Queues de langouste crue Ronde des Mers - 340g","p":23.79,"u":"69,97 €/KG","img":"https://fd5-photos.leclercdrive.fr/image.ashx?id=2523470&use=l&cat=p&typeid=i","cat":327284},{"id":174164,"n":"Crème Sans Lactose Elle&Vire Epaisse Légère - 4% MG - 33cl","p":1.72,"u":"5,09 €/KG","img":"https://fd5-photos.leclercdrive.fr/image.ashx?id=2773670&use=l&cat=p&typeid=i","cat":284381},{"id":174188,"n":"Crevettes décortiquées Eco+ 500g","p":4.93,"u":"9,86 €/KG","img":"https://fd5-photos.leclercdrive.fr/image.ashx?id=2690877&use=l&cat=p&typeid=i","cat":319787},{"id":174189,"n":"Beignets de calamar Eco+ 500g","p":2.46,"u":"4,92 €/KG","img":"https://fd5-photos.leclercdrive.fr/image.ashx?id=2690955&use=l&cat=p&typeid=i","cat":319788},{"id":174192,"n":"Filet de saumon de Norvège ASC  L'Atelier Poissonnerie - 600g","p":12.94,"u":"21,57 €/KG","img":"https://fd5-photos.leclercdrive.fr/image.ashx?id=3004402&use=l&cat=p&typeid=i","cat":284342},{"id":174196,"n":"Viande hachée 15% MG Férial 1kg","p":14.49,"u":"14,49 €/KG","img":"https://fd5-photos.leclercdrive.fr/image.ashx?id=2630094&use=l&cat=p&typeid=i","cat":284332},{"id":174201,"n":"Baguettes tranchées Roger Au blé complet - 180g","p":2.59,"u":"14,39 €/KG","img":"https://fd5-photos.leclercdrive.fr/image.ashx?id=2680143&use=l&cat=p&typeid=i","cat":284477},{"id":174204,"n":"Margarine Oméga 3 Fruit d'Or Sans huile de palme - 225g","p":2.17,"u":"9,64 €/KG","img":"https://fd5-photos.leclercdrive.fr/image.ashx?id=2887332&use=l&cat=p&typeid=i","cat":315229},{"id":174222,"n":"Pur jus d'orange Eco  Sans pulpe - 1L","p":2.07,"u":"2,07 €/L","img":"https://fd5-photos.leclercdrive.fr/image.ashx?id=2779874&use=l&cat=p&typeid=i","cat":285435},{"id":174223,"n":"Pur jus de pomme Eco  1L","p":1.47,"u":"1,47 €/L","img":"https://fd5-photos.leclercdrive.fr/image.ashx?id=2779877&use=l&cat=p&typeid=i","cat":285435},{"id":174228,"n":"Sucre Extra Fin Saint Louis  650g","p":1.7,"u":"2,62 €/KG","img":"https://fd5-photos.leclercdrive.fr/image.ashx?id=2504317&use=l&cat=p&typeid=i","cat":284502},{"id":174266,"n":"Canistrelli De Zilia Citron 300g","p":3.76,"img":"https://fd5-photos.leclercdrive.fr/image.ashx?id=2271459&use=l&cat=p&typeid=i","cat":284487},{"id":174347,"n":"Chips à la crevette Suzi Wan 50g","p":1.21,"u":"24,20 €/KG","img":"https://fd5-photos.leclercdrive.fr/image.ashx?id=2270572&use=l&cat=p&typeid=i","cat":288992},{"id":174397,"n":"Olives vertes cassées  à la provençale - 200g","p":2.68,"u":"13,40 €/KG","img":"https://fd5-photos.leclercdrive.fr/image.ashx?id=2345412&use=l&cat=p&typeid=i","cat":316002},{"id":174398,"n":"Eponges grattantes Eco + x6","p":0.96,"u":"0,16 €/P","img":"https://fd5-photos.leclercdrive.fr/image.ashx?id=2761295&use=l&cat=p&typeid=i","cat":284667},{"id":174401,"n":"Lupins Provence Olives 200g","p":2.49,"u":"12,45 €/KG","img":"https://fd5-photos.leclercdrive.fr/image.ashx?id=2342902&use=l&cat=p&typeid=i","cat":316003},{"id":174409,"n":"Olives vertes farcies Poivrons Provence Olives - 150g","p":2.8,"u":"18,67 €/KG","img":"https://fd5-photos.leclercdrive.fr/image.ashx?id=2342908&use=l&cat=p&typeid=i","cat":316002},{"id":174476,"n":"Brownies Saint Michel Chocolat blanc 240g","p":2.62,"u":"10,92 €/KG","img":"https://fd5-photos.leclercdrive.fr/image.ashx?id=2949949&use=l&cat=p&typeid=i","cat":294776},{"id":174477,"n":"Brownies Saint Michel Chocolat blanc pocket x8 - 240g","p":2.22,"u":"9,25 €/KG","img":"https://fd5-photos.leclercdrive.fr/image.ashx?id=2949952&use=l&cat=p&typeid=i","cat":294776},{"id":174489,"n":"Mini saucisson sec Saint Azay 160g","p":2.74,"u":"17,13 €/KG","img":"https://fd5-photos.leclercdrive.fr/image.ashx?id=2922709&use=l&cat=p&typeid=i","cat":316006},{"id":174515,"n":"Mothais sur feuille NRT Fromage de chèvre - 150g","p":4.59,"u":"30,60 €/KG","img":"https://fd5-photos.leclercdrive.fr/image.ashx?id=2302491&use=l&cat=p&typeid=i","cat":314031},{"id":174517,"n":"Pur jus multifruits Jafaden 90cl","p":1.7,"u":"1,89 €/L","img":"https://fd5-photos.leclercdrive.fr/image.ashx?id=2723153&use=l&cat=p&typeid=i","cat":285435},{"id":174565,"n":"Fruits au sirop St Mamet Pêche Poire Ananas - 475g","p":3.69,"u":"7,77 €/KG","img":"https://fd5-photos.leclercdrive.fr/image.ashx?id=2412438&use=l&cat=p&typeid=i","cat":284507},{"id":174709,"n":"Confiture Douceur du Verger 4 fruits rouges - 750 g","p":2.39,"u":"3,19 €/KG","img":"https://fd5-photos.leclercdrive.fr/image.ashx?id=2965557&use=l&cat=p&typeid=i","cat":284480},{"id":174710,"n":"Confiture Douceur du Verger Mirabelles - 370g","p":1.64,"u":"4,43 €/KG","img":"https://fd5-photos.leclercdrive.fr/image.ashx?id=2965560&use=l&cat=p&typeid=i","cat":284480},{"id":174712,"n":"Confiture Douceur du Verger Figues - 370g","p":1.58,"u":"4,27 €/KG","img":"https://fd5-photos.leclercdrive.fr/image.ashx?id=2965587&use=l&cat=p&typeid=i","cat":284480},{"id":174714,"n":"Confiture Douceur du Verger Mûres - 370g","p":1.99,"u":"5,38 €/KG","img":"https://fd5-photos.leclercdrive.fr/image.ashx?id=2970587&use=l&cat=p&typeid=i","cat":284480},{"id":174786,"n":"Plat rectangulaire en verre  avec couvercle Pyrex 22x17cm","p":12.46,"img":"https://fd5-photos.leclercdrive.fr/image.ashx?id=2556096&use=l&cat=p&typeid=i","cat":298490},{"id":174787,"n":"Plat rectangulaire en verre avec couvercle Pyrex 25x19cm","p":14.96,"img":"https://fd5-photos.leclercdrive.fr/image.ashx?id=2556099&use=l&cat=p&typeid=i","cat":298490},{"id":174788,"n":"Plat rectangulaire en verre avec couvercle Pyrex 27x22cm","p":19.46,"img":"https://fd5-photos.leclercdrive.fr/image.ashx?id=2907932&use=l&cat=p&typeid=i","cat":298490},{"id":174789,"n":"Plat carré en verre avec couvercle Pyrex 15x15cm","p":9.54,"img":"https://fd5-photos.leclercdrive.fr/image.ashx?id=2556192&use=l&cat=p&typeid=i","cat":298490},{"id":174790,"n":"Plat carré en verre avec couvercle Pyrex 20x20cm","p":13.82,"img":"https://fd5-photos.leclercdrive.fr/image.ashx?id=2505252&use=l&cat=p&typeid=i","cat":298490},{"id":174811,"n":"Capsules Nescafé Dolce Gusto  Latte Macchiato - x16","p":4.65,"u":"25,41 €/KG","img":"https://fd5-photos.leclercdrive.fr/image.ashx?id=2903764&use=l&cat=p&typeid=i","cat":293239},{"id":174815,"n":"Confiture Douceur du Verger Myrtilles - 370g","p":1.72,"u":"4,65 €/KG","img":"https://fd5-photos.leclercdrive.fr/image.ashx?id=2965590&use=l&cat=p&typeid=i","cat":284480},{"id":174816,"n":"Confiture Douceur du Verger Rhubarbe - 370g","p":1.69,"u":"4,57 €/KG","img":"https://fd5-photos.leclercdrive.fr/image.ashx?id=2965584&use=l&cat=p&typeid=i","cat":284480},{"id":174817,"n":"Gelée Douceur du Verger Mûres - 370g","p":1.99,"u":"5,38 €/KG","img":"https://fd5-photos.leclercdrive.fr/image.ashx?id=2965578&use=l&cat=p&typeid=i","cat":284480},{"id":174832,"n":"Saucisses de Toulouse x4 Soutenons Nos Agriculteurs 400g","p":3.98,"u":"9,95 €/KG","img":"https://fd5-photos.leclercdrive.fr/image.ashx?id=2835232&use=l&cat=p&typeid=i","cat":284334},{"id":174833,"n":"Chipolatas x6 Soutenons Nos Agriculteurs 330g","p":4.5,"u":"13,64 €/KG","img":"https://fd5-photos.leclercdrive.fr/image.ashx?id=2716018&use=l&cat=p&typeid=i","cat":284334},{"id":174834,"n":"Chair à saucisse Soutenons Nos Agriculteurs 500g","p":5.11,"u":"10,22 €/KG","img":"https://fd5-photos.leclercdrive.fr/image.ashx?id=2831305&use=l&cat=p&typeid=i","cat":284332},{"id":174835,"n":"Chipolatas aux herbes x6 Soutenons Nos Agriculteurs 330g","p":4.1,"u":"12,42 €/KG","img":"https://fd5-photos.leclercdrive.fr/image.ashx?id=2835235&use=l&cat=p&typeid=i","cat":284334},{"id":174844,"n":"Amandes en poudre d'Espagne Sainte Lucie - 100g","p":2.37,"u":"23,70 €/KG","img":"https://fd5-photos.leclercdrive.fr/image.ashx?id=2774331&use=l&cat=p&typeid=i","cat":284504},{"id":174857,"n":"Parmigiano Reg AOP Casa Azzurra Râpé 24 mois -  50g","p":1.7,"u":"3,40 €/P","img":"https://fd5-photos.leclercdrive.fr/image.ashx?id=2387708&use=l&cat=p&typeid=i","cat":314035},{"id":174875,"n":"Gelée douceur du Verger Groseilles - 370g","p":1.29,"u":"3,49 €/KG","img":"https://fd5-photos.leclercdrive.fr/image.ashx?id=2965563&use=l&cat=p&typeid=i","cat":284480},{"id":174876,"n":"Gelée Douceur du Verger Coing - 370g","p":1.29,"u":"3,49 €/KG","img":"https://fd5-photos.leclercdrive.fr/image.ashx?id=2965566&use=l&cat=p&typeid=i","cat":284480},{"id":174881,"n":"Carottes râpées Bonduelle Au Citron de Sicile - 320g","p":1.18,"u":"3,69 €/KG","img":"https://fd5-photos.leclercdrive.fr/image.ashx?id=2894194&use=l&cat=p&typeid=i","cat":333657},{"id":174882,"n":"Carottes râpées Bonduelle Au citron de Sicile - 500g","p":2.07,"u":"4,14 €/KG","img":"https://fd5-photos.leclercdrive.fr/image.ashx?id=2904706&use=l&cat=p&typeid=i","cat":333657},{"id":174884,"n":"Céleri remoulade Bonduelle Au Fromage blanc - 320g","p":1.42,"u":"4,44 €/KG","img":"https://fd5-photos.leclercdrive.fr/image.ashx?id=2904709&use=l&cat=p&typeid=i","cat":333657},{"id":174886,"n":"Aubergine Eco+ 500g","p":0.99,"u":"1,98 €/KG","img":"https://fd5-photos.leclercdrive.fr/image.ashx?id=2907153&use=l&cat=p&typeid=i","cat":284352},{"id":174887,"n":"Concombre Bonduelle Au Fromage blanc - 320g","p":2.12,"u":"6,63 €/KG","img":"https://fd5-photos.leclercdrive.fr/image.ashx?id=2905309&use=l&cat=p&typeid=i","cat":333657},{"id":174931,"n":"Steak haché façon bouchère x4 Soutenons Nos Agriculteurs 400g","p":6.39,"u":"15,98 €/KG","img":"https://fd5-photos.leclercdrive.fr/image.ashx?id=2968070&use=l&cat=p&typeid=i","cat":319778},{"id":174939,"n":"Sacs-poubelle recyclés Alfapac à lien large 160L - x10","p":7.69,"u":"0,77 €/P","img":"https://fd5-photos.leclercdrive.fr/image.ashx?id=2509415&use=l&cat=p&typeid=i","cat":285168},{"id":174941,"n":"Fromage blanc Engagé Soutenons Nos Agriculteurs 1kg","p":2.09,"u":"2,09 €/KG","img":"https://fd5-photos.leclercdrive.fr/image.ashx?id=2297292&use=l&cat=p&typeid=i","cat":284409},{"id":174949,"n":"Crème fluide légère 3x20cl Soutenons Nos Agriculteurs","p":2.45,"u":"4,08 €/L","img":"https://fd5-photos.leclercdrive.fr/image.ashx?id=2291417&use=l&cat=p&typeid=i","cat":284381},{"id":174954,"n":"Crème liquide UHT 3x20cl Soutenons Nos Agriculteurs","p":3.49,"u":"5,82 €/L","img":"https://fd5-photos.leclercdrive.fr/image.ashx?id=2291414&use=l&cat=p&typeid=i","cat":284381},{"id":174984,"n":"Miel Soutenons nos agriculteurs Crémeux - 500 g","p":5.59,"u":"11,18 €/KG","img":"https://fd5-photos.leclercdrive.fr/image.ashx?id=2921411&use=l&cat=p&typeid=i","cat":287643},{"id":174997,"n":"Jambon supérieur 2 tranches Soutenons Nos Agriculteurs 70g","p":1.71,"u":"24,43 €/KG","img":"https://fd5-photos.leclercdrive.fr/image.ashx?id=2970483&use=l&cat=p&typeid=i","cat":316009},{"id":174998,"n":"Jambon supérieur 6 tranches Soutenons Nos Agriculteurs 210g","p":3.89,"u":"18,52 €/KG","img":"https://fd5-photos.leclercdrive.fr/image.ashx?id=2943710&use=l&cat=p&typeid=i","cat":316009},{"id":174999,"n":"Jambon superieur 4 tranches Soutenons Nos Agriculteurs 140g","p":2.66,"u":"19,00 €/KG","img":"https://fd5-photos.leclercdrive.fr/image.ashx?id=2943707&use=l&cat=p&typeid=i","cat":316009},{"id":175001,"n":"Rôti de porc 4 tranches Soutenons Nos Agriculteurs 140g","p":2.35,"u":"16,79 €/KG","img":"https://fd5-photos.leclercdrive.fr/image.ashx?id=2890031&use=l&cat=p&typeid=i","cat":316009},{"id":175031,"n":"Oeufs plein air Engagé Soutenons Nos Agriculteurs x6","p":1.59,"u":"0,27 €/P","img":"https://fd5-photos.leclercdrive.fr/image.ashx?id=2291984&use=l&cat=p&typeid=i","cat":284378},{"id":175036,"n":"Motte Tendre Président Doux - 250g","p":3.1,"u":"12,40 €/KG","img":"https://fd5-photos.leclercdrive.fr/image.ashx?id=2903110&use=l&cat=p&typeid=i","cat":284379},{"id":175053,"n":"Orange Tarocco La pièce","p":0.59,"img":"https://fd5-photos.leclercdrive.fr/image.ashx?id=2280447&use=l&cat=p&typeid=i","cat":284356},{"id":175058,"n":"Pois chiches Bonduelle Cuits Dans Très Peu De Jus 265g","p":1.1,"u":"4,15 €/KG","img":"https://fd5-photos.leclercdrive.fr/image.ashx?id=2926272&use=l&cat=p&typeid=i","cat":312609},{"id":175067,"n":"Secret de Mousse La Laitière Vanille coulis chocolat - 4x59g","p":1.82,"u":"7,71 €/KG","img":"https://fd5-photos.leclercdrive.fr/image.ashx?id=2847982&use=l&cat=p&typeid=i","cat":284417},{"id":175098,"n":"Tartines croustillantes Wasa Sésame - 250g","p":2.13,"u":"8,52 €/KG","img":"https://fd5-photos.leclercdrive.fr/image.ashx?id=3011860&use=l&cat=p&typeid=i","cat":284479},{"id":175112,"n":"Après-Shampooing Garnier 200ml Richesse d'Argan Ultra Doux","p":2.87,"u":"14,35 €/L","img":"https://fd5-photos.leclercdrive.fr/image.ashx?id=2381114&use=l&cat=p&typeid=i","cat":284607},{"id":175122,"n":"Crème Douche Nourrissante Cadum Surgras Coco - 750ml","p":4.2,"u":"5,60 €/L","img":"https://fd5-photos.leclercdrive.fr/image.ashx?id=2393284&use=l&cat=p&typeid=i","cat":284594},{"id":175303,"n":"Skyr Siggi's  Citron - 2x140g","p":2.07,"u":"7,39 €/KG","img":"https://fd5-photos.leclercdrive.fr/image.ashx?id=2673082&use=l&cat=p&typeid=i","cat":315000},{"id":175414,"n":"Oranges non traitées Panier du Primeur Sachet x4","p":2.29,"u":"0,57 €/P","img":"https://fd5-photos.leclercdrive.fr/image.ashx?id=2930909&use=l&cat=p&typeid=i","cat":284356},{"id":175419,"n":"Citrons jaunes non traités Panier du Primeur Sachet x4","p":1.89,"u":"0,47 €/P","img":"https://fd5-photos.leclercdrive.fr/image.ashx?id=2930906&use=l&cat=p&typeid=i","cat":284356},{"id":175420,"n":"Citron à jus Filière Panier du Primeur Sachet 1kg","p":1.95,"u":"1,95 €/KG","img":"https://fd5-photos.leclercdrive.fr/image.ashx?id=2627667&use=l&cat=p&typeid=i","cat":284356},{"id":175448,"n":"Tablette Ferrero Rocher Noir 55% Noisettes - 90g","p":1.89,"u":"21,00 €/KG","img":"https://fd5-photos.leclercdrive.fr/image.ashx?id=3001512&use=l&cat=p&typeid=i","cat":284956},{"id":175512,"n":"IGP Quart de jambon Saint Azay Serrano - 220g","p":5.09,"u":"23,14 €/KG","img":"https://fd5-photos.leclercdrive.fr/image.ashx?id=2283929&use=l&cat=p&typeid=i","cat":316007},{"id":175551,"n":"Confit de canard du Sud-Ouest Nos Régions ont du Talent  420g","p":8.68,"u":"20,67 €/KG","img":"https://fd5-photos.leclercdrive.fr/image.ashx?id=2753544&use=l&cat=p&typeid=i","cat":284339},{"id":175556,"n":"Gel Douche Le Petit Marseillais  Haute tolerance amandier-400ml","p":2.79,"u":"6,98 €/L","img":"https://fd5-photos.leclercdrive.fr/image.ashx?id=2685174&use=l&cat=p&typeid=i","cat":284594},{"id":175557,"n":"Crème Visage Jour Nivea Matifiante Peaux Mixtes - 50ml","p":4.68,"u":"93,60 €/L","img":"https://fd5-photos.leclercdrive.fr/image.ashx?id=2659139&use=l&cat=p&typeid=i","cat":325345},{"id":175564,"n":"Gel Douche Le Petit Marseillais  Haute tolerance aloevera 400ml","p":2.28,"u":"5,70 €/L","img":"https://fd5-photos.leclercdrive.fr/image.ashx?id=2677429&use=l&cat=p&typeid=i","cat":284594},{"id":175572,"n":"Thé noir Earl Grey Bio Village Bio - x20 - 36g","p":1.09,"u":"30,28 €/KG","img":"https://fd5-photos.leclercdrive.fr/image.ashx?id=2897913&use=l&cat=p&typeid=i","cat":293233},{"id":175574,"n":"Sauce bolognaise Panzani Extra riche - 400g","p":2.82,"u":"7,05 €/KG","img":"https://fd5-photos.leclercdrive.fr/image.ashx?id=2887527&use=l&cat=p&typeid=i","cat":299047},{"id":175576,"n":"Sachet fraicheur chat Sheba Filets au poulet et thon - 60g","p":1.03,"u":"17,17 €/KG","img":"https://fd5-photos.leclercdrive.fr/image.ashx?id=2292464&use=l&cat=p&typeid=i","cat":285286},{"id":175578,"n":"Sachet fraicheur chat Sheba Filets aux crevettes - 60g","p":1.04,"u":"17,33 €/KG","img":"https://fd5-photos.leclercdrive.fr/image.ashx?id=2292467&use=l&cat=p&typeid=i","cat":285286},{"id":175579,"n":"Pur jus Bio Village Bio Pomme  - 1L","p":2.14,"u":"2,14 €/L","img":"https://fd5-photos.leclercdrive.fr/image.ashx?id=2285081&use=l&cat=p&typeid=i","cat":284522},{"id":175582,"n":"Sachet fraicheur chat Sheba Soupe filets de poulet - 4x40g","p":2.62,"u":"16,38 €/KG","img":"https://fd5-photos.leclercdrive.fr/image.ashx?id=2292590&use=l&cat=p&typeid=i","cat":285286},{"id":175585,"n":"Sachet fraicheur chat Sheba Soupe filets de thon - 4x40g","p":2.62,"u":"16,38 €/KG","img":"https://fd5-photos.leclercdrive.fr/image.ashx?id=2292593&use=l&cat=p&typeid=i","cat":285286},{"id":175586,"n":"Lentilles vertes Vivien Paille 1kg","p":3.6,"pp":2.38,"u":"2,38 €/KG","img":"https://fd5-photos.leclercdrive.fr/image.ashx?id=2285093&use=l&cat=p&typeid=i","cat":284430},{"id":175600,"n":"Levure boulangère La Patelière 8x8g","p":1.67,"u":"26,09 €/KG","img":"https://fd5-photos.leclercdrive.fr/image.ashx?id=2285273&use=l&cat=p&typeid=i","cat":294686},{"id":175603,"n":"Thé vert bio Bio Village Menthe x20 - 36g","p":1.65,"u":"45,83 €/KG","img":"https://fd5-photos.leclercdrive.fr/image.ashx?id=2897907&use=l&cat=p&typeid=i","cat":293233},{"id":175605,"n":"Amandes California Sainte Lucie Décortiquées - 125g","p":3.29,"u":"26,32 €/KG","img":"https://fd5-photos.leclercdrive.fr/image.ashx?id=2285219&use=l&cat=p&typeid=i","cat":284504},{"id":175640,"n":"Sous-main en carton Exacompta Turquoise - 40x54cm","p":3.65,"img":"https://fd5-photos.leclercdrive.fr/image.ashx?id=2295663&use=l&cat=p&typeid=i","cat":284745},{"id":175677,"n":"Madeleines Bio Village Pepites de chocolats Bio 250g","p":3.44,"u":"13,76 €/KG","img":"https://fd5-photos.leclercdrive.fr/image.ashx?id=2293350&use=l&cat=p&typeid=i","cat":284492},{"id":175685,"n":"Madeleine longue P'tit Déli Fourrés à la fraise - 240g","p":3.01,"u":"12,54 €/KG","img":"https://fd5-photos.leclercdrive.fr/image.ashx?id=2558386&use=l&cat=p&typeid=i","cat":284492},{"id":175713,"n":"Bière \"La Goudale\" Rubis - 6x25cl","p":4.3,"u":"2,87 €/L","img":"https://fd5-photos.leclercdrive.fr/image.ashx?id=2778245&use=l&cat=p&typeid=i","cat":334878},{"id":175763,"n":"Chocolat noir Novi Aux noisettes - 130g","p":3.17,"u":"24,38 €/KG","img":"https://fd5-photos.leclercdrive.fr/image.ashx?id=2294516&use=l&cat=p&typeid=i","cat":284956},{"id":175764,"n":"Chocolat blanc Novi Aux noisettes - 130g","p":3.25,"u":"25,00 €/KG","img":"https://fd5-photos.leclercdrive.fr/image.ashx?id=2294519&use=l&cat=p&typeid=i","cat":284957},{"id":175765,"n":"Chocolat au lait Lindt Création Praliné Feuillantine - 110g","p":3.76,"u":"34,18 €/KG","img":"https://fd5-photos.leclercdrive.fr/image.ashx?id=2287394&use=l&cat=p&typeid=i","cat":284497},{"id":175790,"n":"Sachet fraicheur chat Sheba Filets au poulet - 60g","p":1.04,"u":"17,33 €/KG","img":"https://fd5-photos.leclercdrive.fr/image.ashx?id=2287523&use=l&cat=p&typeid=i","cat":285286},{"id":175797,"n":"Gelée aux 3 viandes Mon Petit Purina Gourmet - 6x50g","p":2.97,"u":"9,90 €/KG","img":"https://fd5-photos.leclercdrive.fr/image.ashx?id=2899683&use=l&cat=p&typeid=i","cat":285286},{"id":175932,"n":"Miel de montagne L'Apiculteur Crémeux - 1kg","p":12.94,"u":"12,94 €/KG","img":"https://fd5-photos.leclercdrive.fr/image.ashx?id=2310920&use=l&cat=p&typeid=i","cat":287643},{"id":175954,"n":"Sauce Bolognaise Panzani Extra riche - 200g","p":1.86,"u":"9,30 €/KG","img":"https://fd5-photos.leclercdrive.fr/image.ashx?id=2918574&use=l&cat=p&typeid=i","cat":287599},{"id":175982,"n":"Huile de Bronzage SPF30 Garnier Protectrice - 150ml","p":10.5,"u":"70,00 €/L","img":"https://fd5-photos.leclercdrive.fr/image.ashx?id=2601121&use=l&cat=p&typeid=i","cat":325355},{"id":175984,"n":"Auto-bronzant Ambre Solaire  Brume corps - 150ml","p":9.51,"u":"63,40 €/L","img":"https://fd5-photos.leclercdrive.fr/image.ashx?id=2530630&use=l&cat=p&typeid=i","cat":325355},{"id":175986,"n":"Crème change bio Love & Green 100ml","p":4.8,"u":"48,00 €/L","img":"https://fd5-photos.leclercdrive.fr/image.ashx?id=2289267&use=l&cat=p&typeid=i","cat":284741},{"id":175990,"n":"Sachets repas Gourmet Purina Perle Duo à la viande - 4x85g","p":2.39,"u":"7,03 €/KG","img":"https://fd5-photos.leclercdrive.fr/image.ashx?id=2901121&use=l&cat=p&typeid=i","cat":285286},{"id":175999,"n":"Barquette chien Cesar Terrine veau et carottes - 300g","p":1.57,"u":"5,23 €/KG","img":"https://fd5-photos.leclercdrive.fr/image.ashx?id=2289249&use=l&cat=p&typeid=i","cat":284673},{"id":176027,"n":"Frites Classiques McCain Just Au Four - 700g","p":2.44,"u":"3,49 €/KG","img":"https://fd5-photos.leclercdrive.fr/image.ashx?id=2997340&use=l&cat=p&typeid=i","cat":319791},{"id":176029,"n":"Frites Classiques McCain Just Au Four - 1,69kg","p":4.48,"u":"2,65 €/KG","img":"https://fd5-photos.leclercdrive.fr/image.ashx?id=2771319&use=l&cat=p&typeid=i","cat":319791},{"id":176030,"n":"Frites Allumettes McCain Just Au Four - 700g","p":2.44,"u":"3,49 €/KG","img":"https://fd5-photos.leclercdrive.fr/image.ashx?id=2772491&use=l&cat=p&typeid=i","cat":319791},{"id":176031,"n":"Frites Allumettes McCain Just Au Four - 1,69kg","p":5.08,"u":"3,01 €/KG","img":"https://fd5-photos.leclercdrive.fr/image.ashx?id=2997343&use=l&cat=p&typeid=i","cat":319791},{"id":176033,"n":"Frites Steakhouse McCain Just Au Four - 700g","p":2.57,"u":"3,67 €/KG","img":"https://fd5-photos.leclercdrive.fr/image.ashx?id=2737921&use=l&cat=p&typeid=i","cat":319791},{"id":176034,"n":"Frites Express McCain Just Au Four - 600g","p":2.68,"u":"4,47 €/KG","img":"https://fd5-photos.leclercdrive.fr/image.ashx?id=2997337&use=l&cat=p&typeid=i","cat":319791},{"id":176036,"n":"Frites friteuse McCain Tradition - 1,080kg","p":2.57,"u":"2,38 €/KG","img":"https://fd5-photos.leclercdrive.fr/image.ashx?id=2737930&use=l&cat=p&typeid=i","cat":319791},{"id":176038,"n":"Frites friteuse McCain Tradition - 2,66kg","p":5.47,"u":"2,06 €/KG","img":"https://fd5-photos.leclercdrive.fr/image.ashx?id=2737927&use=l&cat=p&typeid=i","cat":319791},{"id":176040,"n":"Frites friteuse McCain Golden Allumette - 1,080kg","p":2.57,"u":"2,38 €/KG","img":"https://fd5-photos.leclercdrive.fr/image.ashx?id=2737939&use=l&cat=p&typeid=i","cat":319791},{"id":176043,"n":"La Frite Belge McCain 1.080kg","p":2.7,"u":"2,50 €/KG","img":"https://fd5-photos.leclercdrive.fr/image.ashx?id=2737942&use=l&cat=p&typeid=i","cat":319791},{"id":176238,"n":"Le rapé de Chèvre Soignon 150g","p":3.42,"u":"22,80 €/KG","img":"https://fd5-photos.leclercdrive.fr/image.ashx?id=2773694&use=l&cat=p&typeid=i","cat":314035},{"id":176239,"n":"Gnocchi Lustucru Selection  390g","p":1.57,"u":"4,03 €/KG","img":"https://fd5-photos.leclercdrive.fr/image.ashx?id=2965999&use=l&cat=p&typeid=i","cat":333682},{"id":176254,"n":"Foie de morue fumé MSC Pêche Océan - 121g","p":1.6,"u":"13,22 €/KG","img":"https://fd5-photos.leclercdrive.fr/image.ashx?id=2872457&use=l&cat=p&typeid=i","cat":305147},{"id":176295,"n":"Bonbons Ricola  Eucalyptus - 70g","p":1.84,"u":"26,29 €/KG","img":"https://fd5-photos.leclercdrive.fr/image.ashx?id=2647853&use=l&cat=p&typeid=i","cat":304252},{"id":176299,"n":"Biscottes Cracotte LU Fibre - 250g","p":2.16,"u":"8,64 €/KG","img":"https://fd5-photos.leclercdrive.fr/image.ashx?id=2871154&use=l&cat=p&typeid=i","cat":284479},{"id":176321,"n":"Chemise à élastique Exacompta All Blue - 12x16cm","p":2.02,"img":"https://fd5-photos.leclercdrive.fr/image.ashx?id=2295783&use=l&cat=p&typeid=i","cat":284745},{"id":176384,"n":"Soin Cheveux Magique Elsève Dream Long Embellisseur - 200ml","p":8.23,"u":"41,15 €/L","img":"https://fd5-photos.leclercdrive.fr/image.ashx?id=2439308&use=l&cat=p&typeid=i","cat":284608},{"id":176387,"n":"Masque Hydra-Régénérant Elsève Hyaluron Repulp - 310ml","p":7.3,"u":"23,55 €/L","img":"https://fd5-photos.leclercdrive.fr/image.ashx?id=2865878&use=l&cat=p&typeid=i","cat":284608},{"id":176391,"n":"Sérum Hydra-Texturisant Elsève Cheveux Déshydratés - 150ml","p":10.73,"u":"71,53 €/L","img":"https://fd5-photos.leclercdrive.fr/image.ashx?id=2870677&use=l&cat=p&typeid=i","cat":284608},{"id":176400,"n":"Gnocchi à poeler Lustucru  Lot de 2 + 1 offert - 900g","p":3.19,"u":"3,54 €/KG","img":"https://fd5-photos.leclercdrive.fr/image.ashx?id=2446671&use=l&cat=p&typeid=i","cat":333682},{"id":176435,"n":"Brosse à dents Précision Sensodyne - Médium","p":2.39,"pp":1.67,"img":"https://fd5-photos.leclercdrive.fr/image.ashx?id=2293489&use=l&cat=p&typeid=i","cat":284614},{"id":176449,"n":"Filets de saumon rose Findus Pacifique - MSC - x4 - 400g","p":12.53,"u":"31,33 €/KG","img":"https://fd5-photos.leclercdrive.fr/image.ashx?id=2806324&use=l&cat=p&typeid=i","cat":319786},{"id":176534,"n":"Beurre bio Bio Village Doux  - 82% MG - 250g","p":2.85,"u":"11,40 €/KG","img":"https://fd5-photos.leclercdrive.fr/image.ashx?id=2961716&use=l&cat=p&typeid=i","cat":284379},{"id":176535,"n":"Beurre bio Bio Village  Demi-sel - 80% MG - 250g","p":2.99,"u":"11,96 €/KG","img":"https://fd5-photos.leclercdrive.fr/image.ashx?id=2961719&use=l&cat=p&typeid=i","cat":284379},{"id":176580,"n":"Margarine ProActiv Expert Tartine Doux - 225g","p":2.8,"u":"12,44 €/KG","img":"https://fd5-photos.leclercdrive.fr/image.ashx?id=2352035&use=l&cat=p&typeid=i","cat":315229},{"id":176603,"n":"IGP Vaucluse Touraigues Pays d'Aigues Rosé - 75cl","p":2.08,"u":"2,77 €/L","img":"https://fd5-photos.leclercdrive.fr/image.ashx?id=2295397&use=l&cat=p&typeid=i","cat":289558},{"id":176614,"n":"Compotes Pom'Potes Gourdes  Explorateurs Les Incas - 12x90g","p":4.98,"u":"4,61 €/KG","img":"https://fd5-photos.leclercdrive.fr/image.ashx?id=2900740&use=l&cat=p&typeid=i","cat":284508},{"id":176615,"n":"Compotes Pom'Potes Gourdes  Battle Multivariétés - 12x90g","p":5.0,"u":"4,63 €/KG","img":"https://fd5-photos.leclercdrive.fr/image.ashx?id=2919745&use=l&cat=p&typeid=i","cat":284508},{"id":176616,"n":"Compotes Pom'Potes Gourdes  Multivariétés Régions - 12x90g","p":6.27,"u":"5,81 €/KG","img":"https://fd5-photos.leclercdrive.fr/image.ashx?id=2883426&use=l&cat=p&typeid=i","cat":284508},{"id":176624,"n":"Chocolat noir Lindt Création Pâte d'Amande - 110g","p":3.85,"u":"35,00 €/KG","img":"https://fd5-photos.leclercdrive.fr/image.ashx?id=2295813&use=l&cat=p&typeid=i","cat":284956},{"id":176699,"n":"Pommes de Terre Pour Raclette Tartiflette 2,5kg","p":4.67,"pp":3.08,"u":"1,23 €/KG","img":"https://fd5-photos.leclercdrive.fr/image.ashx?id=2300851&use=l&cat=p&typeid=i","cat":284352},{"id":176702,"n":"Pommes de Terre Grenailles Pom Soleil Micro-ondes - 750g","p":2.4,"u":"3,20 €/KG","img":"https://fd5-photos.leclercdrive.fr/image.ashx?id=2300842&use=l&cat=p&typeid=i","cat":284352},{"id":176708,"n":"Pommes de Terre Pom Soleil Grenaille - 1kg","p":3.05,"u":"3,05 €/KG","img":"https://fd5-photos.leclercdrive.fr/image.ashx?id=2300848&use=l&cat=p&typeid=i","cat":284352},{"id":176755,"n":"Lessive en poudre Uni Vert 1,25kg","p":3.89,"u":"3,11 €/KG","img":"https://fd5-photos.leclercdrive.fr/image.ashx?id=2450107&use=l&cat=p&typeid=i","cat":284642},{"id":176823,"n":"Moussaka au boeuf Fleury Michon 300g","p":4.41,"u":"14,70 €/KG","img":"https://fd5-photos.leclercdrive.fr/image.ashx?id=3003236&use=l&cat=p&typeid=i","cat":333665},{"id":176824,"n":"Le Poulet rôti Fleury Michon Frites dorées au four - 280g","p":4.17,"u":"14,89 €/KG","img":"https://fd5-photos.leclercdrive.fr/image.ashx?id=3003251&use=l&cat=p&typeid=i","cat":333665},{"id":176846,"n":"Knacki Original Herta x6 - 210g","p":1.57,"u":"7,48 €/KG","img":"https://fd5-photos.leclercdrive.fr/image.ashx?id=2299070&use=l&cat=p&typeid=i","cat":316012},{"id":176847,"n":"Knacki Original Herta x10 - 350g","p":1.7,"u":"4,86 €/KG","img":"https://fd5-photos.leclercdrive.fr/image.ashx?id=2304111&use=l&cat=p&typeid=i","cat":316012},{"id":176848,"n":"Knacki Original Herta Sans nitrite x6 - 210g","p":2.15,"u":"10,24 €/KG","img":"https://fd5-photos.leclercdrive.fr/image.ashx?id=2299073&use=l&cat=p&typeid=i","cat":316012},{"id":176929,"n":"Burger Moelleux Férial x2 - 220g","p":3.09,"u":"14,05 €/KG","img":"https://fd5-photos.leclercdrive.fr/image.ashx?id=2888407&use=l&cat=p&typeid=i","cat":284332},{"id":176930,"n":"Burger Moelleux Férial x4 - 440g","p":5.79,"u":"13,16 €/KG","img":"https://fd5-photos.leclercdrive.fr/image.ashx?id=2888410&use=l&cat=p&typeid=i","cat":284332},{"id":176931,"n":"Boulettes de Boeuf et Porc Férial x28 - 700g","p":7.99,"u":"11,41 €/KG","img":"https://fd5-photos.leclercdrive.fr/image.ashx?id=2625119&use=l&cat=p&typeid=i","cat":284332},{"id":176932,"n":"Jambon sec Saint-Azay 500g","p":8.99,"u":"17,98 €/KG","img":"https://fd5-photos.leclercdrive.fr/image.ashx?id=2935549&use=l&cat=p&typeid=i","cat":316007},{"id":176944,"n":"Filet de poulet jaune 650g","p":11.27,"u":"17,34 €/KG","img":"https://fd5-photos.leclercdrive.fr/image.ashx?id=2299614&use=l&cat=p&typeid=i","cat":284336},{"id":176957,"n":"Beurre Bio Ethiquable  100% cacahuètes - 350g","p":4.3,"u":"12,29 €/KG","img":"https://fd5-photos.leclercdrive.fr/image.ashx?id=2755729&use=l&cat=p&typeid=i","cat":284481},{"id":176974,"n":"Tablette de chocolat noir Lindt Corsé 70% - 100g","p":2.34,"u":"23,40 €/KG","img":"https://fd5-photos.leclercdrive.fr/image.ashx?id=2299696&use=l&cat=p&typeid=i","cat":284956},{"id":176987,"n":"Tablette chocolat noir Villars Liqueur Poire - 100g","p":3.15,"u":"31,50 €/KG","img":"https://fd5-photos.leclercdrive.fr/image.ashx?id=2464339&use=l&cat=p&typeid=i","cat":284956},{"id":176989,"n":"Bonbon à sucer Ricola Sans sucres -50g","p":1.71,"u":"34,20 €/KG","img":"https://fd5-photos.leclercdrive.fr/image.ashx?id=2382204&use=l&cat=p&typeid=i","cat":304252},{"id":176997,"n":"Pesto à la Calabrese Florelli - 190g","p":1.99,"u":"10,47 €/KG","img":"https://fd5-photos.leclercdrive.fr/image.ashx?id=2904922&use=l&cat=p&typeid=i","cat":289010},{"id":177003,"n":"Tiramisu au spéculoos Equador 2x100g","p":2.25,"u":"11,25 €/KG","img":"https://fd5-photos.leclercdrive.fr/image.ashx?id=2566691&use=l&cat=p&typeid=i","cat":284419},{"id":177004,"n":"Tiramisu au Citron Equador 2x100g","p":2.39,"u":"11,95 €/KG","img":"https://fd5-photos.leclercdrive.fr/image.ashx?id=2609610&use=l&cat=p&typeid=i","cat":284419},{"id":177005,"n":"Tiramisu à la Framboise Equador 2x100g","p":2.45,"u":"12,25 €/KG","img":"https://fd5-photos.leclercdrive.fr/image.ashx?id=2566697&use=l&cat=p&typeid=i","cat":284419},{"id":177069,"n":"Eau micellaire démaquillante Le petit Olivier - 400ml","p":4.5,"u":"11,25 €/L","img":"https://fd5-photos.leclercdrive.fr/image.ashx?id=2305613&use=l&cat=p&typeid=i","cat":284603},{"id":177214,"n":"Sorbet Plein Fruit L'Angélys Banane - 500g","p":4.47,"u":"8,94 €/KG","img":"https://fd5-photos.leclercdrive.fr/image.ashx?id=2963601&use=l&cat=p&typeid=i","cat":284263},{"id":177216,"n":"Bière blanche sans alcool 1664 0,0° - 6x25cl","p":4.53,"u":"3,02 €/L","img":"https://fd5-photos.leclercdrive.fr/image.ashx?id=2907890&use=l&cat=p&typeid=i","cat":334877},{"id":177217,"n":"Sorbet Plein Fruit L'Angélys Citron vert - 500g","p":4.37,"u":"8,74 €/KG","img":"https://fd5-photos.leclercdrive.fr/image.ashx?id=2963607&use=l&cat=p&typeid=i","cat":284263},{"id":177218,"n":"Lessive tri-doses couleurs Epsil - x20 capsules","p":4.89,"u":"0,24 €/P","img":"https://fd5-photos.leclercdrive.fr/image.ashx?id=2450113&use=l&cat=p&typeid=i","cat":284641},{"id":177219,"n":"Sorbet Plein Fruit L'Angélys Fraise - 500g","p":4.4,"u":"8,80 €/KG","img":"https://fd5-photos.leclercdrive.fr/image.ashx?id=2963610&use=l&cat=p&typeid=i","cat":284263},{"id":177234,"n":"Sorbet Plein Fruit L'Angélys Mangue - 500g","p":4.4,"u":"8,80 €/KG","img":"https://fd5-photos.leclercdrive.fr/image.ashx?id=2963616&use=l&cat=p&typeid=i","cat":284263},{"id":177237,"n":"Sorbet Plein Fruit L'Angélys Poire - 500g","p":4.37,"u":"8,74 €/KG","img":"https://fd5-photos.leclercdrive.fr/image.ashx?id=2963637&use=l&cat=p&typeid=i","cat":284263},{"id":177257,"n":"Yaourt à la Grecque Nat&Vie Mangue Passion - 4x115g","p":2.6,"u":"5,65 €/KG","img":"https://fd5-photos.leclercdrive.fr/image.ashx?id=2901485&use=l&cat=p&typeid=i","cat":316071},{"id":177258,"n":"Bâtonnets Manger Main Bio Yooji Betterave Quinoa rouge - 225g","p":3.02,"u":"13,42 €/KG","img":"https://fd5-photos.leclercdrive.fr/image.ashx?id=2529030&use=l&cat=p&typeid=i","cat":290631},{"id":177260,"n":"Bâtonnets Manger Main Bio Yooji Haricots Pois Semoule 225g","p":3.75,"u":"16,67 €/KG","img":"https://fd5-photos.leclercdrive.fr/image.ashx?id=2529039&use=l&cat=p&typeid=i","cat":290631},{"id":177262,"n":"Bâtonnets Manger Main Bio Yooji Butternut Quinoa blanc - 225g","p":3.06,"u":"13,60 €/KG","img":"https://fd5-photos.leclercdrive.fr/image.ashx?id=2529036&use=l&cat=p&typeid=i","cat":290631},{"id":177317,"n":"Huile D'olive Vierge Extra  Cauvin - 75L","p":10.46,"u":"13,95 €/L","img":"https://fd5-photos.leclercdrive.fr/image.ashx?id=2498359&use=l&cat=p&typeid=i","cat":284453},{"id":177319,"n":"Boulgour Tipiak 450g","p":1.81,"u":"4,02 €/KG","img":"https://fd5-photos.leclercdrive.fr/image.ashx?id=2766445&use=l&cat=p&typeid=i","cat":284429},{"id":177326,"n":"Polenta Onctueuse  Tipiak - 400g","p":1.44,"u":"3,60 €/KG","img":"https://fd5-photos.leclercdrive.fr/image.ashx?id=2795818&use=l&cat=p&typeid=i","cat":284431},{"id":177359,"n":"Carottes râpées Bonduelle Au jus citron de Sicile - 180g","p":1.71,"u":"9,50 €/P","img":"https://fd5-photos.leclercdrive.fr/image.ashx?id=2996527&use=l&cat=p&typeid=i","cat":333657},{"id":177366,"n":"Feuille de chêne verte  Bonduelle - 175g","p":1.89,"u":"10,80 €/KG","img":"https://fd5-photos.leclercdrive.fr/image.ashx?id=2894203&use=l&cat=p&typeid=i","cat":284353},{"id":177369,"n":"Feuille de chêne rouge Bonduelle - 125g","p":1.4,"u":"11,20 €/KG","img":"https://fd5-photos.leclercdrive.fr/image.ashx?id=2939268&use=l&cat=p&typeid=i","cat":284353},{"id":177381,"n":"Bière blonde Ch'ti 6.8% vol. - 75cl","p":2.7,"u":"3,60 €/L","img":"https://fd5-photos.leclercdrive.fr/image.ashx?id=2840169&use=l&cat=p&typeid=i","cat":334852},{"id":177407,"n":"AOP Corse blanc Terres Ocrees  Corse  - 75cl","p":4.99,"u":"6,65 €/L","img":"https://fd5-photos.leclercdrive.fr/image.ashx?id=2865245&use=l&cat=p&typeid=i","cat":289557},{"id":177478,"n":"Chipolatas Supérieurs Férial Label Rouge - X6 - 330g","p":3.69,"u":"11,18 €/KG","img":"https://fd5-photos.leclercdrive.fr/image.ashx?id=2835238&use=l&cat=p&typeid=i","cat":284334},{"id":177572,"n":"Jeunes Pousses d'Epinards Les Crudettes - 100g","p":1.3,"u":"13,00 €/KG","img":"https://fd5-photos.leclercdrive.fr/image.ashx?id=2528078&use=l&cat=p&typeid=i","cat":284353},{"id":177618,"n":"Pulpe de tomate Rochefontaine - Lot 3x400g","p":2.99,"u":"2,49 €/KG","img":"https://fd5-photos.leclercdrive.fr/image.ashx?id=2307823&use=l&cat=p&typeid=i","cat":288384},{"id":177643,"n":"Gnocchi Roll à poêler Lustucru Format maxi - 500g","p":2.62,"u":"5,24 €/KG","img":"https://fd5-photos.leclercdrive.fr/image.ashx?id=2786210&use=l&cat=p&typeid=i","cat":333682},{"id":177644,"n":"Gnocchi à poêler Lustucru Extra Chèvre - 280g","p":2.36,"u":"8,43 €/KG","img":"https://fd5-photos.leclercdrive.fr/image.ashx?id=2915979&use=l&cat=p&typeid=i","cat":333682},{"id":177650,"n":"Jambon Le Fumé Fleury Michon Sans nitrite x4 - 140g","p":2.69,"u":"19,21 €/KG","img":"https://fd5-photos.leclercdrive.fr/image.ashx?id=2923948&use=l&cat=p&typeid=i","cat":316009},{"id":177652,"n":"Jambon Label Rouge Fleury Michon sans nitrite x4- 160g","p":3.42,"u":"21,38 €/KG","img":"https://fd5-photos.leclercdrive.fr/image.ashx?id=2923957&use=l&cat=p&typeid=i","cat":316009},{"id":177653,"n":"Blanc de poulet Fleury Michon Doré au Four x4 - 160g","p":1.52,"u":"9,50 €/KG","img":"https://fd5-photos.leclercdrive.fr/image.ashx?id=3008386&use=l&cat=p&typeid=i","cat":316010},{"id":177655,"n":"Blanc de poulet Fleury Michon Doré au Four x6 - 190g","p":1.78,"u":"9,37 €/KG","img":"https://fd5-photos.leclercdrive.fr/image.ashx?id=3004972&use=l&cat=p&typeid=i","cat":316010},{"id":177657,"n":"Blanc de dinde Fleury Michon Doré au Four x4 - 160g","p":2.3,"u":"14,38 €/KG","img":"https://fd5-photos.leclercdrive.fr/image.ashx?id=2816868&use=l&cat=p&typeid=i","cat":316010},{"id":177670,"n":"Crème fraîche entière Yoplait 30%MG - 450g","p":1.83,"u":"4,07 €/KG","img":"https://fd5-photos.leclercdrive.fr/image.ashx?id=2811044&use=l&cat=p&typeid=i","cat":284381},{"id":177672,"n":"Crème fraîche entière Yoplait 30%MG - 190g","p":0.89,"u":"4,68 €/KG","img":"https://fd5-photos.leclercdrive.fr/image.ashx?id=2811041&use=l&cat=p&typeid=i","cat":284381},{"id":177676,"n":"Skyr Yoplait  Nature 0%MG - 8x100G","p":3.27,"u":"4,09 €/KG","img":"https://fd5-photos.leclercdrive.fr/image.ashx?id=2884450&use=l&cat=p&typeid=i","cat":315000},{"id":177677,"n":"Skyr Yoplait  Lit Fruits Rouges 0%MG - 8x100G","p":2.97,"u":"3,71 €/KG","img":"https://fd5-photos.leclercdrive.fr/image.ashx?id=2884453&use=l&cat=p&typeid=i","cat":315000},{"id":177698,"n":"Knacki Original Herta Sans nitrite x4 - 140g","p":1.83,"u":"13,07 €/KG","img":"https://fd5-photos.leclercdrive.fr/image.ashx?id=2309423&use=l&cat=p&typeid=i","cat":316012},{"id":177704,"n":"Knacki Original Herta 100% Porc - 210g","p":2.49,"u":"11,86 €/KG","img":"https://fd5-photos.leclercdrive.fr/image.ashx?id=2309417&use=l&cat=p&typeid=i","cat":316012},{"id":177709,"n":"Chou-fleur Florette 180g","p":2.07,"u":"11,50 €/KG","img":"https://fd5-photos.leclercdrive.fr/image.ashx?id=2786486&use=l&cat=p&typeid=i","cat":284352},{"id":177718,"n":"Bière blonde Ch'Ti Originale 6x25cl","p":6.0,"u":"4,00 €/L","img":"https://fd5-photos.leclercdrive.fr/image.ashx?id=2309612&use=l&cat=p&typeid=i","cat":334852},{"id":177719,"n":"Soin contour des yeux Nivea Cellular Luminous - 15ml","p":16.61,"img":"https://fd5-photos.leclercdrive.fr/image.ashx?id=2839274&use=l&cat=p&typeid=i","cat":325345},{"id":177720,"n":"Crème mains correctrice Nivea Luminous FPS15 - 50ml","p":5.06,"u":"101,20 €/L","img":"https://fd5-photos.leclercdrive.fr/image.ashx?id=2503320&use=l&cat=p&typeid=i","cat":null},{"id":177721,"n":"Crème Visage Nuit Nivea Anti-taches Luminous - 50ml","p":19.94,"u":"398,80 €/L","img":"https://fd5-photos.leclercdrive.fr/image.ashx?id=3000345&use=l&cat=p&typeid=i","cat":325345},{"id":177837,"n":"Panettone beurre La Fornatera 500g","p":5.2,"u":"10,40 €/KG","img":"https://fd5-photos.leclercdrive.fr/image.ashx?id=2312527&use=l&cat=p&typeid=i","cat":289010},{"id":177849,"n":"Lessive Sanytol désinfectante fraicheur florale - 1,70L","p":9.43,"u":"5,55 €/L","img":"https://fd5-photos.leclercdrive.fr/image.ashx?id=2902978&use=l&cat=p&typeid=i","cat":284640},{"id":177914,"n":"Yaourt à boire Actimel Vanille - 8x100g","p":3.81,"u":"4,76 €/KG","img":"https://fd5-photos.leclercdrive.fr/image.ashx?id=2939190&use=l&cat=p&typeid=i","cat":284415},{"id":177941,"n":"Courgettes Bio Bio Village Filet - 750g","p":3.99,"u":"5,32 €/KG","img":"https://fd5-photos.leclercdrive.fr/image.ashx?id=2625698&use=l&cat=p&typeid=i","cat":284352},{"id":177947,"n":"Spirales métal Nicols Métanic x3","p":1.27,"u":"0,42 €/P","img":"https://fd5-photos.leclercdrive.fr/image.ashx?id=2342779&use=l&cat=p&typeid=i","cat":284667},{"id":178074,"n":"Aubergine Bio Bio Village x2","p":2.99,"u":"1,50 €/P","img":"https://fd5-photos.leclercdrive.fr/image.ashx?id=2928333&use=l&cat=p&typeid=i","cat":284352},{"id":178075,"n":"Haricots Maison Rivière Cuisinés - 820g","p":2.87,"u":"3,50 €/KG","img":"https://fd5-photos.leclercdrive.fr/image.ashx?id=2788691&use=l&cat=p&typeid=i","cat":312606},{"id":178097,"n":"L'Ovale de Chèvre  Soignon - 160g","p":3.16,"u":"19,75 €/KG","img":"https://fd5-photos.leclercdrive.fr/image.ashx?id=2995328&use=l&cat=p&typeid=i","cat":314031},{"id":178108,"n":"Burrata de vache Casa Azzurra 125g","p":3.02,"u":"24,16 €/KG","img":"https://fd5-photos.leclercdrive.fr/image.ashx?id=2927549&use=l&cat=p&typeid=i","cat":314026},{"id":178109,"n":"Burrata IGP Tradizioni d'Italia 120g","p":2.9,"u":"24,17 €/KG","img":"https://fd5-photos.leclercdrive.fr/image.ashx?id=2904022&use=l&cat=p&typeid=i","cat":314026},{"id":178110,"n":"Pizza Dr.Oetker Ristorante Thon - 355g","p":2.51,"u":"7,07 €/KG","img":"https://fd5-photos.leclercdrive.fr/image.ashx?id=2993056&use=l&cat=p&typeid=i","cat":284256},{"id":178111,"n":"Pizza Dr.Oetker Ristorante 4 fromages - 340g","p":2.14,"u":"6,29 €/KG","img":"https://fd5-photos.leclercdrive.fr/image.ashx?id=2993050&use=l&cat=p&typeid=i","cat":284256},{"id":178112,"n":"Pizza Dr.Oetker Ristorante Mozzarella - 335g","p":2.25,"u":"6,72 €/KG","img":"https://fd5-photos.leclercdrive.fr/image.ashx?id=2993062&use=l&cat=p&typeid=i","cat":284256},{"id":178113,"n":"Pizza Dr.Oetker Ristorante  Vegetale aux légumes - 385g","p":2.65,"u":"6,88 €/KG","img":"https://fd5-photos.leclercdrive.fr/image.ashx?id=2993068&use=l&cat=p&typeid=i","cat":284256},{"id":178114,"n":"Pizza Ristorante Dr Oetker Royale - 350g","p":2.56,"u":"7,31 €/KG","img":"https://fd5-photos.leclercdrive.fr/image.ashx?id=2993044&use=l&cat=p&typeid=i","cat":284256},{"id":178126,"n":"Sablé salé Michel et Augustin Chorizo - 90g","p":3.63,"u":"40,33 €/KG","img":"https://fd5-photos.leclercdrive.fr/image.ashx?id=2315419&use=l&cat=p&typeid=i","cat":297000},{"id":178127,"n":"Sablé salé Michel et Augustin Coppa corse - 90g","p":3.02,"u":"33,56 €/KG","img":"https://fd5-photos.leclercdrive.fr/image.ashx?id=2315422&use=l&cat=p&typeid=i","cat":297000},{"id":178144,"n":"Thé glacé MayTea Saveur Pêche - 1,2L","p":1.73,"u":"1,44 €/L","img":"https://fd5-photos.leclercdrive.fr/image.ashx?id=2648661&use=l&cat=p&typeid=i","cat":295019},{"id":178163,"n":"Thé glacé MayTea Saveur Menthe - 1,2L","p":1.73,"u":"1,44 €/L","img":"https://fd5-photos.leclercdrive.fr/image.ashx?id=2648664&use=l&cat=p&typeid=i","cat":295019},{"id":178253,"n":"Yaourt aux fruits Eco+ Panaché - 12x125g","p":2.47,"u":"1,65 €/KG","img":"https://fd5-photos.leclercdrive.fr/image.ashx?id=2849635&use=l&cat=p&typeid=i","cat":284410},{"id":178260,"n":"Truite fumée Eco+ 100g","p":2.33,"u":"23,30 €/KG","img":"https://fd5-photos.leclercdrive.fr/image.ashx?id=2973505&use=l&cat=p&typeid=i","cat":285188},{"id":178295,"n":"Fromage Flamengo Les Croisés - 300g","p":4.5,"u":"15,00 €/KG","img":"https://fd5-photos.leclercdrive.fr/image.ashx?id=2313611&use=l&cat=p&typeid=i","cat":329184},{"id":178346,"n":"Thé glacé MayTea Saveur Framboise - 1,2L","p":2.17,"u":"1,81 €/L","img":"https://fd5-photos.leclercdrive.fr/image.ashx?id=2643863&use=l&cat=p&typeid=i","cat":295019},{"id":178350,"n":"Légumes pour pot-au-feu Notre Jardin - 1kg","p":2.9,"u":"2,90 €/KG","img":"https://fd5-photos.leclercdrive.fr/image.ashx?id=2900190&use=l&cat=p&typeid=i","cat":319823},{"id":178351,"n":"Poêlée à la Mexicaine Notre Jardin - 1kg","p":3.72,"u":"3,72 €/KG","img":"https://fd5-photos.leclercdrive.fr/image.ashx?id=2771375&use=l&cat=p&typeid=i","cat":319823},{"id":178355,"n":"Hachis Parmentier Fleury Michon à l'Emmental - 300g","p":3.12,"u":"10,40 €/KG","img":"https://fd5-photos.leclercdrive.fr/image.ashx?id=3003248&use=l&cat=p&typeid=i","cat":333665},{"id":178358,"n":"Gratin d'Endives au jambon sans nitrite Fleury michon - 280g","p":3.3,"u":"11,79 €/KG","img":"https://fd5-photos.leclercdrive.fr/image.ashx?id=3003254&use=l&cat=p&typeid=i","cat":333665},{"id":178359,"n":"Skyr 0%mg  Les 2 Vaches Vanille Bio - 480g","p":3.26,"u":"6,79 €/KG","img":"https://fd5-photos.leclercdrive.fr/image.ashx?id=2787296&use=l&cat=p&typeid=i","cat":315000},{"id":178539,"n":"Gel Lavant Bébé Mots d'Enfants 2en1 Bio 750ml","p":3.95,"u":"5,27 €/L","img":"https://fd5-photos.leclercdrive.fr/image.ashx?id=3014305&use=l&cat=p&typeid=i","cat":284740},{"id":178553,"n":"Eau Cologne Eco + Lavande 1L","p":2.53,"u":"2,53 €/L","img":"https://fd5-photos.leclercdrive.fr/image.ashx?id=2690859&use=l&cat=p&typeid=i","cat":291525},{"id":178554,"n":"Eau de Cologne Eco + Fraîcheur 500ml","p":1.97,"u":"3,94 €/L","img":"https://fd5-photos.leclercdrive.fr/image.ashx?id=3001196&use=l&cat=p&typeid=i","cat":291525},{"id":178564,"n":"Farine de riz complet Bio Bio Village - 500g","p":3.21,"u":"6,42 €/KG","img":"https://fd5-photos.leclercdrive.fr/image.ashx?id=2801798&use=l&cat=p&typeid=i","cat":288382},{"id":178566,"n":"Eau de Cologne Eco + Ambre 500ml","p":1.9,"u":"3,80 €/L","img":"https://fd5-photos.leclercdrive.fr/image.ashx?id=2999562&use=l&cat=p&typeid=i","cat":291525},{"id":178567,"n":"Shampoing Douche Eco + Marine 300ml","p":0.9,"u":"3,00 €/L","img":"https://fd5-photos.leclercdrive.fr/image.ashx?id=2779181&use=l&cat=p&typeid=i","cat":284594},{"id":178571,"n":"Désodorisant Eco + Marine 300ml","p":0.68,"u":"2,27 €/L","img":"https://fd5-photos.leclercdrive.fr/image.ashx?id=2843568&use=l&cat=p&typeid=i","cat":311626},{"id":178572,"n":"Patchs Chauffants Primoplast X2","p":4.99,"u":"2,50 €/P","img":"https://fd5-photos.leclercdrive.fr/image.ashx?id=2856600&use=l&cat=p&typeid=i","cat":284630},{"id":178573,"n":"Crème Lavante Manava  Velours Amande 1L","p":2.55,"u":"2,55 €/L","img":"https://fd5-photos.leclercdrive.fr/image.ashx?id=2965536&use=l&cat=p&typeid=i","cat":284597},{"id":178616,"n":"Shampoing La Provençale Bio Cheveux secs, très secs - 250ml","p":4.46,"u":"17,84 €/L","img":"https://fd5-photos.leclercdrive.fr/image.ashx?id=2505711&use=l&cat=p&typeid=i","cat":284606},{"id":178620,"n":"Dentifrice L'Arbre Vert Bien-être - 75ml","p":2.61,"u":"34,80 €/L","img":"https://fd5-photos.leclercdrive.fr/image.ashx?id=2892808&use=l&cat=p&typeid=i","cat":284612},{"id":178622,"n":"Gel douche Naturé Moi relaxant Fleur de cerisier - 500ml","p":4.46,"u":"8,92 €/L","img":"https://fd5-photos.leclercdrive.fr/image.ashx?id=2849487&use=l&cat=p&typeid=i","cat":284594},{"id":178625,"n":"Recharge gel douche Sanex Zéro% Tous types de peaux - 500ml","p":3.45,"u":"6,90 €/L","img":"https://fd5-photos.leclercdrive.fr/image.ashx?id=2859986&use=l&cat=p&typeid=i","cat":284594},{"id":178729,"n":"Liniment Mots d'enfants Bio - 500g","p":4.05,"u":"8,10 €/L","img":"https://fd5-photos.leclercdrive.fr/image.ashx?id=2536742&use=l&cat=p&typeid=i","cat":284741},{"id":178777,"n":"Taboulé poulet  L'Atelier Traiteur - 300g","p":2.85,"u":"9,50 €/KG","img":"https://fd5-photos.leclercdrive.fr/image.ashx?id=2861881&use=l&cat=p&typeid=i","cat":333657},{"id":178791,"n":"Huile d'olive Terra Delyssa Bio - 75cl","p":8.7,"u":"11,60 €/L","img":"https://fd5-photos.leclercdrive.fr/image.ashx?id=2736847&use=l&cat=p&typeid=i","cat":284453},{"id":178811,"n":"Compote Andros Pomme Poire - 8x100g","p":2.51,"u":"3,14 €/KG","img":"https://fd5-photos.leclercdrive.fr/image.ashx?id=2320654&use=l&cat=p&typeid=i","cat":284416},{"id":178812,"n":"Compote Andros Pomme Abricot - 8x100g","p":2.51,"u":"3,14 €/KG","img":"https://fd5-photos.leclercdrive.fr/image.ashx?id=2320657&use=l&cat=p&typeid=i","cat":284416},{"id":178813,"n":"Compote Andros Pomme Fraise - 8x100g","p":2.51,"u":"3,14 €/KG","img":"https://fd5-photos.leclercdrive.fr/image.ashx?id=2320660&use=l&cat=p&typeid=i","cat":284416},{"id":178845,"n":"Tampons Tampax Compak  Avec applicateur - Super+ - x22","p":3.38,"u":"0,15 €/P","img":"https://fd5-photos.leclercdrive.fr/image.ashx?id=2850405&use=l&cat=p&typeid=i","cat":284626},{"id":178872,"n":"Spray hydratant FPS 50+ Lovea Monoï de Tahiti - 150ml","p":12.01,"u":"80,07 €/L","img":"https://fd5-photos.leclercdrive.fr/image.ashx?id=2666980&use=l&cat=p&typeid=i","cat":325355},{"id":178873,"n":"Spray hydratant FPS 50+ Lovea Kids - 150ml","p":9.94,"u":"66,27 €/L","img":"https://fd5-photos.leclercdrive.fr/image.ashx?id=2734972&use=l&cat=p&typeid=i","cat":325355},{"id":178896,"n":"Gel nettoyant Bioré Au charbon - 200ml","p":4.5,"u":"22,50 €/L","img":"https://fd5-photos.leclercdrive.fr/image.ashx?id=2535598&use=l&cat=p&typeid=i","cat":284603},{"id":178897,"n":"Bière rouge Kwak 8% - 75cl","p":4.6,"u":"6,13 €/L","img":"https://fd5-photos.leclercdrive.fr/image.ashx?id=2548318&use=l&cat=p&typeid=i","cat":334872},{"id":178898,"n":"Bière ambrée Ch'ti  6x25cl","p":5.02,"u":"3,35 €/L","img":"https://fd5-photos.leclercdrive.fr/image.ashx?id=2321292&use=l&cat=p&typeid=i","cat":334852},{"id":178899,"n":"Bière blonde Kwak 7,4% - 75cl","p":4.6,"u":"6,13 €/L","img":"https://fd5-photos.leclercdrive.fr/image.ashx?id=2548321&use=l&cat=p&typeid=i","cat":334872},{"id":178920,"n":"Pansement ampoule Mercurochrome Grand format - x5","p":5.77,"u":"230,80 €/KG","img":"https://fd5-photos.leclercdrive.fr/image.ashx?id=2321160&use=l&cat=p&typeid=i","cat":284630},{"id":178948,"n":"Gâteau Savane Brossard Tout chocolat pocket x7 210g","p":2.18,"u":"10,38 €/KG","img":"https://fd5-photos.leclercdrive.fr/image.ashx?id=2870728&use=l&cat=p&typeid=i","cat":294776},{"id":178949,"n":"Gâteau Savane Brossard Max Barr' Pocket x7 - 210g","p":2.1,"u":"10,00 €/KG","img":"https://fd5-photos.leclercdrive.fr/image.ashx?id=2870731&use=l&cat=p&typeid=i","cat":294776},{"id":178951,"n":"Sacs poubelle Handy Bag   Ultra résistant 50L - x10","p":2.74,"u":"0,27 €/P","img":"https://fd5-photos.leclercdrive.fr/image.ashx?id=2918970&use=l&cat=p&typeid=i","cat":285168},{"id":178954,"n":"Mouchoirs Family Kleenex® Boîte x128","p":1.7,"u":"0,01 €/P","img":"https://fd5-photos.leclercdrive.fr/image.ashx?id=3009017&use=l&cat=p&typeid=i","cat":284638},{"id":178974,"n":"Mouchoirs Balsam Kleenex® Boîte x64","p":1.74,"u":"0,03 €/P","img":"https://fd5-photos.leclercdrive.fr/image.ashx?id=2853353&use=l&cat=p&typeid=i","cat":284638},{"id":178976,"n":"Beurre moulé Grand Fermage Sel de mer - 80% MG - 125g","p":1.61,"u":"12,88 €/KG","img":"https://fd5-photos.leclercdrive.fr/image.ashx?id=2985330&use=l&cat=p&typeid=i","cat":284379},{"id":178977,"n":"Bûche de Chèvre Soignon  120g","p":1.75,"u":"14,58 €/KG","img":"https://fd5-photos.leclercdrive.fr/image.ashx?id=2676717&use=l&cat=p&typeid=i","cat":314031},{"id":178989,"n":"Boulettes végétales Happyvore 176g","p":3.32,"u":"18,86 €/KG","img":"https://fd5-photos.leclercdrive.fr/image.ashx?id=2937583&use=l&cat=p&typeid=i","cat":316036},{"id":179002,"n":"Préservatifs Durex Confort Essential Confiance x24","p":7.83,"u":"0,33 €/P","img":"https://fd5-photos.leclercdrive.fr/image.ashx?id=2962029&use=l&cat=p&typeid=i","cat":284631},{"id":179025,"n":"Sacs poubelle 30L Handy Bag Ultra résistant - x20","p":2.9,"u":"0,15 €/P","img":"https://fd5-photos.leclercdrive.fr/image.ashx?id=2603800&use=l&cat=p&typeid=i","cat":285168},{"id":179026,"n":"Sacs poubelle 50L Handy Bag Ultra résistant - x10","p":2.35,"u":"0,24 €/P","img":"https://fd5-photos.leclercdrive.fr/image.ashx?id=2906730&use=l&cat=p&typeid=i","cat":285168},{"id":179027,"n":"Sacs poubelle 30L Handy Bag Ultra résistant - x15","p":2.69,"u":"0,18 €/P","img":"https://fd5-photos.leclercdrive.fr/image.ashx?id=2992278&use=l&cat=p&typeid=i","cat":285168},{"id":179028,"n":"Gel douche Sanex zéro 0% Peaux normales - 725ml","p":5.01,"u":"6,91 €/L","img":"https://fd5-photos.leclercdrive.fr/image.ashx?id=2685540&use=l&cat=p&typeid=i","cat":284594},{"id":179030,"n":"Sacs poubelle 30L Handy Bag Ultra résistant - x15","p":3.0,"u":"0,20 €/P","img":"https://fd5-photos.leclercdrive.fr/image.ashx?id=2633145&use=l&cat=p&typeid=i","cat":285168},{"id":179031,"n":"Gel douche Sanex zéro 0% Peaux normales - 475ml","p":4.32,"u":"9,09 €/L","img":"https://fd5-photos.leclercdrive.fr/image.ashx?id=2648851&use=l&cat=p&typeid=i","cat":284594},{"id":179032,"n":"Sac poubelle 50L Handy Bag Fixation élastique x10","p":4.05,"u":"0,08 €/L","img":"https://fd5-photos.leclercdrive.fr/image.ashx?id=2906721&use=l&cat=p&typeid=i","cat":285168},{"id":179034,"n":"Sacs poubelle 5L Handy Bag Salle de bain - à liens - x35","p":1.74,"img":"https://fd5-photos.leclercdrive.fr/image.ashx?id=2906733&use=l&cat=p&typeid=i","cat":285168},{"id":179039,"n":"Film fraîcheur Albal 30m","p":2.03,"img":"https://fd5-photos.leclercdrive.fr/image.ashx?id=2929056&use=l&cat=p&typeid=i","cat":334134},{"id":179041,"n":"Ultra ZIP moyen modèle Albal  15 sacs","p":3.34,"img":"https://fd5-photos.leclercdrive.fr/image.ashx?id=2929068&use=l&cat=p&typeid=i","cat":334134},{"id":179049,"n":"Complément alimentaire Zohi Sommeil 30 jours - 180g","p":12.05,"u":"66,94 €/KG","img":"https://fd5-photos.leclercdrive.fr/image.ashx?id=2985366&use=l&cat=p&typeid=i","cat":313217},{"id":179050,"n":"Complément alimentaire Zohi Energie 30 jours - 180g","p":10.54,"u":"58,56 €/KG","img":"https://fd5-photos.leclercdrive.fr/image.ashx?id=2694863&use=l&cat=p&typeid=i","cat":313217},{"id":179056,"n":"Dentifrice Signal Integral 8  Fraîcheur et détox -75ml","p":1.83,"u":"24,40 €/L","img":"https://fd5-photos.leclercdrive.fr/image.ashx?id=2960228&use=l&cat=p&typeid=i","cat":284612},{"id":179084,"n":"Liqueur Isautier  Banane flambée 17° - 50cl","p":15.32,"u":"30,64 €/L","img":"https://fd5-photos.leclercdrive.fr/image.ashx?id=2322679&use=l&cat=p&typeid=i","cat":286032},{"id":179085,"n":"Rhum épicé Bacardi Spiced 35° - 70cl","p":13.03,"u":"18,61 €/L","img":"https://fd5-photos.leclercdrive.fr/image.ashx?id=2322823&use=l&cat=p&typeid=i","cat":284550},{"id":179086,"n":"Jus de fruit Caraïbos Kiwi Citron vert - 75cl","p":1.8,"u":"2,40 €/L","img":"https://fd5-photos.leclercdrive.fr/image.ashx?id=3011311&use=l&cat=p&typeid=i","cat":284915},{"id":179087,"n":"Liquide Vaisselle Paic Citron - 750ml","p":1.67,"u":"2,23 €/L","img":"https://fd5-photos.leclercdrive.fr/image.ashx?id=2322835&use=l&cat=p&typeid=i","cat":284655},{"id":179088,"n":"Liquide Vaisselle Paic Citron Vert - 750ml","p":1.73,"u":"2,31 €/L","img":"https://fd5-photos.leclercdrive.fr/image.ashx?id=2322838&use=l&cat=p&typeid=i","cat":284655},{"id":179256,"n":"Jus Ocean Spray Classic  Cranberry - 1L","p":2.02,"u":"2,02 €/L","img":"https://fd5-photos.leclercdrive.fr/image.ashx?id=2324021&use=l&cat=p&typeid=i","cat":284915},{"id":179261,"n":"Crème de nuit L'Oréal Paris  Dermo Revitalift - 50ml","p":22.29,"u":"445,80 €/L","img":"https://fd5-photos.leclercdrive.fr/image.ashx?id=2351849&use=l&cat=p&typeid=i","cat":325345},{"id":179263,"n":"Sérum de nuit L'Oréal Paris Age Perfect anti-âge - 30ml","p":11.97,"pp":7.9,"u":"263,33 €/L","img":"https://fd5-photos.leclercdrive.fr/image.ashx?id=2867536&use=l&cat=p&typeid=i","cat":325345},{"id":179264,"n":"Sérum repulpant L'Oréal Paris Revitalift anti-rides - 20ml","p":17.75,"u":"887,50 €/L","img":"https://fd5-photos.leclercdrive.fr/image.ashx?id=2867539&use=l&cat=p&typeid=i","cat":325345},{"id":179265,"n":"Crème de Jour L'Oréal Paris Age Perfect SPF30 - 50ml","p":14.29,"u":"285,80 €/L","img":"https://fd5-photos.leclercdrive.fr/image.ashx?id=2887968&use=l&cat=p&typeid=i","cat":325345},{"id":179271,"n":"AOP Chiffonnade Jambon de Parme Montorsi - 70g","p":5.24,"u":"74,86 €/KG","img":"https://fd5-photos.leclercdrive.fr/image.ashx?id=2324303&use=l&cat=p&typeid=i","cat":316007},{"id":179299,"n":"Lait bébé Candia Baby  croissance 3ème âge - 6x1L","p":9.3,"u":"1,55 €/L","img":"https://fd5-photos.leclercdrive.fr/image.ashx?id=2963349&use=l&cat=p&typeid=i","cat":284728},{"id":179300,"n":"Lait bébé Candia Baby 4ème âge - 6x1L","p":11.94,"u":"1,99 €/L","img":"https://fd5-photos.leclercdrive.fr/image.ashx?id=2963358&use=l&cat=p&typeid=i","cat":284728},{"id":179301,"n":"Eau Micellaire Garnier Peaux Sèches, Sensibles - 400ml","p":2.82,"u":"7,05 €/L","img":"https://fd5-photos.leclercdrive.fr/image.ashx?id=2323637&use=l&cat=p&typeid=i","cat":284603},{"id":179326,"n":"Gel douche Sanex Zéro 0% Peaux sèches - 475ml","p":3.82,"u":"8,04 €/L","img":"https://fd5-photos.leclercdrive.fr/image.ashx?id=2692857&use=l&cat=p&typeid=i","cat":284594},{"id":179352,"n":"Eco recharge gel douche Sanex 0% Peaux sèches - 500ml","p":3.79,"u":"7,58 €/L","img":"https://fd5-photos.leclercdrive.fr/image.ashx?id=2866199&use=l&cat=p&typeid=i","cat":284594},{"id":179355,"n":"Eco recharge gel douche Sanex Zéro 0% famille hydratant - 1L","p":8.13,"u":"8,13 €/L","img":"https://fd5-photos.leclercdrive.fr/image.ashx?id=2676927&use=l&cat=p&typeid=i","cat":284594},{"id":179356,"n":"Gel douche Sanex Zéro 0% Peaux sèches - 725ml","p":4.57,"u":"6,30 €/L","img":"https://fd5-photos.leclercdrive.fr/image.ashx?id=2738392&use=l&cat=p&typeid=i","cat":284594},{"id":179374,"n":"Champagne Germain Président Rosé - 75cl","p":26.9,"u":"35,87 €/L","img":"https://fd5-photos.leclercdrive.fr/image.ashx?id=2999255&use=l&cat=p&typeid=i","cat":284542},{"id":179379,"n":"Capsules de café Arabica x40 - 280g","p":4.78,"u":"22,98 €/KG","img":"https://fd5-photos.leclercdrive.fr/image.ashx?id=2873652&use=l&cat=p&typeid=i","cat":284749},{"id":179380,"n":"Crème hydratante SO'BiO étic men Guarana - 50ml","p":7.76,"u":"155,20 €/L","img":"https://fd5-photos.leclercdrive.fr/image.ashx?id=2505564&use=l&cat=p&typeid=i","cat":284622},{"id":179382,"n":"Crème nutritive SO'BiO étic bio Argan Peaux matures - 50ml","p":12.81,"u":"256,20 €/L","img":"https://fd5-photos.leclercdrive.fr/image.ashx?id=2775628&use=l&cat=p&typeid=i","cat":325345},{"id":179383,"n":"Sérum SO'BiO étic rose éclat Argan Peaux matures bio - 30ml","p":16.97,"u":"565,67 €/L","img":"https://fd5-photos.leclercdrive.fr/image.ashx?id=2493526&use=l&cat=p&typeid=i","cat":325345},{"id":179384,"n":"Pâte à tartiner Eco+ 750g - aux noissettes","p":2.47,"u":"3,29 €/KG","img":"https://fd5-photos.leclercdrive.fr/image.ashx?id=2841148&use=l&cat=p&typeid=i","cat":284481},{"id":179389,"n":"Gel à raser SO'BiO Men précision - 150ml","p":4.44,"u":"29,60 €/L","img":"https://fd5-photos.leclercdrive.fr/image.ashx?id=2325251&use=l&cat=p&typeid=i","cat":284617},{"id":179390,"n":"Huile barbe SO'BiO étic Men nourrissante - 50ml","p":6.72,"u":"134,40 €/L","img":"https://fd5-photos.leclercdrive.fr/image.ashx?id=2694842&use=l&cat=p&typeid=i","cat":284622},{"id":179397,"n":"Dentifrice Colgate Soin complet - 75ml","p":1.9,"u":"25,33 €/L","img":"https://fd5-photos.leclercdrive.fr/image.ashx?id=2625269&use=l&cat=p&typeid=i","cat":284612},{"id":179398,"n":"Dentifrice Colgate Total  Blancheur naturelle - 75ml","p":2.39,"u":"31,87 €/L","img":"https://fd5-photos.leclercdrive.fr/image.ashx?id=2745424&use=l&cat=p&typeid=i","cat":284612},{"id":179422,"n":"Spray désodorisant Airwick Neutralisateur Coton - 237ml","p":4.57,"u":"19,28 €/L","img":"https://fd5-photos.leclercdrive.fr/image.ashx?id=2792822&use=l&cat=p&typeid=i","cat":311626},{"id":179431,"n":"Brioche Pitch Chocolat x8 - 300g","p":1.76,"u":"5,87 €/KG","img":"https://fd5-photos.leclercdrive.fr/image.ashx?id=2452119&use=l&cat=p&typeid=i","cat":293505},{"id":179432,"n":"Brioches Pitch Fraise x8 - 300g","p":1.7,"u":"5,67 €/KG","img":"https://fd5-photos.leclercdrive.fr/image.ashx?id=2452116&use=l&cat=p&typeid=i","cat":293505},{"id":179433,"n":"Brioche Pitch Chocolat au lait x8 - 300g","p":1.82,"u":"6,07 €/KG","img":"https://fd5-photos.leclercdrive.fr/image.ashx?id=2452113&use=l&cat=p&typeid=i","cat":293505},{"id":179435,"n":"Brioche Pitch Chocolat x12 - 450g","p":2.57,"u":"5,71 €/KG","img":"https://fd5-photos.leclercdrive.fr/image.ashx?id=2452110&use=l&cat=p&typeid=i","cat":293505},{"id":179437,"n":"Brioches Pitch Pépites chocolat x8 - 300g","p":1.85,"u":"6,17 €/KG","img":"https://fd5-photos.leclercdrive.fr/image.ashx?id=2452107&use=l&cat=p&typeid=i","cat":293505},{"id":179438,"n":"Brioche Pitch Pépites de chocolat x12 - 450g","p":2.71,"u":"6,02 €/KG","img":"https://fd5-photos.leclercdrive.fr/image.ashx?id=2452104&use=l&cat=p&typeid=i","cat":293505},{"id":179439,"n":"Brioches Pitch Choco barre noir x8-  300g","p":2.56,"u":"8,53 €/KG","img":"https://fd5-photos.leclercdrive.fr/image.ashx?id=2452101&use=l&cat=p&typeid=i","cat":293505},{"id":179440,"n":"Brioches Pitch  Choco barre lait x8 - 300g","p":2.22,"u":"7,40 €/KG","img":"https://fd5-photos.leclercdrive.fr/image.ashx?id=2454115&use=l&cat=p&typeid=i","cat":293505},{"id":179442,"n":"Brioches Pitch Choco barre noisette x8 - 300g","p":2.65,"u":"8,83 €/KG","img":"https://fd5-photos.leclercdrive.fr/image.ashx?id=2454112&use=l&cat=p&typeid=i","cat":293505},{"id":179443,"n":"Brioches Pitch Crousti x8 - 300g","p":2.56,"u":"8,53 €/KG","img":"https://fd5-photos.leclercdrive.fr/image.ashx?id=2454109&use=l&cat=p&typeid=i","cat":293505},{"id":179487,"n":"Gel douche Sanex Zéro 0% Peaux sèches - 2x475ml","p":6.3,"u":"6,63 €/L","img":"https://fd5-photos.leclercdrive.fr/image.ashx?id=2676921&use=l&cat=p&typeid=i","cat":284594},{"id":179488,"n":"Gel douche Sanex Zéro 0% Peaux normales - 2x475ml","p":6.3,"u":"6,63 €/L","img":"https://fd5-photos.leclercdrive.fr/image.ashx?id=2676924&use=l&cat=p&typeid=i","cat":284594},{"id":179503,"n":"Coeur de saumon 300g","p":13.95,"u":"46,50 €/KG","img":"https://fd5-photos.leclercdrive.fr/image.ashx?id=621198&use=l&cat=p&typeid=i","cat":284342},{"id":179524,"n":"Jambon Fleury Michon Label  Rouge sans nitrite x2 - 80g","p":2.42,"u":"30,25 €/KG","img":"https://fd5-photos.leclercdrive.fr/image.ashx?id=2923954&use=l&cat=p&typeid=i","cat":316009},{"id":179533,"n":"Soda Fanta citron  bouteille - 1.25L","p":1.5,"u":"1,20 €/L","img":"https://fd5-photos.leclercdrive.fr/image.ashx?id=2659394&use=l&cat=p&typeid=i","cat":284532},{"id":179645,"n":"Limonade double zest Lorina Bouteille - 1,25L","p":1.17,"u":"0,94 €/L","img":"https://fd5-photos.leclercdrive.fr/image.ashx?id=2723836&use=l&cat=p&typeid=i","cat":284531},{"id":179646,"n":"Limonade Zero Lorina 1.25L","p":2.12,"u":"1,70 €/L","img":"https://fd5-photos.leclercdrive.fr/image.ashx?id=2735143&use=l&cat=p&typeid=i","cat":284531},{"id":179669,"n":"Liquide vaisselle Paic Citron - 1,5L","p":2.61,"u":"1,74 €/L","img":"https://fd5-photos.leclercdrive.fr/image.ashx?id=2328673&use=l&cat=p&typeid=i","cat":284655},{"id":179673,"n":"Blocs WC Ball Syphon Tropical - x2","p":2.32,"u":"1,16 €/P","img":"https://fd5-photos.leclercdrive.fr/image.ashx?id=2925723&use=l&cat=p&typeid=i","cat":284662},{"id":179734,"n":"Huile Isio 4 Lesieur 50cl","p":2.28,"u":"4,56 €/L","img":"https://fd5-photos.leclercdrive.fr/image.ashx?id=2916027&use=l&cat=p&typeid=i","cat":284453},{"id":179789,"n":"Plaisir Caramel et Beurre salé Recette Lenôtre - 410g","p":7.51,"u":"18,32 €/KG","img":"https://fd5-photos.leclercdrive.fr/image.ashx?id=2807753&use=l&cat=p&typeid=i","cat":284267},{"id":179858,"n":"Mini bâtonnets Trium  Rocher Coco x4 - 202g","p":3.22,"u":"15,94 €/KG","img":"https://fd5-photos.leclercdrive.fr/image.ashx?id=2911708&use=l&cat=p&typeid=i","cat":284265},{"id":179860,"n":"Glaces Kinder Bueno noisettes chocolat lait x4 248g","p":3.52,"u":"14,19 €/KG","img":"https://fd5-photos.leclercdrive.fr/image.ashx?id=2759068&use=l&cat=p&typeid=i","cat":284264},{"id":179881,"n":"Crème glacée Ben & Jerry's Cookie Vermont-Ster - 324g","p":5.43,"u":"16,76 €/KG","img":"https://fd5-photos.leclercdrive.fr/image.ashx?id=2793044&use=l&cat=p&typeid=i","cat":284725},{"id":179908,"n":"Jus de citron vert Delpierre  200g","p":0.78,"u":"3,90 €/KG","img":"https://fd5-photos.leclercdrive.fr/image.ashx?id=2329013&use=l&cat=p&typeid=i","cat":288383},{"id":179939,"n":"Bâtonnets Trium vanille choco blanc fruits rouges x4 - 274g","p":2.69,"u":"9,82 €/KG","img":"https://fd5-photos.leclercdrive.fr/image.ashx?id=2758312&use=l&cat=p&typeid=i","cat":284265},{"id":179951,"n":"Ravioles Bio Village bio - 240g","p":2.89,"u":"12,04 €/KG","img":"https://fd5-photos.leclercdrive.fr/image.ashx?id=2346101&use=l&cat=p&typeid=i","cat":333682},{"id":179956,"n":"Crousti apéro bio Jardin Bio Tomates - 85g","p":1.56,"u":"18,35 €/KG","img":"https://fd5-photos.leclercdrive.fr/image.ashx?id=2329301&use=l&cat=p&typeid=i","cat":284449},{"id":179961,"n":"Haricots verts Jardin Bio Etic Bio - sans sel ajouté - 185g","p":2.27,"u":"12,27 €/KG","img":"https://fd5-photos.leclercdrive.fr/image.ashx?id=2835421&use=l&cat=p&typeid=i","cat":312606},{"id":179968,"n":"Galette pur beurre jardin Bio Bio - 130g","p":1.78,"u":"13,69 €/KG","img":"https://fd5-photos.leclercdrive.fr/image.ashx?id=2792645&use=l&cat=p&typeid=i","cat":284487},{"id":179973,"n":"Rosso  14,4% - 1L","p":3.47,"u":"3,47 €/L","img":"https://fd5-photos.leclercdrive.fr/image.ashx?id=2800228&use=l&cat=p&typeid=i","cat":284913},{"id":179974,"n":"Bianco 14,4% - 1L","p":3.5,"u":"3,50 €/L","img":"https://fd5-photos.leclercdrive.fr/image.ashx?id=2800231&use=l&cat=p&typeid=i","cat":284913},{"id":179975,"n":"Whisky Monkey Shoulder Smokey 40% - 70cl","p":29.81,"u":"42,59 €/L","img":"https://fd5-photos.leclercdrive.fr/image.ashx?id=2883714&use=l&cat=p&typeid=i","cat":284547},{"id":179976,"n":"Chocolat noir Lindt Excellence 28 bouchées - 154g","p":5.36,"u":"34,81 €/KG","img":"https://fd5-photos.leclercdrive.fr/image.ashx?id=2425592&use=l&cat=p&typeid=i","cat":284499},{"id":179979,"n":"AOC Crémant d'Alsace brut 75cl","p":5.35,"u":"7,13 €/L","img":"https://fd5-photos.leclercdrive.fr/image.ashx?id=2888932&use=l&cat=p&typeid=i","cat":284545},{"id":179985,"n":"Bière ambrée Ch'ti   6,2°  -75cl","p":3.19,"u":"4,25 €/L","img":"https://fd5-photos.leclercdrive.fr/image.ashx?id=2329473&use=l&cat=p&typeid=i","cat":334852},{"id":179996,"n":"Boisson arômatisée à base de Vin désacoolisé - 75cl","p":2.99,"u":"3,99 €/L","img":"https://fd5-photos.leclercdrive.fr/image.ashx?id=2329368&use=l&cat=p&typeid=i","cat":284549},{"id":179997,"n":"Vin rosé  Festalie 75cl - sans alcool","p":2.99,"u":"3,99 €/L","img":"https://fd5-photos.leclercdrive.fr/image.ashx?id=2781188&use=l&cat=p&typeid=i","cat":289558},{"id":180012,"n":"Vin rouge sans alcool - 75cl","p":2.99,"u":"3,99 €/L","img":"https://fd5-photos.leclercdrive.fr/image.ashx?id=2825224&use=l&cat=p&typeid=i","cat":289556},{"id":180024,"n":"Tablette de chocolat noir Lindt Noisette caramel - 100g","p":2.45,"u":"24,50 €/KG","img":"https://fd5-photos.leclercdrive.fr/image.ashx?id=2881296&use=l&cat=p&typeid=i","cat":284956},{"id":180026,"n":"Vin rouge Vacqueyras Les Guarrigues - 75cl","p":10.99,"u":"14,65 €/L","img":"https://fd5-photos.leclercdrive.fr/image.ashx?id=2739751&use=l&cat=p&typeid=i","cat":289556},{"id":180036,"n":"Vin blanc Saint-Veran Au Mont - 75cl","p":11.5,"u":"15,33 €/L","img":"https://fd5-photos.leclercdrive.fr/image.ashx?id=2712998&use=l&cat=p&typeid=i","cat":289557},{"id":180044,"n":"Filtres à café brun Melitta FSC 1x4 - 80 filtres","p":1.73,"u":"11,77 €/KG","img":"https://fd5-photos.leclercdrive.fr/image.ashx?id=2908276&use=l&cat=p&typeid=i","cat":284751},{"id":180056,"n":"Vinaigre balsamique Ponti de Modène IGP - 500 ml","p":2.38,"u":"4,76 €/L","img":"https://fd5-photos.leclercdrive.fr/image.ashx?id=2330191&use=l&cat=p&typeid=i","cat":298543},{"id":180061,"n":"Thé vert bio Bio village  36g","p":1.33,"u":"36,94 €/KG","img":"https://fd5-photos.leclercdrive.fr/image.ashx?id=2897910&use=l&cat=p&typeid=i","cat":293233},{"id":180065,"n":"Rillettes de thon Petit Navire 125g","p":1.83,"u":"14,64 €/KG","img":"https://fd5-photos.leclercdrive.fr/image.ashx?id=2533388&use=l&cat=p&typeid=i","cat":303867},{"id":180066,"n":"Cidre brut Eco+ 4% - 75cl","p":1.59,"u":"2,12 €/L","img":"https://fd5-photos.leclercdrive.fr/image.ashx?id=2903920&use=l&cat=p&typeid=i","cat":334880},{"id":180069,"n":"Rillettes au saumon  Petit Navire - 125g","p":1.73,"u":"13,84 €/KG","img":"https://fd5-photos.leclercdrive.fr/image.ashx?id=2533391&use=l&cat=p&typeid=i","cat":305147},{"id":180071,"n":"Cidre doux Eco+ 2% - 75cl","p":1.59,"u":"2,12 €/L","img":"https://fd5-photos.leclercdrive.fr/image.ashx?id=2903926&use=l&cat=p&typeid=i","cat":334880},{"id":180074,"n":"Fond de veau Maggi - 240g","p":4.01,"u":"16,71 €/KG","img":"https://fd5-photos.leclercdrive.fr/image.ashx?id=2918047&use=l&cat=p&typeid=i","cat":288379},{"id":180079,"n":"Biscuits chocolats Kinder Duo Chocolat blanc et lait - 150g","p":2.33,"u":"15,53 €/KG","img":"https://fd5-photos.leclercdrive.fr/image.ashx?id=2959127&use=l&cat=p&typeid=i","cat":284488},{"id":180081,"n":"Moulin 3 poivres Sainte Lucie - 44g","p":2.92,"u":"66,36 €/KG","img":"https://fd5-photos.leclercdrive.fr/image.ashx?id=2774457&use=l&cat=p&typeid=i","cat":284457},{"id":180083,"n":"Pastis Eco+ 40% - 1L","p":15.08,"u":"15,08 €/L","img":"https://fd5-photos.leclercdrive.fr/image.ashx?id=2637823&use=l&cat=p&typeid=i","cat":284548},{"id":180084,"n":"Basilic Sainte Lucie Saveur du potager - 4g","p":2.03,"u":"507,50 €/KG","img":"https://fd5-photos.leclercdrive.fr/image.ashx?id=2774466&use=l&cat=p&typeid=i","cat":298297},{"id":180088,"n":"Cerfeuil Sainte Lucie feuilles de France - 8g","p":1.53,"u":"191,25 €/KG","img":"https://fd5-photos.leclercdrive.fr/image.ashx?id=2973586&use=l&cat=p&typeid=i","cat":298297},{"id":180090,"n":"Baies de Genièvre Sainte Lucie - 30g","p":1.77,"u":"59,00 €/KG","img":"https://fd5-photos.leclercdrive.fr/image.ashx?id=2776130&use=l&cat=p&typeid=i","cat":298297},{"id":180110,"n":"Chocolat noir Lindt Excellence Fleur de sel et Lait x28 - 154g","p":5.48,"u":"35,58 €/KG","img":"https://fd5-photos.leclercdrive.fr/image.ashx?id=2329765&use=l&cat=p&typeid=i","cat":284499},{"id":180114,"n":"Tablette chocolat Poulain noir fondant x2 - 190g","p":3.35,"u":"17,63 €/KG","img":"https://fd5-photos.leclercdrive.fr/image.ashx?id=2950378&use=l&cat=p&typeid=i","cat":284956},{"id":180115,"n":"Maïs d'aucy  Bio - 285g","p":1.52,"u":"5,33 €/KG","img":"https://fd5-photos.leclercdrive.fr/image.ashx?id=2329732&use=l&cat=p&typeid=i","cat":312611},{"id":180118,"n":"Mais d'aucy  Bio - 2x140g","p":2.35,"u":"8,39 €/KG","img":"https://fd5-photos.leclercdrive.fr/image.ashx?id=2651825&use=l&cat=p&typeid=i","cat":312611},{"id":180120,"n":"Shirataki de Konjac  Gayelord Hauser - 160g","p":2.06,"u":"12,88 €/KG","img":"https://fd5-photos.leclercdrive.fr/image.ashx?id=2941574&use=l&cat=p&typeid=i","cat":318652},{"id":180121,"n":"Riz curry et poulet individuel William Saurin - 300g","p":2.75,"u":"9,17 €/KG","img":"https://fd5-photos.leclercdrive.fr/image.ashx?id=2335184&use=l&cat=p&typeid=i","cat":284953},{"id":180128,"n":"Infusion à froid Tisea  Fruits rouges - 33g","p":1.89,"u":"57,27 €/KG","img":"https://fd5-photos.leclercdrive.fr/image.ashx?id=2897838&use=l&cat=p&typeid=i","cat":293234},{"id":180134,"n":"Armagnac saint Vivant 40° - 20cl","p":5.33,"u":"26,65 €/L","img":"https://fd5-photos.leclercdrive.fr/image.ashx?id=2555316&use=l&cat=p&typeid=i","cat":286032},{"id":180140,"n":"Aiguillettes de poulet pané  Aldélis - 400g","p":6.32,"u":"15,80 €/KG","img":"https://fd5-photos.leclercdrive.fr/image.ashx?id=2814139&use=l&cat=p&typeid=i","cat":333684},{"id":180150,"n":"Crème de coco - brique de 400ml","p":2.88,"u":"7,20 €/L","img":"https://fd5-photos.leclercdrive.fr/image.ashx?id=2906901&use=l&cat=p&typeid=i","cat":288992},{"id":180152,"n":"Foie de morue Connétable MSC nature au citron - 121g","p":1.95,"u":"16,12 €/KG","img":"https://fd5-photos.leclercdrive.fr/image.ashx?id=2330311&use=l&cat=p&typeid=i","cat":305147},{"id":180155,"n":"Chewing-gum Freedent White Fraise 5x10 dragées - 70g","p":2.42,"u":"34,57 €/KG","img":"https://fd5-photos.leclercdrive.fr/image.ashx?id=2330359&use=l&cat=p&typeid=i","cat":304251},{"id":180157,"n":"Gelée de Groseilles Bonne Maman - 370g","p":1.69,"u":"4,57 €/KG","img":"https://fd5-photos.leclercdrive.fr/image.ashx?id=2482975&use=l&cat=p&typeid=i","cat":284480},{"id":180171,"n":"Olives Tramier apéro  farcies Poivron - 130g","p":2.58,"u":"19,85 €/KG","img":"https://fd5-photos.leclercdrive.fr/image.ashx?id=2648899&use=l&cat=p&typeid=i","cat":284450},{"id":180173,"n":"Pâté de foie Hénaff supérieur  sel de Guérande - 3x78g","p":2.25,"u":"9,62 €/KG","img":"https://fd5-photos.leclercdrive.fr/image.ashx?id=2582132&use=l&cat=p&typeid=i","cat":305149},{"id":180178,"n":"Quenelles de brochet  Petit Jean - 400g","p":2.44,"u":"6,10 €/KG","img":"https://fd5-photos.leclercdrive.fr/image.ashx?id=2677228&use=l&cat=p&typeid=i","cat":284441},{"id":180179,"n":"Sauce tomate aux champignons  Panzani Bolets et cèpes - 210g","p":1.46,"u":"6,95 €/KG","img":"https://fd5-photos.leclercdrive.fr/image.ashx?id=2880676&use=l&cat=p&typeid=i","cat":299047},{"id":180180,"n":"Ramen Tanoshi saveur boeuf nouilles japonaises - 360g","p":2.82,"u":"7,83 €/KG","img":"https://fd5-photos.leclercdrive.fr/image.ashx?id=2922974&use=l&cat=p&typeid=i","cat":288992},{"id":180181,"n":"Sardines à l'huile d'olive Connétable - 135g","p":2.43,"u":"18,00 €/KG","img":"https://fd5-photos.leclercdrive.fr/image.ashx?id=2762115&use=l&cat=p&typeid=i","cat":305146},{"id":180184,"n":"Sardines Connétable marinade citron-basilic sans huile -140g","p":1.8,"u":"12,86 €/KG","img":"https://fd5-photos.leclercdrive.fr/image.ashx?id=2797858&use=l&cat=p&typeid=i","cat":305146},{"id":180187,"n":"Sauce Pesto Tomates Basilic Panzani - 200G","p":1.59,"u":"7,95 €/KG","img":"https://fd5-photos.leclercdrive.fr/image.ashx?id=2977930&use=l&cat=p&typeid=i","cat":287599},{"id":180193,"n":"Soupe déshydratée Knorr Cèpes  champignons  - 75cl","p":1.71,"u":"18,79 €/KG","img":"https://fd5-photos.leclercdrive.fr/image.ashx?id=2790318&use=l&cat=p&typeid=i","cat":284463},{"id":180196,"n":"Brioches Pitch  Pomme poire - x8 - 300g","p":2.62,"u":"8,73 €/KG","img":"https://fd5-photos.leclercdrive.fr/image.ashx?id=2454100&use=l&cat=p&typeid=i","cat":293505},{"id":180197,"n":"Langue Pik Haribo Sachet bonbons acidulés - 180g","p":1.71,"u":"9,50 €/KG","img":"https://fd5-photos.leclercdrive.fr/image.ashx?id=2984949&use=l&cat=p&typeid=i","cat":304250},{"id":180199,"n":"Pandawaï Pik Haribo Sachet bonbons acidulés - 200g","p":2.09,"u":"10,45 €/KG","img":"https://fd5-photos.leclercdrive.fr/image.ashx?id=2806120&use=l&cat=p&typeid=i","cat":304250},{"id":180201,"n":"Thé Earl Grey Twinings 50 sachets - 100g","p":3.9,"u":"39,00 €/KG","img":"https://fd5-photos.leclercdrive.fr/image.ashx?id=2893018&use=l&cat=p&typeid=i","cat":293233},{"id":180202,"n":"Purée de tomate Panzani Tomacouli ail & herbes - 500g","p":1.41,"u":"2,82 €/KG","img":"https://fd5-photos.leclercdrive.fr/image.ashx?id=2890610&use=l&cat=p&typeid=i","cat":288384},{"id":180207,"n":"Les Arrangés Divins - Eden Bio Bio 28,7% 70cl","p":25.25,"u":"36,07 €/L","img":"https://fd5-photos.leclercdrive.fr/image.ashx?id=2330688&use=l&cat=p&typeid=i","cat":286032},{"id":180208,"n":"Quinoa bio Happy Bio - 500g","p":3.99,"u":"7,98 €/KG","img":"https://fd5-photos.leclercdrive.fr/image.ashx?id=2685018&use=l&cat=p&typeid=i","cat":284429},{"id":180217,"n":"Assaisonnement déshydraté Knorr Origan basilic romarin - 145g","p":3.12,"u":"21,52 €/KG","img":"https://fd5-photos.leclercdrive.fr/image.ashx?id=3014653&use=l&cat=p&typeid=i","cat":298297},{"id":180218,"n":"Pâté de campagne Hénaff sel de Guérande - 3x78g","p":2.29,"u":"9,79 €/KG","img":"https://fd5-photos.leclercdrive.fr/image.ashx?id=2663878&use=l&cat=p&typeid=i","cat":305149},{"id":180228,"n":"Boisson à base d'alcool Grants summer 35° - 70cl","p":12.14,"u":"17,34 €/L","img":"https://fd5-photos.leclercdrive.fr/image.ashx?id=2834722&use=l&cat=p&typeid=i","cat":284551},{"id":180229,"n":"Miettes de crabe Eco+ - 121g","p":1.63,"u":"13,47 €/KG","img":"https://fd5-photos.leclercdrive.fr/image.ashx?id=2671792&use=l&cat=p&typeid=i","cat":305147},{"id":180233,"n":"Crème de marrons vanille  Douceur du Verger - 500g","p":2.12,"u":"4,24 €/KG","img":"https://fd5-photos.leclercdrive.fr/image.ashx?id=2691471&use=l&cat=p&typeid=i","cat":284506},{"id":180241,"n":"Sucre glace Saint Louis - 1kg","p":3.3,"u":"3,30 €/KG","img":"https://fd5-photos.leclercdrive.fr/image.ashx?id=2939382&use=l&cat=p&typeid=i","cat":284502},{"id":180244,"n":"Joker 5 Shots Immunité 0,33L","p":2.08,"u":"6,30 €/L","img":"https://fd5-photos.leclercdrive.fr/image.ashx?id=2939295&use=l&cat=p&typeid=i","cat":284915},{"id":180246,"n":"Couscous moyen Ferrero Bio - 800g","p":3.58,"u":"4,48 €/KG","img":"https://fd5-photos.leclercdrive.fr/image.ashx?id=2869558&use=l&cat=p&typeid=i","cat":284429},{"id":180247,"n":"Double concentré de tomates  Eco+ - 440g","p":1.31,"u":"2,98 €/KG","img":"https://fd5-photos.leclercdrive.fr/image.ashx?id=2669648&use=l&cat=p&typeid=i","cat":288384},{"id":180278,"n":"Sauce tomate pour pizza Zapetti - 300g","p":1.79,"u":"5,97 €/KG","img":"https://fd5-photos.leclercdrive.fr/image.ashx?id=2579990&use=l&cat=p&typeid=i","cat":288384},{"id":180302,"n":"Biscuits Palmier St Michel  au beurre - 87g","p":1.04,"u":"11,95 €/KG","img":"https://fd5-photos.leclercdrive.fr/image.ashx?id=2555379&use=l&cat=p&typeid=i","cat":284487},{"id":180303,"n":"Biscuits galettes St Michel au  beurre 1905 - 150g","p":1.27,"u":"8,47 €/KG","img":"https://fd5-photos.leclercdrive.fr/image.ashx?id=2937766&use=l&cat=p&typeid=i","cat":284487},{"id":180304,"n":"Semoule de couscous moyen Eco+ - 1kg","p":1.05,"u":"1,05 €/KG","img":"https://fd5-photos.leclercdrive.fr/image.ashx?id=2790858&use=l&cat=p&typeid=i","cat":284429},{"id":180305,"n":"Pâté de foie Eco+ x3 - 234g","p":1.33,"u":"5,68 €/KG","img":"https://fd5-photos.leclercdrive.fr/image.ashx?id=2852940&use=l&cat=p&typeid=i","cat":305149},{"id":180307,"n":"Patée pour chat Eco+ boeuf et à la carotte - 410g","p":0.96,"u":"2,34 €/KG","img":"https://fd5-photos.leclercdrive.fr/image.ashx?id=2949233&use=l&cat=p&typeid=i","cat":285601},{"id":180313,"n":"Bouchées pour chat Eco+ Truite saumon et légumes - 410g","p":0.65,"u":"1,59 €/KG","img":"https://fd5-photos.leclercdrive.fr/image.ashx?id=2330897&use=l&cat=p&typeid=i","cat":285601},{"id":180317,"n":"Pistaches non salées Tokapi 125g","p":2.33,"u":"18,64 €/KG","img":"https://fd5-photos.leclercdrive.fr/image.ashx?id=2793302&use=l&cat=p&typeid=i","cat":284448},{"id":180321,"n":"Palmiers feuilletés Tokapi olive - 75g","p":1.84,"u":"24,53 €/KG","img":"https://fd5-photos.leclercdrive.fr/image.ashx?id=2331243&use=l&cat=p&typeid=i","cat":297000},{"id":180327,"n":"Pâtée pour chats Eco+ poisson et à la carotte - 410g","p":0.7,"u":"1,71 €/KG","img":"https://fd5-photos.leclercdrive.fr/image.ashx?id=2794175&use=l&cat=p&typeid=i","cat":285601},{"id":180330,"n":"Rice Crackers N.A Sel de mer - 85g","p":2.04,"u":"24,00 €/KG","img":"https://fd5-photos.leclercdrive.fr/image.ashx?id=2339757&use=l&cat=p&typeid=i","cat":297000},{"id":180335,"n":"Chocolat noir Poulain extra-fin à cuisiner - 2x180g","p":3.53,"u":"9,81 €/KG","img":"https://fd5-photos.leclercdrive.fr/image.ashx?id=2986672&use=l&cat=p&typeid=i","cat":284956},{"id":180340,"n":"Lait bébé 1A GUIGOZ OPTIPRO  0-6 mois - 2x600g","p":20.0,"u":"16,67 €/KG","img":"https://fd5-photos.leclercdrive.fr/image.ashx?id=2846147&use=l&cat=p&typeid=i","cat":284726},{"id":180344,"n":"Fromage enfant Mini Babybel 6 portions goûter - 132g","p":2.18,"u":"16,52 €/KG","img":"https://fd5-photos.leclercdrive.fr/image.ashx?id=2970822&use=l&cat=p&typeid=i","cat":314030},{"id":180345,"n":"Fromage enfant Mini Babybel 12 portions goûter - 264g","p":4.15,"u":"15,72 €/KG","img":"https://fd5-photos.leclercdrive.fr/image.ashx?id=2970825&use=l&cat=p&typeid=i","cat":314030},{"id":180347,"n":"Chips Pom'lisse nature sans sel - 125g","p":1.19,"u":"9,52 €/KG","img":"https://fd5-photos.leclercdrive.fr/image.ashx?id=2919661&use=l&cat=p&typeid=i","cat":284447},{"id":180348,"n":"Rondelles de cornichons Rustica aigres doux - 185g","p":1.6,"u":"8,65 €/KG","img":"https://fd5-photos.leclercdrive.fr/image.ashx?id=2916725&use=l&cat=p&typeid=i","cat":284458},{"id":180350,"n":"Vinaigre d'alcool Bio Village  blanc 8% Bio - 1L","p":1.05,"u":"1,05 €/L","img":"https://fd5-photos.leclercdrive.fr/image.ashx?id=2869528&use=l&cat=p&typeid=i","cat":325365},{"id":180351,"n":"Friandises chat Sheba Creamy snacks poulet - 4x12g","p":2.52,"u":"52,50 €/KG","img":"https://fd5-photos.leclercdrive.fr/image.ashx?id=2331147&use=l&cat=p&typeid=i","cat":285285},{"id":180352,"n":"Friandises chat Sheba Creamy snacks saumon - 4x12g","p":2.66,"u":"55,42 €/KG","img":"https://fd5-photos.leclercdrive.fr/image.ashx?id=2331150&use=l&cat=p&typeid=i","cat":285285},{"id":180362,"n":"Chocolat au lait Lindt Nougat amandes - 150g","p":5.0,"u":"33,33 €/KG","img":"https://fd5-photos.leclercdrive.fr/image.ashx?id=2331165&use=l&cat=p&typeid=i","cat":284497},{"id":180366,"n":"Pâte à tartiner NRT Noisettes - 400g","p":4.67,"u":"11,68 €/KG","img":"https://fd5-photos.leclercdrive.fr/image.ashx?id=2791123&use=l&cat=p&typeid=i","cat":284481},{"id":180370,"n":"Tablette de chocolat Lindt Orange sanguine de Sicile 100g","p":3.1,"u":"31,00 €/KG","img":"https://fd5-photos.leclercdrive.fr/image.ashx?id=2689508&use=l&cat=p&typeid=i","cat":284956},{"id":180376,"n":"Chocolat au lait Bio Village Patissier Bio - 200g","p":3.71,"u":"18,55 €/KG","img":"https://fd5-photos.leclercdrive.fr/image.ashx?id=2776517&use=l&cat=p&typeid=i","cat":285562},{"id":180377,"n":"Chocolat noir Bio Village  Citron gingembre Bio - 100g","p":2.2,"u":"22,00 €/KG","img":"https://fd5-photos.leclercdrive.fr/image.ashx?id=2331237&use=l&cat=p&typeid=i","cat":284956},{"id":180378,"n":"Chocolat au lait Bio Village  Noisettes Bio - 200g","p":3.55,"u":"17,75 €/KG","img":"https://fd5-photos.leclercdrive.fr/image.ashx?id=2649677&use=l&cat=p&typeid=i","cat":284497},{"id":180386,"n":"Chocolat au lait Ferrero Rocher noisettes et amandes - 90g","p":1.89,"u":"21,00 €/KG","img":"https://fd5-photos.leclercdrive.fr/image.ashx?id=2737276&use=l&cat=p&typeid=i","cat":284497},{"id":180391,"n":"Bonbons Lutti Fili Dooo XL Fraise - 180g","p":1.73,"u":"9,61 €/KG","img":"https://fd5-photos.leclercdrive.fr/image.ashx?id=2817449&use=l&cat=p&typeid=i","cat":304250},{"id":180392,"n":"Bonbons Lutti Pokémon fizz - 180g","p":1.78,"u":"9,89 €/KG","img":"https://fd5-photos.leclercdrive.fr/image.ashx?id=2806150&use=l&cat=p&typeid=i","cat":304250},{"id":180395,"n":"Dragées M&M'S chocolat caramel salé - 176g","p":2.9,"u":"16,48 €/KG","img":"https://fd5-photos.leclercdrive.fr/image.ashx?id=2331267&use=l&cat=p&typeid=i","cat":304238},{"id":180397,"n":"Barres Chocolatées KINDER BUENO  Chocolat au Lait x3 - 129g","p":2.26,"u":"17,52 €/KG","img":"https://fd5-photos.leclercdrive.fr/image.ashx?id=2762295&use=l&cat=p&typeid=i","cat":284498},{"id":180401,"n":"Mayonnaise Bénédicta Nature - 255g","p":1.71,"u":"6,71 €/KG","img":"https://fd5-photos.leclercdrive.fr/image.ashx?id=2658734&use=l&cat=p&typeid=i","cat":298295},{"id":180405,"n":"Thon au Naturel Petit Navire 2x112g","p":4.7,"u":"20,98 €/KG","img":"https://fd5-photos.leclercdrive.fr/image.ashx?id=2944618&use=l&cat=p&typeid=i","cat":303867},{"id":180407,"n":"Filets maquereaux Petit Navire sans peau huile d'olive - 145g","p":2.4,"u":"16,55 €/KG","img":"https://fd5-photos.leclercdrive.fr/image.ashx?id=2523915&use=l&cat=p&typeid=i","cat":303868},{"id":180414,"n":"Chips Tuiles Pringles Pizza - 175g","p":2.62,"u":"14,97 €/KG","img":"https://fd5-photos.leclercdrive.fr/image.ashx?id=2661748&use=l&cat=p&typeid=i","cat":287899},{"id":180418,"n":"Pois chiches Sultanines 530g","p":1.5,"u":"2,83 €/KG","img":"https://fd5-photos.leclercdrive.fr/image.ashx?id=2331363&use=l&cat=p&typeid=i","cat":312609},{"id":180421,"n":"Bûchettes de sucre Saint Louis 4g x 125 - coffret de 500g","p":2.93,"u":"5,86 €/KG","img":"https://fd5-photos.leclercdrive.fr/image.ashx?id=2331387&use=l&cat=p&typeid=i","cat":284502},{"id":180429,"n":"Agar Bio Village  Bio - 8g","p":2.09,"u":"261,25 €/KG","img":"https://fd5-photos.leclercdrive.fr/image.ashx?id=2343225&use=l&cat=p&typeid=i","cat":284504},{"id":180432,"n":"Thé noir Twinings vanille x20 - 32g","p":2.36,"u":"73,75 €/KG","img":"https://fd5-photos.leclercdrive.fr/image.ashx?id=2893057&use=l&cat=p&typeid=i","cat":293233},{"id":180433,"n":"Sérum Physiologique  Mercurochrome 30x5ml","p":4.18,"u":"27,87 €/L","img":"https://fd5-photos.leclercdrive.fr/image.ashx?id=2731474&use=l&cat=p&typeid=i","cat":284741},{"id":180444,"n":"Isey Skyr Cheesecake Citron - 400g","p":3.11,"u":"7,78 €/KG","img":"https://fd5-photos.leclercdrive.fr/image.ashx?id=2598618&use=l&cat=p&typeid=i","cat":315000},{"id":180453,"n":"Thé glacé Fuze Tea  Pêche Intense - 6x33cl","p":3.68,"u":"1,86 €/L","img":"https://fd5-photos.leclercdrive.fr/image.ashx?id=2940405&use=l&cat=p&typeid=i","cat":295019},{"id":180458,"n":"Amandes en poudre Vahiné 125g","p":3.28,"u":"26,24 €/KG","img":"https://fd5-photos.leclercdrive.fr/image.ashx?id=2785934&use=l&cat=p&typeid=i","cat":284504},{"id":180498,"n":"Chips ancienne nature Lay's Sel - 155g","p":1.26,"u":"8,13 €/KG","img":"https://fd5-photos.leclercdrive.fr/image.ashx?id=2996596&use=l&cat=p&typeid=i","cat":284447},{"id":180545,"n":"Serviettes hygiéniques Nana Ultra - Régulier+ - x14","p":2.27,"u":"0,16 €/P","img":"https://fd5-photos.leclercdrive.fr/image.ashx?id=3011881&use=l&cat=p&typeid=i","cat":284624},{"id":180546,"n":"Serviettes Ultra Régulier+ Nana Deo Ailettes Flux modéré - x14","p":2.15,"u":"0,15 €/P","img":"https://fd5-photos.leclercdrive.fr/image.ashx?id=2767225&use=l&cat=p&typeid=i","cat":284624},{"id":180547,"n":"Serviettes hygiéniques Nana Ultra - Régulier- x16","p":1.84,"u":"0,12 €/P","img":"https://fd5-photos.leclercdrive.fr/image.ashx?id=3000860&use=l&cat=p&typeid=i","cat":284624},{"id":180549,"n":"Serviettes Ultra Régulier Nana Deo Ailettes Flux modéré - x28","p":3.31,"u":"0,12 €/P","img":"https://fd5-photos.leclercdrive.fr/image.ashx?id=3005299&use=l&cat=p&typeid=i","cat":284624},{"id":180550,"n":"Serviettes hygiéniques Nana Ultra - Spécial Nuit - x10","p":1.91,"u":"0,19 €/P","img":"https://fd5-photos.leclercdrive.fr/image.ashx?id=2944990&use=l&cat=p&typeid=i","cat":284624},{"id":180551,"n":"Serviettes hygiéniques Nana Ultra - Spécial Nuit - x20","p":3.54,"u":"0,18 €/P","img":"https://fd5-photos.leclercdrive.fr/image.ashx?id=2756401&use=l&cat=p&typeid=i","cat":284624},{"id":180552,"n":"Soda à l'orange Orangina 6x25cl verre","p":5.87,"u":"3,91 €/L","img":"https://fd5-photos.leclercdrive.fr/image.ashx?id=2476431&use=l&cat=p&typeid=i","cat":284532},{"id":180553,"n":"Sirop de pêche Bio Village Bio - 50cl","p":2.55,"u":"5,10 €/L","img":"https://fd5-photos.leclercdrive.fr/image.ashx?id=2873198&use=l&cat=p&typeid=i","cat":295020},{"id":180554,"n":"Sirop de cassis Bio Village Bio - 50cl","p":2.98,"u":"5,96 €/L","img":"https://fd5-photos.leclercdrive.fr/image.ashx?id=2873201&use=l&cat=p&typeid=i","cat":295020},{"id":180556,"n":"Sirop de Citron Bio Village Bio - 50cl","p":2.29,"u":"4,58 €/L","img":"https://fd5-photos.leclercdrive.fr/image.ashx?id=2873192&use=l&cat=p&typeid=i","cat":295020},{"id":180563,"n":"Viande des Grisons Aoste 10 Tranches - 70g","p":4.5,"u":"64,29 €/KG","img":"https://fd5-photos.leclercdrive.fr/image.ashx?id=2939838&use=l&cat=p&typeid=i","cat":316007},{"id":180797,"n":"Mouchoirs UltraSoft Kleenex® Boîte x64","p":1.7,"img":"https://fd5-photos.leclercdrive.fr/image.ashx?id=2853350&use=l&cat=p&typeid=i","cat":284638},{"id":180880,"n":"Pack Essentiels Canson Coloriage dessin Giotto - 35pcs","p":12.65,"img":"https://fd5-photos.leclercdrive.fr/image.ashx?id=2364594&use=l&cat=p&typeid=i","cat":284745},{"id":180892,"n":"Chemise rabats A4 Viquel Vert","p":4.04,"img":"https://fd5-photos.leclercdrive.fr/image.ashx?id=2379606&use=l&cat=p&typeid=i","cat":284745},{"id":180897,"n":"Classeur Cahier dos Viquel Jaune - Dos 2,5cm","p":3.74,"img":"https://fd5-photos.leclercdrive.fr/image.ashx?id=2363368&use=l&cat=p&typeid=i","cat":284745},{"id":180899,"n":"Classeur Cahier  Viquel Bleu - Dos 2,5cm","p":3.74,"img":"https://fd5-photos.leclercdrive.fr/image.ashx?id=2363374&use=l&cat=p&typeid=i","cat":284745},{"id":181140,"n":"Surligneur Stabilo Boss Original Arty - x10","p":11.69,"img":"https://fd5-photos.leclercdrive.fr/image.ashx?id=2525354&use=l&cat=p&typeid=i","cat":284696},{"id":181143,"n":"Feutre dessin Stabilo pointMax pointe moyenne ARTY x24","p":22.04,"img":"https://fd5-photos.leclercdrive.fr/image.ashx?id=2525357&use=l&cat=p&typeid=i","cat":284696},{"id":181149,"n":"Surligneur Stabilo Boss Original couleur froide Arty x5","p":7.15,"img":"https://fd5-photos.leclercdrive.fr/image.ashx?id=2902244&use=l&cat=p&typeid=i","cat":284696},{"id":181151,"n":"Surligneur Stabilo Boss Mini  Pastellove 2.0 x5","p":6.6,"img":"https://fd5-photos.leclercdrive.fr/image.ashx?id=2341759&use=l&cat=p&typeid=i","cat":284696},{"id":181153,"n":"Stylo-feutre Stabilo point 88 pointe fine Arty x65","p":54.52,"img":"https://fd5-photos.leclercdrive.fr/image.ashx?id=2553761&use=l&cat=p&typeid=i","cat":284696},{"id":181160,"n":"10 feutres effacables Esquisse Pointes moyennes","p":2.8,"img":"https://fd5-photos.leclercdrive.fr/image.ashx?id=2349418&use=l&cat=p&typeid=i","cat":334133},{"id":181161,"n":"10 feutres pinceaux Esquisse Pointes moyennes","p":2.3,"img":"https://fd5-photos.leclercdrive.fr/image.ashx?id=2349433&use=l&cat=p&typeid=i","cat":334133},{"id":181162,"n":"10 stylos à bille Esquisse Pointes moyennes","p":1.75,"img":"https://fd5-photos.leclercdrive.fr/image.ashx?id=2349415&use=l&cat=p&typeid=i","cat":334133},{"id":181163,"n":"12 crayons de couleurs aqua Esq Aquarrellables","p":1.7,"img":"https://fd5-photos.leclercdrive.fr/image.ashx?id=2349436&use=l&cat=p&typeid=i","cat":334133},{"id":181164,"n":"12 crayons de couleurs past Esq Pastel","p":0.99,"img":"https://fd5-photos.leclercdrive.fr/image.ashx?id=2349439&use=l&cat=p&typeid=i","cat":334133},{"id":181165,"n":"10 feutres pastel Esquisse Pointes moyennes","p":1.29,"img":"https://fd5-photos.leclercdrive.fr/image.ashx?id=2349430&use=l&cat=p&typeid=i","cat":334133},{"id":181166,"n":"12 crayons de cire Esquisse","p":1.55,"img":"https://fd5-photos.leclercdrive.fr/image.ashx?id=2349442&use=l&cat=p&typeid=i","cat":334133},{"id":181167,"n":"150 gommettes Esquissse Ø 15mm","p":0.99,"img":"https://fd5-photos.leclercdrive.fr/image.ashx?id=2349427&use=l&cat=p&typeid=i","cat":334133},{"id":181256,"n":"Cartable pokemon 38 cm garçon","p":24.9,"img":"https://fd5-photos.leclercdrive.fr/image.ashx?id=2564324&use=l&cat=p&typeid=i","cat":334133},{"id":181260,"n":"Cartable super mario 38 cm garçon","p":23.3,"img":"https://fd5-photos.leclercdrive.fr/image.ashx?id=2564327&use=l&cat=p&typeid=i","cat":334133},{"id":181437,"n":"Protège-documents Esquisse Gris - 160 vues","p":3.99,"img":"https://fd5-photos.leclercdrive.fr/image.ashx?id=2943313&use=l&cat=p&typeid=i","cat":284745},{"id":181609,"n":"Protège Document 160v Exacompta bleu turquoise 21x29,7 iderama","p":8.6,"img":"https://fd5-photos.leclercdrive.fr/image.ashx?id=2357227&use=l&cat=p&typeid=i","cat":284745},{"id":181610,"n":"Protège Document 160v Exacompta vert anis 21x29,7 iderama","p":8.6,"img":"https://fd5-photos.leclercdrive.fr/image.ashx?id=2357230&use=l&cat=p&typeid=i","cat":284745},{"id":181615,"n":"Protège Document 160v Exacompta vert foncé 21x29,7 iderama","p":8.6,"img":"https://fd5-photos.leclercdrive.fr/image.ashx?id=2357245&use=l&cat=p&typeid=i","cat":284745},{"id":181631,"n":"Protège Document 40v Exacompta vert foncé 21x29,7 iderama","p":4.49,"img":"https://fd5-photos.leclercdrive.fr/image.ashx?id=2357284&use=l&cat=p&typeid=i","cat":284745},{"id":181673,"n":"16 feutres Flair Tropical","p":14.9,"pp":8.94,"img":"https://fd5-photos.leclercdrive.fr/image.ashx?id=2354905&use=l&cat=p&typeid=i","cat":284696},{"id":181962,"n":"Lave glace été Eco+ 5 L","p":1.97,"u":"0,39 €/L","img":"https://fd5-photos.leclercdrive.fr/image.ashx?id=2499519&use=l&cat=p&typeid=i","cat":298252},{"id":182013,"n":"Café Moulu  Espresso - Méo - 1kg","p":16.5,"u":"16,50 €/KG","img":"https://fd5-photos.leclercdrive.fr/image.ashx?id=2571293&use=l&cat=p&typeid=i","cat":284750},{"id":182047,"n":"Jambon de Bayonne Saint Azay 6 tranches - 150g","p":3.72,"u":"24,80 €/KG","img":"https://fd5-photos.leclercdrive.fr/image.ashx?id=2342190&use=l&cat=p&typeid=i","cat":316007},{"id":182063,"n":"Dessert liégeois VIENNOIS Panaché vanille chocolat 8x100g","p":3.03,"u":"3,79 €/KG","img":"https://fd5-photos.leclercdrive.fr/image.ashx?id=2628179&use=l&cat=p&typeid=i","cat":285042},{"id":182071,"n":"Croquettes chien Ultima Mini Adulte poulet - 1.35kg","p":4.89,"u":"3,62 €/KG","img":"https://fd5-photos.leclercdrive.fr/image.ashx?id=2926645&use=l&cat=p&typeid=i","cat":294526},{"id":182083,"n":"Rillettes de thon Petit Navire  Maxi format - 220g","p":2.78,"u":"12,64 €/KG","img":"https://fd5-photos.leclercdrive.fr/image.ashx?id=2519675&use=l&cat=p&typeid=i","cat":303867},{"id":182098,"n":"Panés Mozzarella Grand Fermage 100g","p":2.35,"u":"23,50 €/KG","img":"https://fd5-photos.leclercdrive.fr/image.ashx?id=2645209&use=l&cat=p&typeid=i","cat":314027},{"id":182107,"n":"DOC Prosecco Perlino vin Pétillant rosé - 75cl","p":6.3,"u":"8,40 €/L","img":"https://fd5-photos.leclercdrive.fr/image.ashx?id=2612784&use=l&cat=p&typeid=i","cat":289461},{"id":182132,"n":"Parmesan Râpé Giovanni Ferrari  22 mois AOP - 140g","p":3.54,"u":"25,29 €/KG","img":"https://fd5-photos.leclercdrive.fr/image.ashx?id=3002300&use=l&cat=p&typeid=i","cat":314035},{"id":182137,"n":"Cheddar Bristish Heritage AOP  Extra Mature Bloc - 200g","p":3.3,"u":"16,50 €/KG","img":"https://fd5-photos.leclercdrive.fr/image.ashx?id=2766535&use=l&cat=p&typeid=i","cat":314034},{"id":182138,"n":"Cheddar AOP British Heritage Mature 200g","p":5.19,"u":"25,95 €/KG","img":"https://fd5-photos.leclercdrive.fr/image.ashx?id=2343372&use=l&cat=p&typeid=i","cat":314034},{"id":182152,"n":"Emmental râpé fondant Président 350g","p":3.45,"u":"9,86 €/KG","img":"https://fd5-photos.leclercdrive.fr/image.ashx?id=2490599&use=l&cat=p&typeid=i","cat":314035},{"id":182157,"n":"Dentifrice enfants Bionaia Bio - 50ml","p":1.15,"u":"23,00 €/L","img":"https://fd5-photos.leclercdrive.fr/image.ashx?id=2498837&use=l&cat=p&typeid=i","cat":288898},{"id":182158,"n":"Galettes Normandes NRT Caramel - 100g","p":1.69,"pp":1.12,"u":"11,20 €/KG","img":"https://fd5-photos.leclercdrive.fr/image.ashx?id=2856618&use=l&cat=p&typeid=i","cat":284487},{"id":182159,"n":"Recharge gel lavant Bionaia Bio - abricot - 250ml","p":0.9,"u":"3,60 €/L","img":"https://fd5-photos.leclercdrive.fr/image.ashx?id=2935543&use=l&cat=p&typeid=i","cat":284597},{"id":182179,"n":"Boisson aux fruits Oasis Tropical - 1,5L","p":1.86,"u":"1,24 €/L","img":"https://fd5-photos.leclercdrive.fr/image.ashx?id=2666698&use=l&cat=p&typeid=i","cat":295018},{"id":182181,"n":"Sirop de Menthe Bio Village Bio - 50cl","p":2.45,"u":"4,90 €/L","img":"https://fd5-photos.leclercdrive.fr/image.ashx?id=2873189&use=l&cat=p&typeid=i","cat":295020},{"id":182218,"n":"Chips paysanne nature Lay's Sel - 155g","p":1.22,"u":"7,87 €/KG","img":"https://fd5-photos.leclercdrive.fr/image.ashx?id=2818602&use=l&cat=p&typeid=i","cat":284447},{"id":182241,"n":"Vin de Tunisie Beni M'Tir Sidi Brahim - Rouge 12% vol - 75cl","p":3.76,"u":"5,01 €/L","img":"https://fd5-photos.leclercdrive.fr/image.ashx?id=2344543&use=l&cat=p&typeid=i","cat":289556},{"id":182259,"n":"Chips ancienne nature Lay's Sel format familial - 295g","p":2.32,"u":"7,86 €/KG","img":"https://fd5-photos.leclercdrive.fr/image.ashx?id=2999243&use=l&cat=p&typeid=i","cat":284447},{"id":182260,"n":"Chips paysanne nature Lay's Sel format familial - 295g","p":2.32,"u":"7,86 €/KG","img":"https://fd5-photos.leclercdrive.fr/image.ashx?id=2848716&use=l&cat=p&typeid=i","cat":284447},{"id":182261,"n":"Lay's  Nature - 6x28g","p":1.84,"u":"10,95 €/KG","img":"https://fd5-photos.leclercdrive.fr/image.ashx?id=2996605&use=l&cat=p&typeid=i","cat":284447},{"id":182266,"n":"Shampooing sec Batiste Original - 200ml","p":3.25,"u":"16,25 €/L","img":"https://fd5-photos.leclercdrive.fr/image.ashx?id=2344046&use=l&cat=p&typeid=i","cat":289143},{"id":182267,"n":"Shampooing sec Batiste Blush - 200ml","p":3.25,"u":"16,25 €/L","img":"https://fd5-photos.leclercdrive.fr/image.ashx?id=2630454&use=l&cat=p&typeid=i","cat":289143},{"id":182315,"n":"Rillettes de thon Petit Navire Olives vertes - 125g","p":1.67,"u":"13,36 €/KG","img":"https://fd5-photos.leclercdrive.fr/image.ashx?id=2523924&use=l&cat=p&typeid=i","cat":303867},{"id":182340,"n":"Lait en poudre Guigoz Optipro 2ème âge - 6-12 mois - 830g","p":14.77,"u":"17,80 €/KG","img":"https://fd5-photos.leclercdrive.fr/image.ashx?id=2737747&use=l&cat=p&typeid=i","cat":284727},{"id":182342,"n":"Lait bébé en poudre Guigoz Gest 2ème âge - 6-12 mois - 830g","p":16.0,"u":"19,28 €/KG","img":"https://fd5-photos.leclercdrive.fr/image.ashx?id=2469478&use=l&cat=p&typeid=i","cat":284727},{"id":182362,"n":"Cheddar Bristish Heritage AOP  Extra Mature 5 Tranches - 125g","p":2.07,"u":"16,56 €/KG","img":"https://fd5-photos.leclercdrive.fr/image.ashx?id=2766532&use=l&cat=p&typeid=i","cat":314034},{"id":182364,"n":"Jambon sec Saint Azay Label Rouge - 6 tranches - 100g","p":3.69,"u":"36,90 €/KG","img":"https://fd5-photos.leclercdrive.fr/image.ashx?id=2345845&use=l&cat=p&typeid=i","cat":316007},{"id":182365,"n":"Jambon de Bayonne Saint Azay 4 tranches - 100g","p":2.48,"u":"24,80 €/KG","img":"https://fd5-photos.leclercdrive.fr/image.ashx?id=2345848&use=l&cat=p&typeid=i","cat":316007},{"id":182371,"n":"Mayonnaise bio Bio Village 238g","p":2.05,"u":"8,61 €/KG","img":"https://fd5-photos.leclercdrive.fr/image.ashx?id=2664872&use=l&cat=p&typeid=i","cat":298295},{"id":182373,"n":"Skyr Siggi's  Mangue Passion - 2x140g","p":1.93,"u":"6,89 €/KG","img":"https://fd5-photos.leclercdrive.fr/image.ashx?id=2792027&use=l&cat=p&typeid=i","cat":315000},{"id":182392,"n":"Soda Coca-Cola sans sucres Sans caféine - 6x33cl","p":4.44,"u":"2,24 €/L","img":"https://fd5-photos.leclercdrive.fr/image.ashx?id=2997232&use=l&cat=p&typeid=i","cat":284530},{"id":182402,"n":"Sirop de fraise Bio Village Bio - 50cl","p":2.55,"u":"5,10 €/L","img":"https://fd5-photos.leclercdrive.fr/image.ashx?id=2873195&use=l&cat=p&typeid=i","cat":295020},{"id":182465,"n":"Bière sans alcool Tourtel Twist Ananas 0,0° - 6x27,5cl","p":3.96,"u":"2,40 €/L","img":"https://fd5-photos.leclercdrive.fr/image.ashx?id=2684925&use=l&cat=p&typeid=i","cat":334877},{"id":182469,"n":"Gnocchi di Patate Rummo 500g","p":2.36,"u":"4,72 €/KG","img":"https://fd5-photos.leclercdrive.fr/image.ashx?id=2348213&use=l&cat=p&typeid=i","cat":333682},{"id":182470,"n":"Bière Gallia champ libre  12x33cl","p":17.76,"u":"4,48 €/L","img":"https://fd5-photos.leclercdrive.fr/image.ashx?id=2971209&use=l&cat=p&typeid=i","cat":334872},{"id":182479,"n":"Huile d'Olive Tramier Vierge  Extra Sans Pesticides 75cl","p":9.41,"u":"12,55 €/L","img":"https://fd5-photos.leclercdrive.fr/image.ashx?id=2647188&use=l&cat=p&typeid=i","cat":284453},{"id":182480,"n":"Lait bébé en poudre Guigoz Gest 1er âge - 0-6 mois - 830g","p":16.88,"u":"20,34 €/KG","img":"https://fd5-photos.leclercdrive.fr/image.ashx?id=2895047&use=l&cat=p&typeid=i","cat":284726},{"id":182481,"n":"Lait bébé Guigoz Pelargon  Poudre- 1er âge- 0-6 mois -780g","p":17.29,"u":"22,17 €/KG","img":"https://fd5-photos.leclercdrive.fr/image.ashx?id=2961308&use=l&cat=p&typeid=i","cat":284726},{"id":182490,"n":"Lait bébé Guigoz Pelargon Poudre- 2e âge- 6-12 mois -780g","p":16.78,"u":"21,51 €/KG","img":"https://fd5-photos.leclercdrive.fr/image.ashx?id=2347386&use=l&cat=p&typeid=i","cat":284727},{"id":182513,"n":"Café grains Ethiquable Guatemala Bio - 500g","p":9.57,"u":"19,14 €/KG","img":"https://fd5-photos.leclercdrive.fr/image.ashx?id=2971679&use=l&cat=p&typeid=i","cat":293237},{"id":182519,"n":"Croquettes petit chien Ultima  Adulte bœuf - 1,35kg","p":4.88,"u":"3,61 €/KG","img":"https://fd5-photos.leclercdrive.fr/image.ashx?id=2921909&use=l&cat=p&typeid=i","cat":294526},{"id":182542,"n":"Céréales Oreo 350g","p":4.25,"u":"12,14 €/KG","img":"https://fd5-photos.leclercdrive.fr/image.ashx?id=2764583&use=l&cat=p&typeid=i","cat":309513},{"id":182651,"n":"Sucre blond de canne Ethiquable poudre Bio Doypack 750g","p":4.15,"u":"5,53 €/KG","img":"https://fd5-photos.leclercdrive.fr/image.ashx?id=2875489&use=l&cat=p&typeid=i","cat":284502},{"id":182653,"n":"Purée Ethiquable mangue morceaux Pérou Bio  370g","p":3.26,"u":"8,81 €/KG","img":"https://fd5-photos.leclercdrive.fr/image.ashx?id=2876875&use=l&cat=p&typeid=i","cat":284480},{"id":182657,"n":"Huile de Colza Paysans d'ici Bretagne Bio - 75cl","p":5.96,"u":"7,95 €/L","img":"https://fd5-photos.leclercdrive.fr/image.ashx?id=2965217&use=l&cat=p&typeid=i","cat":284453},{"id":182692,"n":"Nappage Caramel Vahiné 200g","p":1.46,"u":"7,30 €/KG","img":"https://fd5-photos.leclercdrive.fr/image.ashx?id=2833336&use=l&cat=p&typeid=i","cat":284504},{"id":182713,"n":"IGP Pommes Alpes Haute Durance Nos Régions ont du Talent x4","p":2.49,"u":"0,62 €/P","img":"https://fd5-photos.leclercdrive.fr/image.ashx?id=2934850&use=l&cat=p&typeid=i","cat":284356},{"id":182749,"n":"Fromage Pié D'Angloys  200g","p":2.71,"u":"13,55 €/KG","img":"https://fd5-photos.leclercdrive.fr/image.ashx?id=2740562&use=l&cat=p&typeid=i","cat":329558},{"id":182791,"n":"Croquettes chiens adultes Poulet - 7kg","p":22.39,"u":"3,20 €/KG","img":"https://fd5-photos.leclercdrive.fr/image.ashx?id=2894968&use=l&cat=p&typeid=i","cat":294526},{"id":182792,"n":"Croquettes Ultima Junior Petit chien - 1.35kg","p":4.64,"u":"3,44 €/KG","img":"https://fd5-photos.leclercdrive.fr/image.ashx?id=2928903&use=l&cat=p&typeid=i","cat":294526},{"id":182799,"n":"Cumin Moulu Ducros 40g","p":2.4,"u":"60,00 €/KG","img":"https://fd5-photos.leclercdrive.fr/image.ashx?id=2983222&use=l&cat=p&typeid=i","cat":298297},{"id":182808,"n":"Croquettes chiens Ultima Mini Senior Agevital - 1.35kg","p":5.68,"u":"4,21 €/KG","img":"https://fd5-photos.leclercdrive.fr/image.ashx?id=2921918&use=l&cat=p&typeid=i","cat":294526},{"id":182814,"n":"Prosecco Perlino Bio Extra Dry - 75cl","p":6.19,"u":"8,25 €/L","img":"https://fd5-photos.leclercdrive.fr/image.ashx?id=2612781&use=l&cat=p&typeid=i","cat":289461},{"id":182820,"n":"Céréales Weetabix original  430g","p":2.72,"u":"6,33 €/KG","img":"https://fd5-photos.leclercdrive.fr/image.ashx?id=2853347&use=l&cat=p&typeid=i","cat":309512},{"id":182833,"n":"Biscuits sablés Guet Apens LU Chocolat noisette - 105g","p":1.62,"u":"15,43 €/KG","img":"https://fd5-photos.leclercdrive.fr/image.ashx?id=3002219&use=l&cat=p&typeid=i","cat":284487},{"id":182855,"n":"Saucisse de Strasbourg  Tradilège x10 - 350g","p":1.89,"u":"5,40 €/KG","img":"https://fd5-photos.leclercdrive.fr/image.ashx?id=2349382&use=l&cat=p&typeid=i","cat":316012},{"id":182887,"n":"Fromage à tartiner Boursin Ail & fines herbes - 150g","p":2.08,"u":"13,87 €/KG","img":"https://fd5-photos.leclercdrive.fr/image.ashx?id=2964449&use=l&cat=p&typeid=i","cat":314029},{"id":182888,"n":"Lait bébé poudre Guigoz Optipro 1er âge - 0-6mois - 830g","p":15.79,"u":"19,02 €/KG","img":"https://fd5-photos.leclercdrive.fr/image.ashx?id=2806423&use=l&cat=p&typeid=i","cat":284726},{"id":182894,"n":"Epice Sainte Lucie mélange italien  - 30g","p":1.86,"u":"62,00 €/KG","img":"https://fd5-photos.leclercdrive.fr/image.ashx?id=2975170&use=l&cat=p&typeid=i","cat":298297},{"id":182895,"n":"Badiane Sainte Lucie 15g","p":2.81,"u":"187,33 €/KG","img":"https://fd5-photos.leclercdrive.fr/image.ashx?id=2349782&use=l&cat=p&typeid=i","cat":298297},{"id":182896,"n":"Citronnelle lyophilisée 7g","p":2.14,"u":"305,71 €/KG","img":"https://fd5-photos.leclercdrive.fr/image.ashx?id=2349770&use=l&cat=p&typeid=i","cat":298297},{"id":182899,"n":"Mélange Tajine Sainte Lucie 30g","p":1.47,"u":"49,00 €/KG","img":"https://fd5-photos.leclercdrive.fr/image.ashx?id=2349785&use=l&cat=p&typeid=i","cat":298297},{"id":182905,"n":"Piment oiseaux Sainte Lucie 15g","p":1.79,"u":"119,33 €/KG","img":"https://fd5-photos.leclercdrive.fr/image.ashx?id=2974321&use=l&cat=p&typeid=i","cat":298297},{"id":182908,"n":"Sauge Sainte Lucie feuilles coupées - 15g","p":1.44,"u":"96,00 €/KG","img":"https://fd5-photos.leclercdrive.fr/image.ashx?id=2349779&use=l&cat=p&typeid=i","cat":298297},{"id":182910,"n":"Curry thai bio Céréal Bio  Lentilles repas express - 240g","p":2.66,"u":"11,08 €/KG","img":"https://fd5-photos.leclercdrive.fr/image.ashx?id=2664079&use=l&cat=p&typeid=i","cat":287600},{"id":182912,"n":"Yakisoba Céréal Bio   Bio légumes repas express 240g","p":2.48,"u":"10,33 €/KG","img":"https://fd5-photos.leclercdrive.fr/image.ashx?id=2665628&use=l&cat=p&typeid=i","cat":287600},{"id":182930,"n":"Aluminium Alfapac Gauffre 30M","p":4.32,"img":"https://fd5-photos.leclercdrive.fr/image.ashx?id=2655385&use=l&cat=p&typeid=i","cat":334134},{"id":182934,"n":"Sac de congélation Alfapac Curseur moyen modèle X10","p":3.03,"u":"0,30 €/P","img":"https://fd5-photos.leclercdrive.fr/image.ashx?id=2986347&use=l&cat=p&typeid=i","cat":334134},{"id":182938,"n":"Sauce crudités Caesar Amora 380ml","p":2.79,"u":"7,34 €/L","img":"https://fd5-photos.leclercdrive.fr/image.ashx?id=2655223&use=l&cat=p&typeid=i","cat":284456},{"id":182939,"n":"Chips Tuiles Pringles Barbecue - 175g","p":2.13,"u":"12,17 €/KG","img":"https://fd5-photos.leclercdrive.fr/image.ashx?id=2662502&use=l&cat=p&typeid=i","cat":287899},{"id":182940,"n":"Café Soluble Carte Noire  Sticks Maxi Format - x80 - 55g","p":7.88,"u":"54,72 €/KG","img":"https://fd5-photos.leclercdrive.fr/image.ashx?id=2866100&use=l&cat=p&typeid=i","cat":284843},{"id":182951,"n":"Coteaux d'Aix en Provence Rosé Prestige Château Magnan 75cl","p":5.95,"u":"7,93 €/L","img":"https://fd5-photos.leclercdrive.fr/image.ashx?id=2763658&use=l&cat=p&typeid=i","cat":289558},{"id":182963,"n":"Glace Trium Vanille - x4 - 294g","p":3.27,"u":"11,12 €/KG","img":"https://fd5-photos.leclercdrive.fr/image.ashx?id=2911714&use=l&cat=p&typeid=i","cat":284265},{"id":182966,"n":"Mini bâtonnets Trium Vanille Caramel beurre salé x8 - 294g","p":2.99,"u":"10,17 €/KG","img":"https://fd5-photos.leclercdrive.fr/image.ashx?id=2791347&use=l&cat=p&typeid=i","cat":284265},{"id":183049,"n":"Masque Tissu Skinactive Garnier Booster d'éclat Vitamine C","p":2.5,"img":"https://fd5-photos.leclercdrive.fr/image.ashx?id=2849100&use=l&cat=p&typeid=i","cat":325346},{"id":183104,"n":"Nutella Biscuit pâte à tartiner Cacao Noisettes - 207g","p":2.37,"u":"11,45 €/KG","img":"https://fd5-photos.leclercdrive.fr/image.ashx?id=2834035&use=l&cat=p&typeid=i","cat":284488},{"id":183105,"n":"Eau gazeuse San Pellegrino Essenza citron - 6x33cL","p":2.82,"u":"1,42 €/L","img":"https://fd5-photos.leclercdrive.fr/image.ashx?id=2864203&use=l&cat=p&typeid=i","cat":284536},{"id":183106,"n":"Eau gazeuse San Pellegrino Essenza sanguine - 6x33cl","p":3.54,"u":"1,79 €/L","img":"https://fd5-photos.leclercdrive.fr/image.ashx?id=2852010&use=l&cat=p&typeid=i","cat":284536},{"id":183107,"n":"Eau gazeuse San Pellegrino Essenza Pêche melon - 6x33cl","p":3.05,"u":"1,54 €/L","img":"https://fd5-photos.leclercdrive.fr/image.ashx?id=2997292&use=l&cat=p&typeid=i","cat":284536},{"id":183117,"n":"Boisson Citronnade Pulco Saveur Citron et Framboise - 1L","p":1.7,"u":"1,70 €/L","img":"https://fd5-photos.leclercdrive.fr/image.ashx?id=2942266&use=l&cat=p&typeid=i","cat":295018},{"id":183128,"n":"Epinards hachés à la crème  Findus légume - 500g","p":2.18,"u":"4,36 €/KG","img":"https://fd5-photos.leclercdrive.fr/image.ashx?id=3008767&use=l&cat=p&typeid=i","cat":319805},{"id":183129,"n":"Epinards Légumes Findus branches à la crème - 480g","p":2.48,"u":"5,17 €/KG","img":"https://fd5-photos.leclercdrive.fr/image.ashx?id=2937349&use=l&cat=p&typeid=i","cat":319805},{"id":183130,"n":"Epinards hachés Findus À la crème fraîche - 900g","p":2.99,"u":"3,32 €/KG","img":"https://fd5-photos.leclercdrive.fr/image.ashx?id=2904245&use=l&cat=p&typeid=i","cat":319805},{"id":183134,"n":"Muffins complet Jacquet x4 - 245g","p":2.13,"u":"8,69 €/KG","img":"https://fd5-photos.leclercdrive.fr/image.ashx?id=2894791&use=l&cat=p&typeid=i","cat":284477},{"id":183136,"n":"Gâteaux Savane Brossard À base de yaourt - 7x30g","p":2.49,"u":"11,86 €/KG","img":"https://fd5-photos.leclercdrive.fr/image.ashx?id=2870725&use=l&cat=p&typeid=i","cat":284495},{"id":183138,"n":"Brownie Familial Brossard Chocolat Noisette - 285g","p":3.4,"u":"11,93 €/KG","img":"https://fd5-photos.leclercdrive.fr/image.ashx?id=2977495&use=l&cat=p&typeid=i","cat":294776},{"id":183139,"n":"Mini cakes aux fruits Brossard 10x30g","p":3.91,"u":"13,03 €/KG","img":"https://fd5-photos.leclercdrive.fr/image.ashx?id=2976827&use=l&cat=p&typeid=i","cat":284493},{"id":183172,"n":"Emietté de thon Petit Navire Vinaigre balsamique - 110g","p":2.37,"u":"21,55 €/KG","img":"https://fd5-photos.leclercdrive.fr/image.ashx?id=2682860&use=l&cat=p&typeid=i","cat":303867},{"id":183175,"n":"Isey Skyr Framboise Myrtille - 400g","p":3.19,"u":"7,98 €/KG","img":"https://fd5-photos.leclercdrive.fr/image.ashx?id=2598612&use=l&cat=p&typeid=i","cat":315000},{"id":183190,"n":"Pile alcaline Varta Longlife Power C - x2","p":4.95,"u":"2,48 €/P","img":"https://fd5-photos.leclercdrive.fr/image.ashx?id=2354950&use=l&cat=p&typeid=i","cat":300572},{"id":183251,"n":"Skinactive Creme Vitamine C  50ml","p":7.1,"u":"142,00 €/L","img":"https://fd5-photos.leclercdrive.fr/image.ashx?id=2520497&use=l&cat=p&typeid=i","cat":null},{"id":183255,"n":"Crème Corps Apaisante Superfood  Aloe vera Magnésium - 380ml","p":7.66,"u":"20,16 €/L","img":"https://fd5-photos.leclercdrive.fr/image.ashx?id=2371206&use=l&cat=p&typeid=i","cat":325350},{"id":183259,"n":"Crème Corps Avocat Superfood Peaux sèches - 380ml","p":7.01,"u":"18,45 €/L","img":"https://fd5-photos.leclercdrive.fr/image.ashx?id=2867551&use=l&cat=p&typeid=i","cat":325350},{"id":183260,"n":"Crème corps hydratant Superfood Peaux très sèches - 380ml","p":7.28,"u":"19,16 €/L","img":"https://fd5-photos.leclercdrive.fr/image.ashx?id=2360812&use=l&cat=p&typeid=i","cat":325350},{"id":183261,"n":"Skinactive Vitamine C Serum  Citron - 50 ml","p":10.12,"u":"202,40 €/L","img":"https://fd5-photos.leclercdrive.fr/image.ashx?id=2549026&use=l&cat=p&typeid=i","cat":null},{"id":183262,"n":"Sérum Éclat Vitamine C Garnier Anti-taches - 30ml","p":10.86,"u":"362,00 €/L","img":"https://fd5-photos.leclercdrive.fr/image.ashx?id=2908180&use=l&cat=p&typeid=i","cat":325345},{"id":183357,"n":"Cœurs de Palmiers Rochefontaine - 220g","p":3.74,"u":"17,00 €/KG","img":"https://fd5-photos.leclercdrive.fr/image.ashx?id=2650513&use=l&cat=p&typeid=i","cat":312611},{"id":183391,"n":"Fraisoo' bool 200g","p":1.75,"u":"8,75 €/KG","img":"https://fd5-photos.leclercdrive.fr/image.ashx?id=2454172&use=l&cat=p&typeid=i","cat":304250},{"id":183395,"n":"Huile d'olive Puget 75cl","p":9.47,"u":"12,63 €/L","img":"https://fd5-photos.leclercdrive.fr/image.ashx?id=2460925&use=l&cat=p&typeid=i","cat":284453},{"id":183414,"n":"Croquettes Ultima Light Petit chien - 1,35kg","p":4.81,"u":"3,56 €/KG","img":"https://fd5-photos.leclercdrive.fr/image.ashx?id=2921912&use=l&cat=p&typeid=i","cat":294526},{"id":183416,"n":"Bière Brewdog Hazy Jane 33cl","p":2.03,"u":"6,15 €/L","img":"https://fd5-photos.leclercdrive.fr/image.ashx?id=2994551&use=l&cat=p&typeid=i","cat":334872},{"id":183496,"n":"Brocolis fleurette Notre Jardin 900g","p":1.99,"u":"2,21 €/KG","img":"https://fd5-photos.leclercdrive.fr/image.ashx?id=2873168&use=l&cat=p&typeid=i","cat":319805},{"id":183520,"n":"Déodorant Spray Rexona Anti- Transpirant 72H Invisible 200ml","p":3.45,"u":"17,25 €/L","img":"https://fd5-photos.leclercdrive.fr/image.ashx?id=2850306&use=l&cat=p&typeid=i","cat":284595},{"id":183523,"n":"Rexona Déodorant Femme Spray   72H Musc 200ml","p":3.2,"u":"16,00 €/L","img":"https://fd5-photos.leclercdrive.fr/image.ashx?id=2850312&use=l&cat=p&typeid=i","cat":284595},{"id":183526,"n":"Rexona Déodorant Femme Spray Anti-Transpirant 72H","p":3.54,"u":"17,70 €/L","img":"https://fd5-photos.leclercdrive.fr/image.ashx?id=2850309&use=l&cat=p&typeid=i","cat":284595},{"id":183581,"n":"Thon Le Savoureux Huile olive vierge extra -2x80g","p":5.04,"u":"31,50 €/KG","img":"https://fd5-photos.leclercdrive.fr/image.ashx?id=2359231&use=l&cat=p&typeid=i","cat":303867},{"id":183637,"n":"IGP Ile de Beauté Vin rouge Domaine Terra Vecchia - 75cl","p":6.08,"u":"8,11 €/L","img":"https://fd5-photos.leclercdrive.fr/image.ashx?id=2362894&use=l&cat=p&typeid=i","cat":289556},{"id":183840,"n":"Curcuma moulu Ducros 45g","p":1.94,"u":"43,11 €/KG","img":"https://fd5-photos.leclercdrive.fr/image.ashx?id=2486644&use=l&cat=p&typeid=i","cat":298297},{"id":183848,"n":"Dissolvant Maybelline New York Express sans acétone - 125ml","p":2.99,"u":"23,92 €/L","img":"https://fd5-photos.leclercdrive.fr/image.ashx?id=2358123&use=l&cat=p&typeid=i","cat":325347},{"id":183849,"n":"Déodorant L'Arbre Vert Argan   Hamamélis - 50ml","p":2.91,"u":"58,20 €/L","img":"https://fd5-photos.leclercdrive.fr/image.ashx?id=2862491&use=l&cat=p&typeid=i","cat":284595},{"id":183850,"n":"Lingettes désinfectantes St  Marc Anti-Bactériennes - x30","p":1.63,"u":"0,05 €/P","img":"https://fd5-photos.leclercdrive.fr/image.ashx?id=2358198&use=l&cat=p&typeid=i","cat":null},{"id":183851,"n":"Lingettes désinfectantes St  Marc Soleil de Corse - x30","p":1.61,"u":"0,05 €/P","img":"https://fd5-photos.leclercdrive.fr/image.ashx?id=2358201&use=l&cat=p&typeid=i","cat":325358},{"id":183854,"n":"Déodorant Rexona Men anti transpirant Cobalt Dry - 200ml","p":3.19,"u":"15,95 €/L","img":"https://fd5-photos.leclercdrive.fr/image.ashx?id=2858711&use=l&cat=p&typeid=i","cat":284618},{"id":183856,"n":"Yaourt Gourmand Mamie Nova Mandarine Citron x2 - 300g","p":1.29,"u":"4,30 €/KG","img":"https://fd5-photos.leclercdrive.fr/image.ashx?id=2879053&use=l&cat=p&typeid=i","cat":284410},{"id":183857,"n":"Gel Douche Le Petit Marseillais  Lait d'amande douce - 650ml","p":3.19,"u":"4,91 €/L","img":"https://fd5-photos.leclercdrive.fr/image.ashx?id=2684197&use=l&cat=p&typeid=i","cat":284594},{"id":183858,"n":"Coeur de Liégeois Mamie Nova Cappuccino x2 - 240g","p":1.73,"u":"7,21 €/KG","img":"https://fd5-photos.leclercdrive.fr/image.ashx?id=2909026&use=l&cat=p&typeid=i","cat":285042},{"id":183862,"n":"Bloc WC Bref Brilliant Gel Toilettes propres - 42g x1","p":2.44,"u":"58,10 €/KG","img":"https://fd5-photos.leclercdrive.fr/image.ashx?id=2976782&use=l&cat=p&typeid=i","cat":284662},{"id":183866,"n":"Dentifrice blancheur Colgate Max white one - 75ml","p":2.18,"u":"29,07 €/L","img":"https://fd5-photos.leclercdrive.fr/image.ashx?id=2767255&use=l&cat=p&typeid=i","cat":284612},{"id":183873,"n":"Détachant poudre Vanish  Stop Odeurs - 470g","p":5.01,"u":"10,66 €/KG","img":"https://fd5-photos.leclercdrive.fr/image.ashx?id=2679936&use=l&cat=p&typeid=i","cat":284651},{"id":183877,"n":"Désodorisant diffuseur Airwick  Electrique Vanille - 19ml","p":3.77,"u":"198,42 €/L","img":"https://fd5-photos.leclercdrive.fr/image.ashx?id=2768237&use=l&cat=p&typeid=i","cat":311629},{"id":183888,"n":"Bière blonde Corona Cero 0,0% - 6x33cl","p":7.92,"u":"4,00 €/L","img":"https://fd5-photos.leclercdrive.fr/image.ashx?id=2526496&use=l&cat=p&typeid=i","cat":334877},{"id":183907,"n":"Dentifrice blancheur Colgate Max white optic - 75ml","p":3.13,"u":"41,73 €/L","img":"https://fd5-photos.leclercdrive.fr/image.ashx?id=2738395&use=l&cat=p&typeid=i","cat":284612},{"id":183910,"n":"Perles de Cire Chaude Expert  Veet A la Cire d'abeille 250ml","p":6.78,"u":"29,48 €/KG","img":"https://fd5-photos.leclercdrive.fr/image.ashx?id=2960678&use=l&cat=p&typeid=i","cat":325351},{"id":183913,"n":"Crème dépilatoire Zones Intimes Veet Men 100+50ml","p":6.73,"u":"44,87 €/L","img":"https://fd5-photos.leclercdrive.fr/image.ashx?id=2964971&use=l&cat=p&typeid=i","cat":284617},{"id":183915,"n":"Shampooing Nat&Nove Bio Nutrition cheveux secs - 250 ml","p":4.8,"u":"19,20 €/L","img":"https://fd5-photos.leclercdrive.fr/image.ashx?id=2583153&use=l&cat=p&typeid=i","cat":284606},{"id":183917,"n":"Huile Miraculeuse Expert Veet Pré et Post Epilation 100ml","p":7.98,"u":"79,80 €/L","img":"https://fd5-photos.leclercdrive.fr/image.ashx?id=2828547&use=l&cat=p&typeid=i","cat":325351},{"id":183918,"n":"Linguine Alpina Savoie Collection 1844 - 500g","p":2.05,"u":"4,10 €/KG","img":"https://fd5-photos.leclercdrive.fr/image.ashx?id=2358159&use=l&cat=p&typeid=i","cat":284427},{"id":183930,"n":"Nettoyant Maison Verte  Mutli-usage écologique -750ml","p":2.74,"u":"3,65 €/L","img":"https://fd5-photos.leclercdrive.fr/image.ashx?id=2872934&use=l&cat=p&typeid=i","cat":325357},{"id":183935,"n":"Fond de Teint L'Oréal Paris Infaillible 24H 130 Beige Peau","p":15.99,"pp":10.55,"img":"https://fd5-photos.leclercdrive.fr/image.ashx?id=2358183&use=l&cat=p&typeid=i","cat":287029},{"id":183937,"n":"Sachets armoire Soupline Grand  air - x3","p":3.06,"u":"1,02 €/P","img":"https://fd5-photos.leclercdrive.fr/image.ashx?id=2944470&use=l&cat=p&typeid=i","cat":325302},{"id":184000,"n":"Déodorant L'Arbre Vert Fleurs de cerisiers, Hamamélis - 50ml","p":3.11,"u":"62,20 €/L","img":"https://fd5-photos.leclercdrive.fr/image.ashx?id=2865824&use=l&cat=p&typeid=i","cat":284595},{"id":184005,"n":"Gel Douche Le Petit Marseillais  Fleur d'oranger - 650ml","p":3.26,"u":"5,02 €/L","img":"https://fd5-photos.leclercdrive.fr/image.ashx?id=2684533&use=l&cat=p&typeid=i","cat":284594},{"id":184009,"n":"Gel WC Canard Forêt Aquatique - 750ml","p":2.29,"u":"3,05 €/L","img":"https://fd5-photos.leclercdrive.fr/image.ashx?id=2746313&use=l&cat=p&typeid=i","cat":284662},{"id":184027,"n":"Cassolette merlu blanc saumon D'Aucy - 300g","p":2.59,"u":"8,63 €/KG","img":"https://fd5-photos.leclercdrive.fr/image.ashx?id=2358357&use=l&cat=p&typeid=i","cat":284953},{"id":184071,"n":"Infusion Twinings Ayurveda pêche vanille fleur oranger x20","p":2.68,"u":"89,33 €/KG","img":"https://fd5-photos.leclercdrive.fr/image.ashx?id=2922122&use=l&cat=p&typeid=i","cat":293234},{"id":184096,"n":"Barre de céréales Trésor Stix Chocolat noisettes - 5x20,5g","p":2.19,"u":"21,47 €/KG","img":"https://fd5-photos.leclercdrive.fr/image.ashx?id=2358647&use=l&cat=p&typeid=i","cat":284488},{"id":184101,"n":"Compotes Pom'Potes Gourdes  5 Fruits Rouges&Oranges -20x90g","p":9.07,"u":"5,04 €/KG","img":"https://fd5-photos.leclercdrive.fr/image.ashx?id=3010933&use=l&cat=p&typeid=i","cat":284508},{"id":184140,"n":"Café dosettes Tassimo Café Long Classique x21","p":6.61,"u":"46,88 €/KG","img":"https://fd5-photos.leclercdrive.fr/image.ashx?id=2360242&use=l&cat=p&typeid=i","cat":293240},{"id":184141,"n":"Desserts Lactés P'TIT BRASSE Mangue 6M+ - 4x90g","p":1.9,"u":"5,28 €/KG","img":"https://fd5-photos.leclercdrive.fr/image.ashx?id=2594226&use=l&cat=p&typeid=i","cat":312392},{"id":184142,"n":"Desserts Lactés P'TIT BRASSE Fruits rouges 6M+ - 4x90g","p":1.93,"u":"5,36 €/KG","img":"https://fd5-photos.leclercdrive.fr/image.ashx?id=2599943&use=l&cat=p&typeid=i","cat":312392},{"id":184143,"n":"Desserts Lactés P'TIT BRASSE Fraise banane 6M+ - 4x90g","p":1.92,"u":"5,33 €/KG","img":"https://fd5-photos.leclercdrive.fr/image.ashx?id=2594229&use=l&cat=p&typeid=i","cat":312392},{"id":184145,"n":"Galettes bretonnes sarrasin NRT 100g","p":1.89,"u":"18,90 €/KG","img":"https://fd5-photos.leclercdrive.fr/image.ashx?id=2622356&use=l&cat=p&typeid=i","cat":284487},{"id":184148,"n":"Biscuits croquants Délichoc Chocolat au lait - 150g","p":1.72,"u":"11,47 €/KG","img":"https://fd5-photos.leclercdrive.fr/image.ashx?id=2867365&use=l&cat=p&typeid=i","cat":284488},{"id":184181,"n":"Purée mangue bébé Good Goût bio - 120g - dès 4 mois","p":1.54,"u":"12,83 €/KG","img":"https://fd5-photos.leclercdrive.fr/image.ashx?id=2640707&use=l&cat=p&typeid=i","cat":312387},{"id":184182,"n":"Purée poire bébé Good Goût bio - 120g - dès 4 mois","p":1.44,"u":"12,00 €/L","img":"https://fd5-photos.leclercdrive.fr/image.ashx?id=2640043&use=l&cat=p&typeid=i","cat":312387},{"id":184192,"n":"Purée fraise banane bébé Good Goût bio - 120g - dès 4 mois","p":1.48,"u":"12,33 €/KG","img":"https://fd5-photos.leclercdrive.fr/image.ashx?id=2640046&use=l&cat=p&typeid=i","cat":312387},{"id":184193,"n":"Barres Chocolatées KINDER Maxi Chocolat au Lait x4 - 84g","p":1.94,"u":"23,10 €/KG","img":"https://fd5-photos.leclercdrive.fr/image.ashx?id=2964027&use=l&cat=p&typeid=i","cat":284498},{"id":184206,"n":"Mayonnaise Rustica au citron - 235g","p":1.49,"u":"6,34 €/KG","img":"https://fd5-photos.leclercdrive.fr/image.ashx?id=2509116&use=l&cat=p&typeid=i","cat":298295},{"id":184207,"n":"Lait de suite Hipp Biologique  Bio 600g - 10 mois à 3 ans","p":9.54,"u":"15,90 €/KG","img":"https://fd5-photos.leclercdrive.fr/image.ashx?id=2926825&use=l&cat=p&typeid=i","cat":290219},{"id":184208,"n":"Echalote Ducros  1ère Saveur - 10g","p":2.71,"u":"271,00 €/KG","img":"https://fd5-photos.leclercdrive.fr/image.ashx?id=2490506&use=l&cat=p&typeid=i","cat":298297},{"id":184305,"n":"Carré de porc sans os L'Atelier Boucherie x10 - 440g","p":4.94,"u":"11,23 €/KG","img":"https://fd5-photos.leclercdrive.fr/image.ashx?id=2932701&use=l&cat=p&typeid=i","cat":284331},{"id":184307,"n":"Côtes de porc première L'Atelier Boucherie x2 - 300g","p":2.7,"u":"9,00 €/KG","img":"https://fd5-photos.leclercdrive.fr/image.ashx?id=2930552&use=l&cat=p&typeid=i","cat":284331},{"id":184308,"n":"Côtes de porc échine L'Atelier Boucherie x4 - 680g","p":5.14,"u":"7,56 €/KG","img":"https://fd5-photos.leclercdrive.fr/image.ashx?id=2930555&use=l&cat=p&typeid=i","cat":284331},{"id":184310,"n":"Entrecôte de boeuf*** L'Atelier Boucherie x1 - 200g","p":6.09,"u":"30,45 €/KG","img":"https://fd5-photos.leclercdrive.fr/image.ashx?id=2913781&use=l&cat=p&typeid=i","cat":284328},{"id":184312,"n":"Faux-filet de boeuf*** L'Atelier Boucherie x1 - 180g","p":4.99,"u":"27,72 €/KG","img":"https://fd5-photos.leclercdrive.fr/image.ashx?id=2913784&use=l&cat=p&typeid=i","cat":284328},{"id":184315,"n":"Steak de boeuf** L'Atelier Boucherie x2 - 260g","p":5.39,"u":"20,73 €/KG","img":"https://fd5-photos.leclercdrive.fr/image.ashx?id=2930582&use=l&cat=p&typeid=i","cat":284328},{"id":184316,"n":"Bavette d'Aloyau*** L'Atelier Boucherie x1 - 150g","p":4.95,"u":"33,00 €/KG","img":"https://fd5-photos.leclercdrive.fr/image.ashx?id=2930585&use=l&cat=p&typeid=i","cat":284328},{"id":184317,"n":"Rumsteck en tournedos*** L'Atelier Boucherie x2 - 280g","p":7.19,"u":"25,68 €/KG","img":"https://fd5-photos.leclercdrive.fr/image.ashx?id=2930588&use=l&cat=p&typeid=i","cat":284328},{"id":184318,"n":"Rôti de boeuf*** L'Atelier Boucherie - 600g","p":14.39,"u":"23,98 €/KG","img":"https://fd5-photos.leclercdrive.fr/image.ashx?id=2930591&use=l&cat=p&typeid=i","cat":284328},{"id":184319,"n":"Pièce à fondue / Brochette L'Atelier Boucherie - 500g","p":12.99,"u":"25,98 €/KG","img":"https://fd5-photos.leclercdrive.fr/image.ashx?id=2930594&use=l&cat=p&typeid=i","cat":284328},{"id":184320,"n":"Rôti de porc L'Atelier Boucherie - 600g","p":7.99,"u":"13,32 €/KG","img":"https://fd5-photos.leclercdrive.fr/image.ashx?id=2953749&use=l&cat=p&typeid=i","cat":284331},{"id":184321,"n":"Filet mignon de porc L'Atelier Boucherie x2 - 990g","p":13.59,"u":"13,73 €/KG","img":"https://fd5-photos.leclercdrive.fr/image.ashx?id=2932704&use=l&cat=p&typeid=i","cat":284331},{"id":184322,"n":"Escalope de veau*** L'Atelier Boucherie x2 - 260g","p":6.99,"u":"26,88 €/KG","img":"https://fd5-photos.leclercdrive.fr/image.ashx?id=2930597&use=l&cat=p&typeid=i","cat":284329},{"id":184323,"n":"Sauté de veau*** à mijoter L'Atelier Boucherie - 500g","p":9.99,"u":"19,98 €/KG","img":"https://fd5-photos.leclercdrive.fr/image.ashx?id=2930600&use=l&cat=p&typeid=i","cat":284329},{"id":184325,"n":"Haché de poulet Crispy Aldelis x2 - 240g","p":4.11,"u":"17,13 €/KG","img":"https://fd5-photos.leclercdrive.fr/image.ashx?id=2814148&use=l&cat=p&typeid=i","cat":333684},{"id":184353,"n":"Soda Coca-Cola Vanille Canette - Pack 6x33CL","p":4.94,"u":"2,49 €/L","img":"https://fd5-photos.leclercdrive.fr/image.ashx?id=2997238&use=l&cat=p&typeid=i","cat":284530},{"id":184355,"n":"Boisson énergisante Red Bull  Goût Fruit du Dragon, 250ml","p":1.3,"u":"5,20 €/L","img":"https://fd5-photos.leclercdrive.fr/image.ashx?id=3011992&use=l&cat=p&typeid=i","cat":284533},{"id":184396,"n":"Vanille en poudre Vahiné - 5g","p":7.14,"img":"https://fd5-photos.leclercdrive.fr/image.ashx?id=2559856&use=l&cat=p&typeid=i","cat":284504},{"id":184402,"n":"Lait 1 Hipp Biologique Bio essentia 600g-de 0 à 6 mois","p":11.12,"u":"18,53 €/KG","img":"https://fd5-photos.leclercdrive.fr/image.ashx?id=2926819&use=l&cat=p&typeid=i","cat":284726},{"id":184403,"n":"Lait 2 Hipp Biologique Bio essentia 600g - dès 6 mois","p":10.51,"u":"17,52 €/KG","img":"https://fd5-photos.leclercdrive.fr/image.ashx?id=2926822&use=l&cat=p&typeid=i","cat":284727},{"id":184406,"n":"Romarin de Provence Ducros - 18g","p":2.02,"u":"112,22 €/KG","img":"https://fd5-photos.leclercdrive.fr/image.ashx?id=2486614&use=l&cat=p&typeid=i","cat":298297},{"id":184411,"n":"Croquettes chiens Ultima mini stérilisé poulet - 1,35kg","p":4.89,"u":"3,62 €/KG","img":"https://fd5-photos.leclercdrive.fr/image.ashx?id=2902184&use=l&cat=p&typeid=i","cat":294526},{"id":184415,"n":"Bière La Cristal IPA Brasserie du Mont Blanc - 33cl","p":1.91,"u":"5,79 €/L","img":"https://fd5-photos.leclercdrive.fr/image.ashx?id=2432980&use=l&cat=p&typeid=i","cat":334872},{"id":184420,"n":"Sirop de citron Eco+ - 1L","p":1.66,"u":"1,66 €/L","img":"https://fd5-photos.leclercdrive.fr/image.ashx?id=2901416&use=l&cat=p&typeid=i","cat":295020},{"id":184426,"n":"Bière Desperados Virgin fresh berries - 00%vol - 3x33cl","p":3.43,"u":"3,46 €/L","img":"https://fd5-photos.leclercdrive.fr/image.ashx?id=2935927&use=l&cat=p&typeid=i","cat":334877},{"id":184427,"n":"Thé glacé Oasis Ice Tea Saveur Pêche - 1,5L","p":1.69,"u":"1,13 €/L","img":"https://fd5-photos.leclercdrive.fr/image.ashx?id=2688836&use=l&cat=p&typeid=i","cat":295019},{"id":184429,"n":"Boisson aux fruits Oasis Goût Fraise Framboise - 6x33cl","p":4.26,"u":"2,15 €/L","img":"https://fd5-photos.leclercdrive.fr/image.ashx?id=2681715&use=l&cat=p&typeid=i","cat":295018},{"id":184431,"n":"Boisson aux fruits Oasis Saveur Pomme Poire - 2L","p":2.19,"u":"1,10 €/L","img":"https://fd5-photos.leclercdrive.fr/image.ashx?id=3014455&use=l&cat=p&typeid=i","cat":295018},{"id":184432,"n":"Boisson orange brick Eco+ - 6x20cl","p":1.39,"u":"1,16 €/L","img":"https://fd5-photos.leclercdrive.fr/image.ashx?id=2863096&use=l&cat=p&typeid=i","cat":284521},{"id":184462,"n":"AOP Champagne brut majeur blanc Champagne Ayala 75cl","p":45.0,"u":"60,00 €/L","img":"https://fd5-photos.leclercdrive.fr/image.ashx?id=2962149&use=l&cat=p&typeid=i","cat":284542},{"id":184490,"n":"Sardine Parmentier  Sauce Arrabiata - 135g","p":1.73,"u":"12,81 €/KG","img":"https://fd5-photos.leclercdrive.fr/image.ashx?id=2961840&use=l&cat=p&typeid=i","cat":305146},{"id":184491,"n":"Sardine Parmentier Sans arêtes au naturel 135g","p":2.13,"u":"15,78 €/KG","img":"https://fd5-photos.leclercdrive.fr/image.ashx?id=2831336&use=l&cat=p&typeid=i","cat":305146},{"id":184509,"n":"AOP Effervescent Champagne rosé Champagne pommery brut rosé BRI","p":39.89,"u":"53,19 €/L","img":"https://fd5-photos.leclercdrive.fr/image.ashx?id=2364222&use=l&cat=p&typeid=i","cat":284542},{"id":184527,"n":"Semoule au lait de coco Andros Vanille de Madagascar - 4x100g","p":3.15,"u":"7,88 €/KG","img":"https://fd5-photos.leclercdrive.fr/image.ashx?id=2871988&use=l&cat=p&typeid=i","cat":316071},{"id":184540,"n":"Fromage Fouetté Nature à tartiner Les Croisés - 150g","p":1.41,"u":"9,40 €/KG","img":"https://fd5-photos.leclercdrive.fr/image.ashx?id=2662634&use=l&cat=p&typeid=i","cat":314029},{"id":184548,"n":"Dessert Liégeois Délisse Café noisette - 4x100g","p":1.39,"u":"3,48 €/KG","img":"https://fd5-photos.leclercdrive.fr/image.ashx?id=2602370&use=l&cat=p&typeid=i","cat":285042},{"id":184550,"n":"Douche gommage Cottage Sucre et pomme bio - 270ml","p":3.51,"u":"13,00 €/L","img":"https://fd5-photos.leclercdrive.fr/image.ashx?id=2362567&use=l&cat=p&typeid=i","cat":284594},{"id":184551,"n":"Lessive en poudre Xeor fraîcheur x50 - 2.5kg","p":5.99,"u":"2,40 €/KG","img":"https://fd5-photos.leclercdrive.fr/image.ashx?id=2450101&use=l&cat=p&typeid=i","cat":284642},{"id":184553,"n":"Blocs WC Syphon fraîcheur marine x2 - 110g","p":2.0,"u":"18,18 €/KG","img":"https://fd5-photos.leclercdrive.fr/image.ashx?id=2670359&use=l&cat=p&typeid=i","cat":284662},{"id":184555,"n":"Blocs WC Syphon fraîcheur pin - x2","p":2.09,"u":"1,05 €/P","img":"https://fd5-photos.leclercdrive.fr/image.ashx?id=2670362&use=l&cat=p&typeid=i","cat":284662},{"id":184559,"n":"Liquide vaisselle Paic Eucalyptus - 750ml","p":2.53,"u":"3,37 €/L","img":"https://fd5-photos.leclercdrive.fr/image.ashx?id=2363243&use=l&cat=p&typeid=i","cat":284655},{"id":184561,"n":"Glaces Kinder Bueno x4 noisettes chocolat blanc - 248g","p":3.61,"u":"14,56 €/KG","img":"https://fd5-photos.leclercdrive.fr/image.ashx?id=2759071&use=l&cat=p&typeid=i","cat":284264},{"id":184566,"n":"Boisson végétale Bio Village Noisette bio - 1l","p":1.87,"u":"1,87 €/L","img":"https://fd5-photos.leclercdrive.fr/image.ashx?id=2362504&use=l&cat=p&typeid=i","cat":316067},{"id":184568,"n":"Muesli croustillant Bio village Bio Chocolat quinoa - 500g","p":4.2,"u":"8,40 €/KG","img":"https://fd5-photos.leclercdrive.fr/image.ashx?id=2720196&use=l&cat=p&typeid=i","cat":309512},{"id":184569,"n":"Muesli croustillant Bio Village Bio Chocolat - 500g","p":3.72,"u":"7,44 €/KG","img":"https://fd5-photos.leclercdrive.fr/image.ashx?id=2559984&use=l&cat=p&typeid=i","cat":309512},{"id":184570,"n":"Muesli croustillant Bio village 3 noix Bio - 500g","p":3.36,"u":"6,72 €/KG","img":"https://fd5-photos.leclercdrive.fr/image.ashx?id=2591488&use=l&cat=p&typeid=i","cat":309512},{"id":184571,"n":"Sauce barbecue Amora 285g","p":1.7,"u":"5,96 €/KG","img":"https://fd5-photos.leclercdrive.fr/image.ashx?id=3004447&use=l&cat=p&typeid=i","cat":318431},{"id":184583,"n":"Brumisateur Evian - 150ml","p":2.69,"u":"17,93 €/L","img":"https://fd5-photos.leclercdrive.fr/image.ashx?id=2862500&use=l&cat=p&typeid=i","cat":290295},{"id":184584,"n":"Brumisateur Evian - 400ml","p":3.52,"u":"8,80 €/L","img":"https://fd5-photos.leclercdrive.fr/image.ashx?id=2363431&use=l&cat=p&typeid=i","cat":290295},{"id":184620,"n":"AOP Gewurztraminer blanc Arthur Metz - 75cl","p":9.5,"u":"12,67 €/L","img":"https://fd5-photos.leclercdrive.fr/image.ashx?id=2376866&use=l&cat=p&typeid=i","cat":289557},{"id":184677,"n":"Protège-document Esquisse x1 Gris - A4 - 80 vues","p":2.49,"img":"https://fd5-photos.leclercdrive.fr/image.ashx?id=2943319&use=l&cat=p&typeid=i","cat":284745},{"id":184679,"n":"Classeur cahier Esquisse Rouge - Polypro - 21x29.7cm","p":1.89,"img":"https://fd5-photos.leclercdrive.fr/image.ashx?id=2366670&use=l&cat=p&typeid=i","cat":284745},{"id":184726,"n":"Protège-document Gris - A4 - 120 vues","p":3.49,"img":"https://fd5-photos.leclercdrive.fr/image.ashx?id=2943322&use=l&cat=p&typeid=i","cat":284745},{"id":184828,"n":"Persillade Ducros Première saveur 19g","p":3.4,"u":"178,95 €/KG","img":"https://fd5-photos.leclercdrive.fr/image.ashx?id=2559502&use=l&cat=p&typeid=i","cat":298297},{"id":184829,"n":"Fines herbes Ducros Première saveur - 16g","p":2.9,"u":"181,25 €/KG","img":"https://fd5-photos.leclercdrive.fr/image.ashx?id=2486626&use=l&cat=p&typeid=i","cat":298297},{"id":184830,"n":"Persillade provençale Ducros Première saveur 19g","p":3.3,"u":"173,68 €/KG","img":"https://fd5-photos.leclercdrive.fr/image.ashx?id=2486629&use=l&cat=p&typeid=i","cat":298297},{"id":184831,"n":"Ail semoule Ducros 140g","p":2.5,"u":"17,86 €/KG","img":"https://fd5-photos.leclercdrive.fr/image.ashx?id=2559511&use=l&cat=p&typeid=i","cat":298297},{"id":184833,"n":"Clous de girofle Ducros 29g","p":2.17,"u":"74,83 €/KG","img":"https://fd5-photos.leclercdrive.fr/image.ashx?id=2559514&use=l&cat=p&typeid=i","cat":298297},{"id":184834,"n":"Macédoine fruits confits Vahiné 150g","p":2.53,"u":"16,87 €/KG","img":"https://fd5-photos.leclercdrive.fr/image.ashx?id=2490569&use=l&cat=p&typeid=i","cat":284504},{"id":184835,"n":"Ecorces oranges confites Vahiné 100g","p":2.9,"u":"29,00 €/KG","img":"https://fd5-photos.leclercdrive.fr/image.ashx?id=2490572&use=l&cat=p&typeid=i","cat":284504},{"id":184895,"n":"Queues de Crevettes ASC  Delpierre - 300g","p":6.95,"u":"23,17 €/KG","img":"https://fd5-photos.leclercdrive.fr/image.ashx?id=2367529&use=l&cat=p&typeid=i","cat":284343},{"id":184905,"n":"Soda Coca Cola Zero Canette 33cl","p":1.0,"u":"3,03 €/L","img":"https://fd5-photos.leclercdrive.fr/image.ashx?id=2798265&use=l&cat=p&typeid=i","cat":284530},{"id":184917,"n":"Saucisses cocktail Madrange Classique x30 - 225g","p":2.43,"u":"10,80 €/KG","img":"https://fd5-photos.leclercdrive.fr/image.ashx?id=2941562&use=l&cat=p&typeid=i","cat":316012},{"id":184926,"n":"Sugo alla bolognese 340g","p":2.75,"u":"8,09 €/KG","img":"https://fd5-photos.leclercdrive.fr/image.ashx?id=2840022&use=l&cat=p&typeid=i","cat":287599},{"id":184927,"n":"Sugo alle olive 340g","p":1.86,"u":"5,47 €/KG","img":"https://fd5-photos.leclercdrive.fr/image.ashx?id=2840028&use=l&cat=p&typeid=i","cat":288384},{"id":184928,"n":"Sauce Tradizioni d'Italia Arrabbiata - 340g","p":1.86,"u":"5,47 €/KG","img":"https://fd5-photos.leclercdrive.fr/image.ashx?id=2840031&use=l&cat=p&typeid=i","cat":288384},{"id":184959,"n":"Moules du Pacifique ASC Costa 800g","p":9.27,"u":"11,59 €/KG","img":"https://fd5-photos.leclercdrive.fr/image.ashx?id=2741135&use=l&cat=p&typeid=i","cat":319787},{"id":184978,"n":"Pizza La Gourmande de Manosque Royale - 550g","p":7.28,"u":"13,24 €/KG","img":"https://fd5-photos.leclercdrive.fr/image.ashx?id=2370290&use=l&cat=p&typeid=i","cat":284256},{"id":184980,"n":"Pizza La Gourmande de Manosque Jambon - 550g","p":7.09,"u":"12,89 €/KG","img":"https://fd5-photos.leclercdrive.fr/image.ashx?id=2370287&use=l&cat=p&typeid=i","cat":284256},{"id":184981,"n":"Pizza La Gourmande de Manosque Tartiflette - 550g","p":7.4,"u":"13,45 €/KG","img":"https://fd5-photos.leclercdrive.fr/image.ashx?id=2370296&use=l&cat=p&typeid=i","cat":284256},{"id":184982,"n":"Eau de Javel La Croix Désinfectant Original 3x250ml","p":1.77,"u":"2,36 €/L","img":"https://fd5-photos.leclercdrive.fr/image.ashx?id=2738386&use=l&cat=p&typeid=i","cat":284661},{"id":184996,"n":"Infusion verveine Elephant Menthe, bio - x20","p":2.43,"u":"93,46 €/KG","img":"https://fd5-photos.leclercdrive.fr/image.ashx?id=2507578&use=l&cat=p&typeid=i","cat":293234},{"id":184998,"n":"Infusion Bio Elephant Gingembre Citron - 20 Sachets","p":2.05,"u":"60,29 €/KG","img":"https://fd5-photos.leclercdrive.fr/image.ashx?id=2507575&use=l&cat=p&typeid=i","cat":293234},{"id":184999,"n":"Infusion bio Elephant Relax - x20","p":2.43,"u":"93,46 €/KG","img":"https://fd5-photos.leclercdrive.fr/image.ashx?id=2507572&use=l&cat=p&typeid=i","cat":293234},{"id":185000,"n":"Infusion Bio Eléphant Menthe Thym - x20 sachets","p":2.43,"u":"93,46 €/KG","img":"https://fd5-photos.leclercdrive.fr/image.ashx?id=2507563&use=l&cat=p&typeid=i","cat":293234},{"id":185003,"n":"Infusion Eléphant Douce Nuit x20- 32g","p":2.46,"u":"76,88 €/KG","img":"https://fd5-photos.leclercdrive.fr/image.ashx?id=2507569&use=l&cat=p&typeid=i","cat":293234},{"id":185031,"n":"Dentifrice blancheur Colgate Max White Optic - 2x75ml","p":4.39,"u":"29,27 €/L","img":"https://fd5-photos.leclercdrive.fr/image.ashx?id=2369246&use=l&cat=p&typeid=i","cat":284612},{"id":185032,"n":"Dentifrice blancheur Colgate Max White One - 2x75ml","p":4.35,"u":"29,00 €/L","img":"https://fd5-photos.leclercdrive.fr/image.ashx?id=2369249&use=l&cat=p&typeid=i","cat":284612},{"id":185105,"n":"Trieur Esquisse A4  Transparent- 8 positions - x1","p":2.99,"img":"https://fd5-photos.leclercdrive.fr/image.ashx?id=2378780&use=l&cat=p&typeid=i","cat":284745},{"id":185153,"n":"Limonade Ogeu Canette 6x33cl","p":3.45,"u":"1,74 €/L","img":"https://fd5-photos.leclercdrive.fr/image.ashx?id=2965001&use=l&cat=p&typeid=i","cat":284531},{"id":185161,"n":"Mi-bas beauty resist Dim Noir T35/41 x3","p":4.09,"img":"https://fd5-photos.leclercdrive.fr/image.ashx?id=2465256&use=l&cat=p&typeid=i","cat":334130},{"id":185162,"n":"Mi-bas beauty resist Dim Cannelle T35/41 x3","p":4.09,"img":"https://fd5-photos.leclercdrive.fr/image.ashx?id=2465259&use=l&cat=p&typeid=i","cat":334130},{"id":185165,"n":"Skyr Yoplait  Coco 1%Mg - 4x100g","p":2.02,"u":"5,05 €/KG","img":"https://fd5-photos.leclercdrive.fr/image.ashx?id=2884459&use=l&cat=p&typeid=i","cat":315000},{"id":185166,"n":"Skyr Yoplait  Vanille 0%MG - 4x100G","p":1.95,"u":"4,88 €/KG","img":"https://fd5-photos.leclercdrive.fr/image.ashx?id=2884456&use=l&cat=p&typeid=i","cat":315000},{"id":185185,"n":"Barre Chocolat au Lait KitKat Chunky x4 barres - 160g","p":2.07,"u":"12,94 €/KG","img":"https://fd5-photos.leclercdrive.fr/image.ashx?id=2985453&use=l&cat=p&typeid=i","cat":284498},{"id":185230,"n":"Pavé de saumon fumé ASC Mowi Norvège - 125g","p":6.99,"u":"55,92 €/KG","img":"https://fd5-photos.leclercdrive.fr/image.ashx?id=2750075&use=l&cat=p&typeid=i","cat":284342},{"id":185231,"n":"Pavé de saumon mi-cuit ASC Mowi Herbes aromatiques - 125g","p":5.99,"u":"47,92 €/KG","img":"https://fd5-photos.leclercdrive.fr/image.ashx?id=2750072&use=l&cat=p&typeid=i","cat":284342},{"id":185282,"n":"Nouilles Ramen Tanoshi Japon Nature Bio - 340g","p":3.49,"u":"10,26 €/KG","img":"https://fd5-photos.leclercdrive.fr/image.ashx?id=2906241&use=l&cat=p&typeid=i","cat":288992},{"id":185443,"n":"Thé vert citron Yate x25 - 37,5g","p":0.79,"u":"20,79 €/KG","img":"https://fd5-photos.leclercdrive.fr/image.ashx?id=2646008&use=l&cat=p&typeid=i","cat":293233},{"id":185459,"n":"Crème dessert La Laitière  Frais Fondant chocolat - 4x115g","p":1.98,"u":"4,30 €/KG","img":"https://fd5-photos.leclercdrive.fr/image.ashx?id=2904062&use=l&cat=p&typeid=i","cat":285041},{"id":185471,"n":"Crabes Chair et Pattes Balthor - 120g","p":3.91,"u":"32,58 €/KG","img":"https://fd5-photos.leclercdrive.fr/image.ashx?id=2376740&use=l&cat=p&typeid=i","cat":305147},{"id":185494,"n":"Herbes de provence Ducros 35g","p":3.37,"u":"96,29 €/KG","img":"https://fd5-photos.leclercdrive.fr/image.ashx?id=2559505&use=l&cat=p&typeid=i","cat":298297},{"id":185495,"n":"Persillade de France Ducros 25g","p":2.19,"u":"87,60 €/KG","img":"https://fd5-photos.leclercdrive.fr/image.ashx?id=2374713&use=l&cat=p&typeid=i","cat":298297},{"id":185508,"n":"Biscuits fourrés BN  Vanille - 285g","p":1.32,"u":"4,63 €/KG","img":"https://fd5-photos.leclercdrive.fr/image.ashx?id=2475005&use=l&cat=p&typeid=i","cat":284488},{"id":185520,"n":"Panini XXL La Boulangère x2 - 260g","p":1.91,"u":"7,35 €/KG","img":"https://fd5-photos.leclercdrive.fr/image.ashx?id=2639011&use=l&cat=p&typeid=i","cat":284985},{"id":185524,"n":"Soupe à l'artichaut Jardin Bio bio 33cl","p":2.49,"u":"7,55 €/L","img":"https://fd5-photos.leclercdrive.fr/image.ashx?id=2375286&use=l&cat=p&typeid=i","cat":287365},{"id":185533,"n":"Melange Maitre Prunille Anti-stress - 180g","p":3.92,"u":"21,78 €/KG","img":"https://fd5-photos.leclercdrive.fr/image.ashx?id=2374914&use=l&cat=p&typeid=i","cat":284448},{"id":185567,"n":"Liniment oléo-calcaire Biolane  700 ml","p":9.71,"u":"13,87 €/L","img":"https://fd5-photos.leclercdrive.fr/image.ashx?id=2586864&use=l&cat=p&typeid=i","cat":284741},{"id":185568,"n":"Gel Lavant Biolane Corps et cheveux 750 ml","p":7.09,"u":"9,45 €/L","img":"https://fd5-photos.leclercdrive.fr/image.ashx?id=2586867&use=l&cat=p&typeid=i","cat":284740},{"id":185571,"n":"Eau pure H2O Biolane 750 ml","p":6.5,"u":"8,67 €/L","img":"https://fd5-photos.leclercdrive.fr/image.ashx?id=2733247&use=l&cat=p&typeid=i","cat":284741},{"id":185649,"n":"AOP Coteaux Varois Rosé Révélation Bio - 75cl","p":9.88,"u":"13,17 €/L","img":"https://fd5-photos.leclercdrive.fr/image.ashx?id=2871874&use=l&cat=p&typeid=i","cat":289558},{"id":185665,"n":"DOC Prosecco Rosé Mionetto - 75cl","p":5.94,"u":"7,92 €/L","img":"https://fd5-photos.leclercdrive.fr/image.ashx?id=3011914&use=l&cat=p&typeid=i","cat":289461},{"id":185768,"n":"Riz forestière individuel William Saurin - 300g","p":2.84,"u":"9,47 €/KG","img":"https://fd5-photos.leclercdrive.fr/image.ashx?id=2528726&use=l&cat=p&typeid=i","cat":284953},{"id":185840,"n":"RECH SPRAY AUTO BIEN AIR AGRUMES 250ML","p":2.39,"u":"9,56 €/L","img":"https://fd5-photos.leclercdrive.fr/image.ashx?id=2531104&use=l&cat=p&typeid=i","cat":311629},{"id":185841,"n":"Cornichons extra fins Rustica 6 aromates - 550g","p":3.1,"u":"5,64 €/KG","img":"https://fd5-photos.leclercdrive.fr/image.ashx?id=2916728&use=l&cat=p&typeid=i","cat":284458},{"id":185849,"n":"Gel WC Harpic  Fosses Septiques Menthe - 750ml","p":2.11,"u":"2,81 €/L","img":"https://fd5-photos.leclercdrive.fr/image.ashx?id=2864465&use=l&cat=p&typeid=i","cat":284662},{"id":185953,"n":"Protège-document Esquisse Gris - A4 - 60 vues","p":1.95,"img":"https://fd5-photos.leclercdrive.fr/image.ashx?id=2366667&use=l&cat=p&typeid=i","cat":284745},{"id":185954,"n":"Protège-documents Esquisse Gris - A4 - 40 vues","p":1.79,"img":"https://fd5-photos.leclercdrive.fr/image.ashx?id=2381668&use=l&cat=p&typeid=i","cat":284745},{"id":185999,"n":"Boisson végétale Bio Village Riz nature bio - 1l","p":1.65,"u":"1,65 €/L","img":"https://fd5-photos.leclercdrive.fr/image.ashx?id=2381581&use=l&cat=p&typeid=i","cat":316067},{"id":186043,"n":"Lardons Nature Herta  Sans nitrite - 2x75g","p":1.78,"u":"11,87 €/KG","img":"https://fd5-photos.leclercdrive.fr/image.ashx?id=2785802&use=l&cat=p&typeid=i","cat":316011},{"id":186048,"n":"Masque 2 en 1 Energie Fruit Sans silicone Monoi - 300ml","p":4.5,"u":"15,00 €/L","img":"https://fd5-photos.leclercdrive.fr/image.ashx?id=2795878&use=l&cat=p&typeid=i","cat":284608},{"id":186055,"n":"Boisson énergisante Red Bull Goût Pastèque, 250ml","p":1.12,"u":"4,48 €/L","img":"https://fd5-photos.leclercdrive.fr/image.ashx?id=2471655&use=l&cat=p&typeid=i","cat":284533},{"id":186072,"n":"Fluide solaire SPF 50+ Avène  50ml","p":12.9,"u":"258,00 €/L","img":"https://fd5-photos.leclercdrive.fr/image.ashx?id=2382836&use=l&cat=p&typeid=i","cat":290396},{"id":186073,"n":"Fluide solaire SPF 50+ Avène Sans parfum - 50ml","p":13.2,"u":"264,00 €/L","img":"https://fd5-photos.leclercdrive.fr/image.ashx?id=2382839&use=l&cat=p&typeid=i","cat":290396},{"id":186074,"n":"Crème solaire SPF 50+ Avène 50ml","p":11.99,"u":"239,80 €/L","img":"https://fd5-photos.leclercdrive.fr/image.ashx?id=2382845&use=l&cat=p&typeid=i","cat":290396},{"id":186076,"n":"Crème solaire SPF 50+ Avène Teintée - 50ml","p":11.99,"u":"239,80 €/L","img":"https://fd5-photos.leclercdrive.fr/image.ashx?id=2382851&use=l&cat=p&typeid=i","cat":290396},{"id":186079,"n":"Baume émollient A-Derma Exomega Control - 400ml","p":15.19,"u":"37,98 €/L","img":"https://fd5-photos.leclercdrive.fr/image.ashx?id=2382860&use=l&cat=p&typeid=i","cat":290421},{"id":186108,"n":"Savon solide Bio Mots d'enfants 100g","p":1.29,"u":"12,90 €/KG","img":"https://fd5-photos.leclercdrive.fr/image.ashx?id=3015126&use=l&cat=p&typeid=i","cat":284740},{"id":186113,"n":"Shampoing illuminateur Klorane Camomille - 400ml","p":10.49,"u":"26,23 €/L","img":"https://fd5-photos.leclercdrive.fr/image.ashx?id=2878972&use=l&cat=p&typeid=i","cat":290400},{"id":186121,"n":"Huile moto Tech 9 Semi-synthèse","p":9.99,"img":"https://fd5-photos.leclercdrive.fr/image.ashx?id=2386197&use=l&cat=p&typeid=i","cat":298253},{"id":186128,"n":"Huile moto Tech 9 Semi synthèse","p":9.99,"img":"https://fd5-photos.leclercdrive.fr/image.ashx?id=2386200&use=l&cat=p&typeid=i","cat":298253},{"id":186130,"n":"Acérola Vitamine C Herbesan Goût cerise - 90 comprimés","p":11.79,"pp":8.25,"u":"0,09 €/P","img":"https://fd5-photos.leclercdrive.fr/image.ashx?id=2382896&use=l&cat=p&typeid=i","cat":301264},{"id":186140,"n":"Huile de Massage Vergetures Weleda - 2x100ml","p":28.65,"u":"143,25 €/L","img":"https://fd5-photos.leclercdrive.fr/image.ashx?id=2505615&use=l&cat=p&typeid=i","cat":290422},{"id":186164,"n":"Ampoule vitamine C SVR 30ml","p":32.59,"img":"https://fd5-photos.leclercdrive.fr/image.ashx?id=2971649&use=l&cat=p&typeid=i","cat":291171},{"id":186165,"n":"Ampoule vitamine B3 SVR 30ml","p":26.39,"u":"879,67 €/L","img":"https://fd5-photos.leclercdrive.fr/image.ashx?id=2971179&use=l&cat=p&typeid=i","cat":291171},{"id":186202,"n":"Mozzarella Les Croisés Tranchettes - 200g","p":1.99,"u":"9,95 €/KG","img":"https://fd5-photos.leclercdrive.fr/image.ashx?id=2383094&use=l&cat=p&typeid=i","cat":314026},{"id":186214,"n":"Gel-crème Après soleil Bioderma Photoderm - 200ml","p":8.5,"u":"42,50 €/L","img":"https://fd5-photos.leclercdrive.fr/image.ashx?id=2956520&use=l&cat=p&typeid=i","cat":290394},{"id":186224,"n":"Foie de morue Balthor Romarin Bio - 121g","p":2.12,"u":"17,52 €/KG","img":"https://fd5-photos.leclercdrive.fr/image.ashx?id=2384340&use=l&cat=p&typeid=i","cat":305147},{"id":186238,"n":"Crème blur mousse SPF50 SVR 50ml","p":11.99,"u":"239,80 €/L","img":"https://fd5-photos.leclercdrive.fr/image.ashx?id=2971191&use=l&cat=p&typeid=i","cat":290396},{"id":186246,"n":"Sérum anti-imperfections SVR SEBIACLEAR - 30ml","p":12.48,"u":"416,00 €/L","img":"https://fd5-photos.leclercdrive.fr/image.ashx?id=2965136&use=l&cat=p&typeid=i","cat":291166},{"id":186258,"n":"Lessive Capsules Tout-en-1 Skip Fraîcheur Intense x26 Capsules","p":11.51,"u":"20,89 €/KG","img":"https://fd5-photos.leclercdrive.fr/image.ashx?id=2978934&use=l&cat=p&typeid=i","cat":284641},{"id":186263,"n":"Lessive Capsules Tout-en-1 Skip Fraîcheur Intense 38 Lavages","p":13.35,"u":"16,56 €/KG","img":"https://fd5-photos.leclercdrive.fr/image.ashx?id=2929236&use=l&cat=p&typeid=i","cat":284641},{"id":186265,"n":"Lingettes bébé Harmonie Aqua Pampers - 48 lingettes","p":3.67,"u":"0,08 €/P","img":"https://fd5-photos.leclercdrive.fr/image.ashx?id=2805903&use=l&cat=p&typeid=i","cat":284738},{"id":186267,"n":"Lingettes bébé visage et mains Biolane - 64 lingettes","p":2.92,"u":"0,05 €/P","img":"https://fd5-photos.leclercdrive.fr/image.ashx?id=2876539&use=l&cat=p&typeid=i","cat":284738},{"id":186292,"n":"Nettoyant jantes gel Tech9 500ml","p":5.49,"u":"10,98 €/L","img":"https://fd5-photos.leclercdrive.fr/image.ashx?id=2527340&use=l&cat=p&typeid=i","cat":298252},{"id":186293,"n":"Répare crevaison Tech9 400ml","p":5.19,"u":"12,98 €/L","img":"https://fd5-photos.leclercdrive.fr/image.ashx?id=2527337&use=l&cat=p&typeid=i","cat":298252},{"id":186296,"n":"Lessive Capsules Skip Tout-en-1 Active Clean x38","p":13.35,"u":"16,56 €/KG","img":"https://fd5-photos.leclercdrive.fr/image.ashx?id=2757114&use=l&cat=p&typeid=i","cat":284641},{"id":186306,"n":"Liniment oléo-calcaire Biolane 300ml","p":4.53,"u":"15,10 €/L","img":"https://fd5-photos.leclercdrive.fr/image.ashx?id=2586861&use=l&cat=p&typeid=i","cat":284741},{"id":186307,"n":"Shampooing nourissant Energie Fruit - 250ml","p":4.23,"u":"16,92 €/L","img":"https://fd5-photos.leclercdrive.fr/image.ashx?id=2795869&use=l&cat=p&typeid=i","cat":284606},{"id":186308,"n":"Masque 2 en 1 Energie Fruit Sans silicone - 300ml","p":4.99,"u":"16,63 €/L","img":"https://fd5-photos.leclercdrive.fr/image.ashx?id=2795875&use=l&cat=p&typeid=i","cat":284608},{"id":186314,"n":"Brosse à dent enfant Dentamyl Bambou - x1","p":0.99,"img":"https://fd5-photos.leclercdrive.fr/image.ashx?id=2384710&use=l&cat=p&typeid=i","cat":288897},{"id":186315,"n":"Demi-pêche au jus Del Monte 415g","p":1.71,"u":"4,12 €/KG","img":"https://fd5-photos.leclercdrive.fr/image.ashx?id=2805090&use=l&cat=p&typeid=i","cat":284507},{"id":186317,"n":"Demi-abricot au sirop Del Monte 420g","p":1.51,"u":"3,60 €/KG","img":"https://fd5-photos.leclercdrive.fr/image.ashx?id=2803526&use=l&cat=p&typeid=i","cat":284507},{"id":186322,"n":"Lingettes pour bébé Pampers Harmonie Aqua - 3x48","p":6.08,"u":"0,04 €/P","img":"https://fd5-photos.leclercdrive.fr/image.ashx?id=2903809&use=l&cat=p&typeid=i","cat":284738},{"id":186446,"n":"Ravioli pur  Boeuf Colomba  420g","p":6.63,"u":"15,79 €/KG","img":"https://fd5-photos.leclercdrive.fr/image.ashx?id=2058906&use=l&cat=p&typeid=i","cat":333682},{"id":186459,"n":"Pâtes Tortiglioni Panzani 500g","p":0.92,"u":"1,84 €/KG","img":"https://fd5-photos.leclercdrive.fr/image.ashx?id=2902951&use=l&cat=p&typeid=i","cat":284427},{"id":186460,"n":"Pâtes Pipe Rigate Panzani 500g","p":1.32,"u":"2,64 €/KG","img":"https://fd5-photos.leclercdrive.fr/image.ashx?id=2902954&use=l&cat=p&typeid=i","cat":284427},{"id":186461,"n":"Ail lyophilisé Ducros 19g","p":3.84,"u":"202,11 €/KG","img":"https://fd5-photos.leclercdrive.fr/image.ashx?id=2486617&use=l&cat=p&typeid=i","cat":298297},{"id":186462,"n":"Ciboulette lyophilisée Ducros 3g","p":2.82,"u":"940,00 €/KG","img":"https://fd5-photos.leclercdrive.fr/image.ashx?id=2486620&use=l&cat=p&typeid=i","cat":298297},{"id":186465,"n":"Porc au caramel riz basmati Garbit - 300g","p":2.96,"u":"9,87 €/KG","img":"https://fd5-photos.leclercdrive.fr/image.ashx?id=2881362&use=l&cat=p&typeid=i","cat":null},{"id":186470,"n":"Sauce tomates cuisinées Mutti 400g","p":1.87,"u":"4,68 €/KG","img":"https://fd5-photos.leclercdrive.fr/image.ashx?id=2854774&use=l&cat=p&typeid=i","cat":288384},{"id":186471,"n":"Gousses de vanille Madagascar Sainte Lucie - 5.4g","p":4.28,"u":"856,00 €/KG","img":"https://fd5-photos.leclercdrive.fr/image.ashx?id=2386569&use=l&cat=p&typeid=i","cat":284504},{"id":186474,"n":"Figues moelleuses Bio Maison Roucadil - 200g","p":4.04,"u":"20,20 €/KG","img":"https://fd5-photos.leclercdrive.fr/image.ashx?id=2386770&use=l&cat=p&typeid=i","cat":284357},{"id":186481,"n":"Sachet repas chat stérilisé  Poulet/Boeuf/Thon/Poiss - 4x85g","p":2.65,"u":"31,18 €/KG","img":"https://fd5-photos.leclercdrive.fr/image.ashx?id=2985636&use=l&cat=p&typeid=i","cat":285286},{"id":186486,"n":"Ananas en morceaux au jus Rochefontaine - 340g","p":2.63,"u":"7,74 €/KG","img":"https://fd5-photos.leclercdrive.fr/image.ashx?id=2624278&use=l&cat=p&typeid=i","cat":284507},{"id":186496,"n":"Capsules café L'Or Espresso Saveur Vanille x10","p":3.76,"u":"72,31 €/KG","img":"https://fd5-photos.leclercdrive.fr/image.ashx?id=2387046&use=l&cat=p&typeid=i","cat":293241},{"id":186497,"n":"Capsules café L'Or Espresso Saveur Caramel x10","p":3.52,"u":"67,69 €/KG","img":"https://fd5-photos.leclercdrive.fr/image.ashx?id=2387049&use=l&cat=p&typeid=i","cat":293241},{"id":186502,"n":"Sachet Chat Stérilisé Ultima Poulet, Dinde, Saumon - 4x85g","p":2.73,"u":"32,12 €/KG","img":"https://fd5-photos.leclercdrive.fr/image.ashx?id=2985633&use=l&cat=p&typeid=i","cat":285286},{"id":186548,"n":"Bougie Floral 30h Bien Air","p":2.34,"img":"https://fd5-photos.leclercdrive.fr/image.ashx?id=2939091&use=l&cat=p&typeid=i","cat":284666},{"id":186595,"n":"Crème glacée Häagen-Dazs Vanille Caramel Brownie - 541g","p":5.15,"u":"9,52 €/KG","img":"https://fd5-photos.leclercdrive.fr/image.ashx?id=2893426&use=l&cat=p&typeid=i","cat":284725},{"id":186652,"n":"Boisson végétale soja Alpro  macchiato - 1L","p":2.87,"u":"2,87 €/L","img":"https://fd5-photos.leclercdrive.fr/image.ashx?id=2981665&use=l&cat=p&typeid=i","cat":316067},{"id":186653,"n":"Boisson végétale soja Alpro  banane - 1 L","p":2.38,"u":"2,38 €/L","img":"https://fd5-photos.leclercdrive.fr/image.ashx?id=2981668&use=l&cat=p&typeid=i","cat":316067},{"id":186657,"n":"Crème dessert Delisse Chocolat - 6x125g","p":1.42,"u":"1,89 €/KG","img":"https://fd5-photos.leclercdrive.fr/image.ashx?id=2441492&use=l&cat=p&typeid=i","cat":285041},{"id":186659,"n":"Crème dessert Delisse Vanille - 6x125g","p":1.33,"u":"1,77 €/KG","img":"https://fd5-photos.leclercdrive.fr/image.ashx?id=2441498&use=l&cat=p&typeid=i","cat":285041},{"id":186660,"n":"Dessert végétal soja Alpro  Citron et Citron Vert - 500g","p":2.16,"u":"4,32 €/KG","img":"https://fd5-photos.leclercdrive.fr/image.ashx?id=2977678&use=l&cat=p&typeid=i","cat":316071},{"id":186661,"n":"Crème dessert Delisse Caramel - 6x125g","p":1.39,"u":"1,85 €/KG","img":"https://fd5-photos.leclercdrive.fr/image.ashx?id=2441504&use=l&cat=p&typeid=i","cat":285041},{"id":186686,"n":"Déodorant stick Homme Mennen Marine Sans Alcool - 60ml","p":3.62,"u":"60,33 €/L","img":"https://fd5-photos.leclercdrive.fr/image.ashx?id=2869107&use=l&cat=p&typeid=i","cat":284618},{"id":186688,"n":"Déodorant stick Homme Mennen Sans Alcool Anti-Traces - 60ml","p":3.62,"u":"60,33 €/L","img":"https://fd5-photos.leclercdrive.fr/image.ashx?id=2869110&use=l&cat=p&typeid=i","cat":284618},{"id":186758,"n":"Tablette Chocolat Noir Lindt Noisettes Caramel Lot 2x100g","p":3.84,"u":"19,20 €/KG","img":"https://fd5-photos.leclercdrive.fr/image.ashx?id=2388487&use=l&cat=p&typeid=i","cat":284956},{"id":186853,"n":"Lessive Capsules Tout-en-1 Skip Touche de Cajoline 24 Lavages","p":10.71,"u":"21,04 €/KG","img":"https://fd5-photos.leclercdrive.fr/image.ashx?id=2956688&use=l&cat=p&typeid=i","cat":284641},{"id":186856,"n":"Lessive Capsules Skip Tout-en-1 Extra Détachant x24","p":10.71,"u":"21,04 €/KG","img":"https://fd5-photos.leclercdrive.fr/image.ashx?id=2956691&use=l&cat=p&typeid=i","cat":284641},{"id":186857,"n":"Lessive Capsules Skip Tout-en-1 Cajoline 36 Lavages","p":13.31,"u":"17,44 €/KG","img":"https://fd5-photos.leclercdrive.fr/image.ashx?id=2929239&use=l&cat=p&typeid=i","cat":284641},{"id":186869,"n":"Préparation pour moelleux  Tablier Blanc - 435g","p":1.93,"u":"4,44 €/KG","img":"https://fd5-photos.leclercdrive.fr/image.ashx?id=2487494&use=l&cat=p&typeid=i","cat":284504},{"id":186870,"n":"Préparation pour moelleux Tablier Blanc citron - 435g","p":1.97,"u":"4,53 €/KG","img":"https://fd5-photos.leclercdrive.fr/image.ashx?id=2487497&use=l&cat=p&typeid=i","cat":284504},{"id":186920,"n":"Tuiles Monster Munch Crazy Original - 150g","p":1.9,"u":"12,67 €/KG","img":"https://fd5-photos.leclercdrive.fr/image.ashx?id=2921735&use=l&cat=p&typeid=i","cat":287899},{"id":186923,"n":"Tuiles Monster Munch  Crazy crème oignon - 150g","p":1.9,"u":"12,67 €/KG","img":"https://fd5-photos.leclercdrive.fr/image.ashx?id=2916881&use=l&cat=p&typeid=i","cat":287899},{"id":186926,"n":"Tuiles Monster Munch Crazy paprika - 150g","p":1.9,"u":"12,67 €/KG","img":"https://fd5-photos.leclercdrive.fr/image.ashx?id=2955339&use=l&cat=p&typeid=i","cat":287899},{"id":186931,"n":"Soin ultra-hydratant Saforelle Le flacon de 500ml","p":10.49,"u":"20,98 €/L","img":"https://fd5-photos.leclercdrive.fr/image.ashx?id=2583434&use=l&cat=p&typeid=i","cat":301348},{"id":186946,"n":"Mouliné Bio Village Bio - légumes variés  - 2x30cl","p":1.69,"u":"5,63 €/L","img":"https://fd5-photos.leclercdrive.fr/image.ashx?id=2404157&use=l&cat=p&typeid=i","cat":284462},{"id":187028,"n":"Crème de change bébé bio Mots d'enfants - 75ml","p":2.5,"u":"33,33 €/L","img":"https://fd5-photos.leclercdrive.fr/image.ashx?id=3014308&use=l&cat=p&typeid=i","cat":284741},{"id":187029,"n":"Coton-tiges ouatés Inell Boîte - x300 bâtonnets","p":0.73,"img":"https://fd5-photos.leclercdrive.fr/image.ashx?id=2824301&use=l&cat=p&typeid=i","cat":284636},{"id":187058,"n":"Mayonnaise classique Lesieur 235g","p":1.53,"u":"6,51 €/KG","img":"https://fd5-photos.leclercdrive.fr/image.ashx?id=2917699&use=l&cat=p&typeid=i","cat":298295},{"id":187059,"n":"Champignon Émincé Bonduelle Sans Sulfite, Sans Additif 230g","p":1.18,"u":"5,13 €/KG","img":"https://fd5-photos.leclercdrive.fr/image.ashx?id=2913118&use=l&cat=p&typeid=i","cat":312610},{"id":187062,"n":"Chips Bret's Moutarde Miel 125g","p":1.58,"u":"12,64 €/KG","img":"https://fd5-photos.leclercdrive.fr/image.ashx?id=2393257&use=l&cat=p&typeid=i","cat":284447},{"id":187065,"n":"Mayonnaise Classique Lesieur Bio - tube 175g","p":2.21,"u":"12,63 €/KG","img":"https://fd5-photos.leclercdrive.fr/image.ashx?id=2917768&use=l&cat=p&typeid=i","cat":298295},{"id":187126,"n":"Crunch Chocolat Noël Moulage Renne - 88g","p":2.41,"u":"27,39 €/KG","img":"https://fd5-photos.leclercdrive.fr/image.ashx?id=2394096&use=l&cat=p&typeid=i","cat":327592},{"id":187173,"n":"Bouchées Chocolat Noël Nestlé L'Atelier Noir Feves Cacao 262g","p":7.55,"u":"28,82 €/KG","img":"https://fd5-photos.leclercdrive.fr/image.ashx?id=2938247&use=l&cat=p&typeid=i","cat":327595},{"id":187176,"n":"After Eight Chocolat Noël Saveur Cerise - 400g","p":7.9,"u":"19,75 €/KG","img":"https://fd5-photos.leclercdrive.fr/image.ashx?id=2394315&use=l&cat=p&typeid=i","cat":327595},{"id":187185,"n":"Foie gras de canard entier Delpeyrat - Poivre - Bocal 300g","p":22.99,"u":"76,63 €/KG","img":"https://fd5-photos.leclercdrive.fr/image.ashx?id=2569356&use=l&cat=p&typeid=i","cat":305148},{"id":187186,"n":"Foie gras de canard Delpeyrat - Armagnac Bocal 300g","p":22.99,"u":"76,63 €/KG","img":"https://fd5-photos.leclercdrive.fr/image.ashx?id=2569380&use=l&cat=p&typeid=i","cat":305148},{"id":187198,"n":"Pain de mie 100% Mie Harrys Tranches épaisses Nature - 500g","p":2.3,"u":"4,60 €/KG","img":"https://fd5-photos.leclercdrive.fr/image.ashx?id=2686783&use=l&cat=p&typeid=i","cat":284477},{"id":187210,"n":"Porto Rose Dorrao 18%vol - 75cl","p":7.05,"u":"9,40 €/L","img":"https://fd5-photos.leclercdrive.fr/image.ashx?id=2869862&use=l&cat=p&typeid=i","cat":284913},{"id":187238,"n":"Savon Le Petit Marseillais  Solide chevrefeuile-4x100g","p":2.35,"u":"5,88 €/KG","img":"https://fd5-photos.leclercdrive.fr/image.ashx?id=2684200&use=l&cat=p&typeid=i","cat":284597},{"id":187241,"n":"Savon Le Petit Marseillais  Solide amande douce - 2x100g","p":1.85,"u":"9,25 €/KG","img":"https://fd5-photos.leclercdrive.fr/image.ashx?id=2684203&use=l&cat=p&typeid=i","cat":284597},{"id":187247,"n":"Serviettes hygiéniques Always Cotton Protection Long - x9","p":3.28,"u":"0,36 €/P","img":"https://fd5-photos.leclercdrive.fr/image.ashx?id=2910225&use=l&cat=p&typeid=i","cat":284624},{"id":187280,"n":"Biscuits Oréo pocket 3x246g","p":6.44,"u":"8,73 €/KG","img":"https://fd5-photos.leclercdrive.fr/image.ashx?id=2601217&use=l&cat=p&typeid=i","cat":284488},{"id":187282,"n":"Biscuits Oreo  3x246g","p":5.71,"u":"7,74 €/KG","img":"https://fd5-photos.leclercdrive.fr/image.ashx?id=2525735&use=l&cat=p&typeid=i","cat":284488},{"id":187287,"n":"Desserts Lactés P'TIT BRASSE Banane pêche 6M+ - 4x90g","p":1.82,"u":"5,06 €/KG","img":"https://fd5-photos.leclercdrive.fr/image.ashx?id=2616252&use=l&cat=p&typeid=i","cat":312392},{"id":187288,"n":"Desserts Lactés P'TIT BRASSE Poire SSA 6M+ - 4x90g","p":1.89,"u":"5,25 €/KG","img":"https://fd5-photos.leclercdrive.fr/image.ashx?id=2593050&use=l&cat=p&typeid=i","cat":312392},{"id":187303,"n":"Biscuit P'tit nature Bio Bjorg 5 céréales - 167g","p":2.17,"u":"12,99 €/KG","img":"https://fd5-photos.leclercdrive.fr/image.ashx?id=2923001&use=l&cat=p&typeid=i","cat":284487},{"id":187330,"n":"Porto Tawny Dorrao 18°C - 75cl","p":6.42,"u":"8,56 €/L","img":"https://fd5-photos.leclercdrive.fr/image.ashx?id=2869877&use=l&cat=p&typeid=i","cat":284913},{"id":187336,"n":"Tarte chocolat noisette Biscuits Hafner - 500g","p":8.99,"u":"17,98 €/KG","img":"https://fd5-photos.leclercdrive.fr/image.ashx?id=2464132&use=l&cat=p&typeid=i","cat":284360},{"id":187337,"n":"Brownie  Biscuits Hafner - 350g","p":6.98,"u":"19,94 €/KG","img":"https://fd5-photos.leclercdrive.fr/image.ashx?id=2437653&use=l&cat=p&typeid=i","cat":284360},{"id":187342,"n":"Bûche Nestlé 3 Chocolats 540g","p":6.61,"u":"12,24 €/KG","img":"https://fd5-photos.leclercdrive.fr/image.ashx?id=2936713&use=l&cat=p&typeid=i","cat":284266},{"id":187343,"n":"Bûche Pilpa Exquise 3 Chocolats - 535g","p":5.27,"u":"9,85 €/KG","img":"https://fd5-photos.leclercdrive.fr/image.ashx?id=2751027&use=l&cat=p&typeid=i","cat":284266},{"id":187344,"n":"Bûche Pilpa Caramel beurre salé - 535g","p":5.27,"u":"9,85 €/KG","img":"https://fd5-photos.leclercdrive.fr/image.ashx?id=2751036&use=l&cat=p&typeid=i","cat":284266},{"id":187345,"n":"Bûche Nestlé Délice à l'Ancienne - 540g","p":5.43,"u":"10,06 €/KG","img":"https://fd5-photos.leclercdrive.fr/image.ashx?id=2749982&use=l&cat=p&typeid=i","cat":284266},{"id":187352,"n":"Bûche Pilpa Caprices des Îles - 564g","p":5.27,"u":"9,34 €/KG","img":"https://fd5-photos.leclercdrive.fr/image.ashx?id=2749961&use=l&cat=p&typeid=i","cat":284266},{"id":187353,"n":"Bûchettes Pilpa Les Délices Chocolat x6 - 360g","p":3.56,"u":"9,89 €/KG","img":"https://fd5-photos.leclercdrive.fr/image.ashx?id=2395924&use=l&cat=p&typeid=i","cat":284266},{"id":187355,"n":"Bûche Signature Eskiss Nougat - 487g","p":5.59,"u":"11,48 €/KG","img":"https://fd5-photos.leclercdrive.fr/image.ashx?id=2974822&use=l&cat=p&typeid=i","cat":284266},{"id":187365,"n":"Desserts Lactés P'TIT BRASSE Nature 6M+ - 4x90g","p":1.91,"u":"5,31 €/KG","img":"https://fd5-photos.leclercdrive.fr/image.ashx?id=2594223&use=l&cat=p&typeid=i","cat":312392},{"id":187379,"n":"Bûche glacée Erhard Vanille Caramel - 470g","p":9.97,"pp":6.98,"u":"14,85 €/KG","img":"https://fd5-photos.leclercdrive.fr/image.ashx?id=2395939&use=l&cat=p&typeid=i","cat":284266},{"id":187383,"n":"Fromage à tartiner Madame Loïk Fouetté Ail Fines Herbes - 275g","p":2.94,"u":"10,69 €/KG","img":"https://fd5-photos.leclercdrive.fr/image.ashx?id=2774619&use=l&cat=p&typeid=i","cat":314029},{"id":187385,"n":"IGP Foie gras de canard entier mi-cuit Lartigue et Fils - 300g","p":23.1,"u":"77,00 €/KG","img":"https://fd5-photos.leclercdrive.fr/image.ashx?id=2395957&use=l&cat=p&typeid=i","cat":316008},{"id":187388,"n":"Assortiment chocolats Côte d'Or Collection - 345g","p":12.4,"u":"35,94 €/KG","img":"https://fd5-photos.leclercdrive.fr/image.ashx?id=2494057&use=l&cat=p&typeid=i","cat":327595},{"id":187392,"n":"Tagliatelle Lustucru Selection  Basilic - 300g","p":2.14,"u":"7,13 €/KG","img":"https://fd5-photos.leclercdrive.fr/image.ashx?id=2939490&use=l&cat=p&typeid=i","cat":333682},{"id":187393,"n":"Assortiment chocolats belges Equador - 195g","p":5.15,"u":"26,41 €/KG","img":"https://fd5-photos.leclercdrive.fr/image.ashx?id=3004115&use=l&cat=p&typeid=i","cat":327595},{"id":187394,"n":"Assortiment chocolats belges Equador - 390g","p":9.59,"u":"24,59 €/KG","img":"https://fd5-photos.leclercdrive.fr/image.ashx?id=3004118&use=l&cat=p&typeid=i","cat":327595},{"id":187395,"n":"Tortellini Lustucru Selection  Poulet Crème 300g","p":2.59,"u":"8,63 €/KG","img":"https://fd5-photos.leclercdrive.fr/image.ashx?id=2975212&use=l&cat=p&typeid=i","cat":333682},{"id":187403,"n":"Feuilletés Jambon Fromage Eco+ x10 - 650g","p":2.63,"u":"4,05 €/KG","img":"https://fd5-photos.leclercdrive.fr/image.ashx?id=2814851&use=l&cat=p&typeid=i","cat":319776},{"id":187405,"n":"Petits pois très fins Notre Jardin - 1kg","p":1.79,"img":"https://fd5-photos.leclercdrive.fr/image.ashx?id=2900166&use=l&cat=p&typeid=i","cat":319805},{"id":187410,"n":"Yaourt Délisse Fraise - 4x150g","p":1.99,"u":"3,32 €/P","img":"https://fd5-photos.leclercdrive.fr/image.ashx?id=2883029&use=l&cat=p&typeid=i","cat":314999},{"id":187411,"n":"Sélection de gambas sauvages Pescanova - 800g","p":24.9,"pp":16.43,"u":"20,54 €/KG","img":"https://fd5-photos.leclercdrive.fr/image.ashx?id=2395948&use=l&cat=p&typeid=i","cat":319787},{"id":187448,"n":"Frites ondulées McCain Côté Burger - 650g","p":2.75,"u":"4,23 €/KG","img":"https://fd5-photos.leclercdrive.fr/image.ashx?id=2920027&use=l&cat=p&typeid=i","cat":319791},{"id":187453,"n":"Thé noir Lipton Yellow x100 sachets - 200g","p":4.15,"u":"20,75 €/KG","img":"https://fd5-photos.leclercdrive.fr/image.ashx?id=2517655&use=l&cat=p&typeid=i","cat":293233},{"id":187460,"n":"Sous-vêtements de nuit Ninjamas Fille - T7 - x10","p":8.7,"u":"0,87 €/P","img":"https://fd5-photos.leclercdrive.fr/image.ashx?id=2507212&use=l&cat=p&typeid=i","cat":290633},{"id":187461,"n":"Préparation Tablier Blanc Fondant au chocolat - 320g","p":2.19,"u":"6,84 €/KG","img":"https://fd5-photos.leclercdrive.fr/image.ashx?id=2487500&use=l&cat=p&typeid=i","cat":284505},{"id":187462,"n":"Préparation Tablier Blanc Moelleux au chocolat - 435g","p":1.97,"u":"4,53 €/KG","img":"https://fd5-photos.leclercdrive.fr/image.ashx?id=2487503&use=l&cat=p&typeid=i","cat":284505},{"id":187470,"n":"Brocolis surgelés Eco+ 900g","p":1.77,"u":"1,97 €/KG","img":"https://fd5-photos.leclercdrive.fr/image.ashx?id=2809870&use=l&cat=p&typeid=i","cat":319805},{"id":187471,"n":"Bûche glacée L'Angélys Chocolat Mandarine - 330g","p":8.1,"u":"24,55 €/KG","img":"https://fd5-photos.leclercdrive.fr/image.ashx?id=2902208&use=l&cat=p&typeid=i","cat":284266},{"id":187475,"n":"Dés de Chorizo Fleury Michon 120g","p":2.72,"u":"22,67 €/KG","img":"https://fd5-photos.leclercdrive.fr/image.ashx?id=2661196&use=l&cat=p&typeid=i","cat":316011},{"id":187499,"n":"Yaourt fruits bifidus Activia  Pruneau - 6x125g","p":2.69,"u":"3,59 €/KG","img":"https://fd5-photos.leclercdrive.fr/image.ashx?id=2741817&use=l&cat=p&typeid=i","cat":315000},{"id":187501,"n":"Fuet Extra L'Origine du Goût - 155g","p":2.85,"u":"18,39 €/KG","img":"https://fd5-photos.leclercdrive.fr/image.ashx?id=2840431&use=l&cat=p&typeid=i","cat":316006},{"id":187547,"n":"Moutarde Fine & Forte AMORA Flacon Souple - 460g","p":2.25,"u":"4,89 €/KG","img":"https://fd5-photos.leclercdrive.fr/image.ashx?id=2877271&use=l&cat=p&typeid=i","cat":288850},{"id":187549,"n":"Sérum antichute et croissance Neoptide Ducray - 2x50ml","p":43.89,"u":"438,90 €/L","img":"https://fd5-photos.leclercdrive.fr/image.ashx?id=2977393&use=l&cat=p&typeid=i","cat":290399},{"id":187576,"n":"Pâtes Coquillette Panzani Complètement Bon - 500G","p":1.44,"u":"2,88 €/KG","img":"https://fd5-photos.leclercdrive.fr/image.ashx?id=2902960&use=l&cat=p&typeid=i","cat":284427},{"id":187578,"n":"Pâtes Torti Panzani Complètement Bon - 500G","p":1.36,"u":"2,72 €/KG","img":"https://fd5-photos.leclercdrive.fr/image.ashx?id=2902963&use=l&cat=p&typeid=i","cat":284427},{"id":187597,"n":"Sauce Chili Heinz Mexican style - 245g","p":2.08,"u":"8,49 €/KG","img":"https://fd5-photos.leclercdrive.fr/image.ashx?id=3005287&use=l&cat=p&typeid=i","cat":318431},{"id":187613,"n":"Petits pots bébé P'TITE RECETTE Poisson provençal 12M+ - 2x200g","p":2.01,"u":"5,03 €/KG","img":"https://fd5-photos.leclercdrive.fr/image.ashx?id=2737150&use=l&cat=p&typeid=i","cat":312237},{"id":187631,"n":"Estragon de France Sainte Lucie 50g","p":4.69,"u":"93,80 €/KG","img":"https://fd5-photos.leclercdrive.fr/image.ashx?id=2774310&use=l&cat=p&typeid=i","cat":298297},{"id":187632,"n":"Boisson aux fruits Jafun Troipical - 1.5L","p":1.4,"u":"0,93 €/L","img":"https://fd5-photos.leclercdrive.fr/image.ashx?id=2956783&use=l&cat=p&typeid=i","cat":284916},{"id":187633,"n":"Boisson aux fruits Jafun Fruits du Verger - 1.5L","p":1.39,"u":"0,93 €/L","img":"https://fd5-photos.leclercdrive.fr/image.ashx?id=2956786&use=l&cat=p&typeid=i","cat":284917},{"id":187672,"n":"Gel douche lait Cottage Framboise Bio - 550ml","p":4.12,"u":"7,49 €/L","img":"https://fd5-photos.leclercdrive.fr/image.ashx?id=2398880&use=l&cat=p&typeid=i","cat":284594},{"id":187690,"n":"Fond de teint L'Oréal Paris Infaillible 140 haute couvrance","p":16.1,"img":"https://fd5-photos.leclercdrive.fr/image.ashx?id=2735365&use=l&cat=p&typeid=i","cat":287029},{"id":187705,"n":"Galettes moelleuses napées  St Michel Format familial 360g","p":3.43,"u":"9,53 €/KG","img":"https://fd5-photos.leclercdrive.fr/image.ashx?id=2949982&use=l&cat=p&typeid=i","cat":284495},{"id":187719,"n":"Biscuit Chocorico St Michel 225g","p":1.55,"u":"6,89 €/KG","img":"https://fd5-photos.leclercdrive.fr/image.ashx?id=2949994&use=l&cat=p&typeid=i","cat":284488},{"id":187780,"n":"Haricots verts Eboutés C'ZON Sachet 180g","p":2.09,"u":"11,61 €/KG","img":"https://fd5-photos.leclercdrive.fr/image.ashx?id=2400328&use=l&cat=p&typeid=i","cat":284352},{"id":187808,"n":"Haricots rouges D'aucy  2x125g","p":1.87,"u":"7,48 €/KG","img":"https://fd5-photos.leclercdrive.fr/image.ashx?id=2861933&use=l&cat=p&typeid=i","cat":312606},{"id":187852,"n":"Quartier général Dino Rescue Dès 3 ans","p":72.8,"img":"https://fd5-photos.leclercdrive.fr/image.ashx?id=2415129&use=l&cat=p&typeid=i","cat":334380},{"id":187898,"n":"Barbie et sa garde robe Dès 3 ans","p":74.99,"img":"https://fd5-photos.leclercdrive.fr/image.ashx?id=2415039&use=l&cat=p&typeid=i","cat":334379},{"id":187924,"n":"Ciboulette Sainte Lucie Tibulaire - 10g","p":1.78,"u":"178,00 €/KG","img":"https://fd5-photos.leclercdrive.fr/image.ashx?id=2774448&use=l&cat=p&typeid=i","cat":298297},{"id":187925,"n":"Sucre vanilline Sainte Lucie 5 sachets","p":0.4,"u":"10,53 €/KG","img":"https://fd5-photos.leclercdrive.fr/image.ashx?id=2776127&use=l&cat=p&typeid=i","cat":284504},{"id":187926,"n":"Muesli Bio Village Crousti bio - Chocolat","p":2.9,"u":"5,80 €/KG","img":"https://fd5-photos.leclercdrive.fr/image.ashx?id=2598716&use=l&cat=p&typeid=i","cat":309512},{"id":187986,"n":"Déodorant stick Mennen  Homme intraçable 72h - 60ml","p":3.69,"u":"61,50 €/L","img":"https://fd5-photos.leclercdrive.fr/image.ashx?id=2402346&use=l&cat=p&typeid=i","cat":284618},{"id":187987,"n":"Déodorant stick Homme Mennen 24H Musk Sans Alcool - 60ml","p":3.62,"u":"60,33 €/L","img":"https://fd5-photos.leclercdrive.fr/image.ashx?id=2869113&use=l&cat=p&typeid=i","cat":284618},{"id":187989,"n":"Lait corps hydratant Mixa Raffermissant  - 250ml","p":4.21,"u":"16,84 €/L","img":"https://fd5-photos.leclercdrive.fr/image.ashx?id=2402358&use=l&cat=p&typeid=i","cat":325349},{"id":187990,"n":"Lait Corps Réparateur Mixa Peau abîmée desséchée - 300ml","p":4.09,"u":"13,63 €/L","img":"https://fd5-photos.leclercdrive.fr/image.ashx?id=2908186&use=l&cat=p&typeid=i","cat":325349},{"id":187999,"n":"Lait Corps réparateur Mixa Peaux desséchées - 300ml","p":4.29,"u":"14,30 €/L","img":"https://fd5-photos.leclercdrive.fr/image.ashx?id=2402394&use=l&cat=p&typeid=i","cat":325349},{"id":188000,"n":"Epices curry Sainte Lucie 40g","p":1.89,"u":"47,25 €/KG","img":"https://fd5-photos.leclercdrive.fr/image.ashx?id=2996590&use=l&cat=p&typeid=i","cat":298297},{"id":188001,"n":"Gel coiffant Vivelle DOP Fixation Extrême - 190ml","p":4.21,"u":"22,16 €/L","img":"https://fd5-photos.leclercdrive.fr/image.ashx?id=2402403&use=l&cat=p&typeid=i","cat":284609},{"id":188002,"n":"Gingembre moulu Sainte Lucie 32g","p":2.4,"u":"75,00 €/KG","img":"https://fd5-photos.leclercdrive.fr/image.ashx?id=2774373&use=l&cat=p&typeid=i","cat":298297},{"id":188003,"n":"Gel Coiffant Béton Dop Vivelle Fixation 24h - 190ml","p":4.04,"u":"21,26 €/L","img":"https://fd5-photos.leclercdrive.fr/image.ashx?id=2402406&use=l&cat=p&typeid=i","cat":284609},{"id":188004,"n":"Gel Coiffant Turbo Vivelle Dop Fixation effet mat - 190ml","p":4.4,"u":"23,16 €/L","img":"https://fd5-photos.leclercdrive.fr/image.ashx?id=2402400&use=l&cat=p&typeid=i","cat":284609},{"id":188007,"n":"Gel Coiffant Vivelle Dop Fixation invisible - 190ml","p":4.21,"u":"22,16 €/L","img":"https://fd5-photos.leclercdrive.fr/image.ashx?id=2402397&use=l&cat=p&typeid=i","cat":284609},{"id":188008,"n":"Lait corps Mixa  Peaux extra sèches - 400ml","p":4.53,"u":"11,33 €/L","img":"https://fd5-photos.leclercdrive.fr/image.ashx?id=2402355&use=l&cat=p&typeid=i","cat":325349},{"id":188010,"n":"Lait corps nutritif Mixa A l'huile de karité - 250ml","p":3.83,"u":"15,32 €/L","img":"https://fd5-photos.leclercdrive.fr/image.ashx?id=2402361&use=l&cat=p&typeid=i","cat":325349},{"id":188011,"n":"Tablette de chocolat Lindt Lait noisettes - 2x100g","p":4.53,"u":"22,65 €/KG","img":"https://fd5-photos.leclercdrive.fr/image.ashx?id=2654614&use=l&cat=p&typeid=i","cat":284497},{"id":188013,"n":"Tablette de chocolat Lindt Lait extra fin - 3x100g","p":5.55,"u":"18,50 €/KG","img":"https://fd5-photos.leclercdrive.fr/image.ashx?id=2655853&use=l&cat=p&typeid=i","cat":284497},{"id":188015,"n":"Cœurs de palmier D'aucy  125g","p":3.55,"u":"16,14 €/KG","img":"https://fd5-photos.leclercdrive.fr/image.ashx?id=2401369&use=l&cat=p&typeid=i","cat":312611},{"id":188067,"n":"Gressins au sésame Florelli - 250g","p":2.09,"u":"8,36 €/KG","img":"https://fd5-photos.leclercdrive.fr/image.ashx?id=2544449&use=l&cat=p&typeid=i","cat":289010},{"id":188078,"n":"Déguisement Citrouille - Dès 3 ans","p":6.82,"img":"https://fd5-photos.leclercdrive.fr/image.ashx?id=2222428&use=l&cat=p&typeid=i","cat":334379},{"id":188168,"n":"Féta AOP Salakis Fromage brebis et chèvre - 150g","p":2.95,"u":"19,67 €/KG","img":"https://fd5-photos.leclercdrive.fr/image.ashx?id=2879128&use=l&cat=p&typeid=i","cat":314026},{"id":188170,"n":"Féta AOP affinée Greco Fromage brebis et chèvre - 150g","p":2.91,"u":"19,40 €/KG","img":"https://fd5-photos.leclercdrive.fr/image.ashx?id=2879131&use=l&cat=p&typeid=i","cat":314026},{"id":188271,"n":"Matière grasse doux Astra  À tartiner à cuire 70%MG - 500g","p":2.38,"u":"4,76 €/KG","img":"https://fd5-photos.leclercdrive.fr/image.ashx?id=2406301&use=l&cat=p&typeid=i","cat":315229},{"id":188293,"n":"Moutarde Amora Mi-forte - 260g","p":2.48,"u":"9,54 €/KG","img":"https://fd5-photos.leclercdrive.fr/image.ashx?id=3005398&use=l&cat=p&typeid=i","cat":288850},{"id":188295,"n":"Jambon Le Bon Paris Herta À l'étouffée x4 - 170g","p":2.14,"u":"12,59 €/KG","img":"https://fd5-photos.leclercdrive.fr/image.ashx?id=2731390&use=l&cat=p&typeid=i","cat":316009},{"id":188296,"n":"Jambon Le Bon Paris Herta À l'étouffée x6 - 255g","p":2.84,"u":"11,14 €/KG","img":"https://fd5-photos.leclercdrive.fr/image.ashx?id=2418720&use=l&cat=p&typeid=i","cat":316009},{"id":188297,"n":"Jambon Le Bon Paris Herta À l'étouffée x8 - 340g","p":3.61,"u":"10,62 €/KG","img":"https://fd5-photos.leclercdrive.fr/image.ashx?id=2921519&use=l&cat=p&typeid=i","cat":316009},{"id":188299,"n":"Jambon Le Bon Paris Herta À l'étouffée x10 - 425g","p":4.47,"u":"10,52 €/KG","img":"https://fd5-photos.leclercdrive.fr/image.ashx?id=2757599&use=l&cat=p&typeid=i","cat":316009},{"id":188382,"n":"Ail blanc bio Bio Village 250g","p":3.79,"u":"15,16 €/KG","img":"https://fd5-photos.leclercdrive.fr/image.ashx?id=2922457&use=l&cat=p&typeid=i","cat":284352},{"id":188418,"n":"Ail Eco+ Filet 250g","p":1.99,"u":"7,96 €/KG","img":"https://fd5-photos.leclercdrive.fr/image.ashx?id=2919586&use=l&cat=p&typeid=i","cat":284352},{"id":188529,"n":"Artichaut blanc 1p","p":1.89,"img":"https://fd5-photos.leclercdrive.fr/image.ashx?id=1681565&use=l&cat=p&typeid=i","cat":284352},{"id":188632,"n":"Aubergine  1kg","p":4.99,"u":"4,99 €/KG","img":"https://fd5-photos.leclercdrive.fr/image.ashx?id=1631409&use=l&cat=p&typeid=i","cat":284352},{"id":188717,"n":"Avocat  1p","p":0.89,"img":"https://fd5-photos.leclercdrive.fr/image.ashx?id=1633637&use=l&cat=p&typeid=i","cat":284352},{"id":188719,"n":"Avocat Bio Bio Village En barquette x2","p":3.59,"u":"1,80 €/P","img":"https://fd5-photos.leclercdrive.fr/image.ashx?id=2551984&use=l&cat=p&typeid=i","cat":284352},{"id":188721,"n":"Avocats mûrs à point  Panier du Primeur x2","p":3.39,"u":"1,70 €/P","img":"https://fd5-photos.leclercdrive.fr/image.ashx?id=2373012&use=l&cat=p&typeid=i","cat":284352},{"id":188725,"n":"Avocat 2p","p":4.88,"u":"2,44 €/P","img":"https://fd5-photos.leclercdrive.fr/image.ashx?id=1633643&use=l&cat=p&typeid=i","cat":284352},{"id":188739,"n":"Avocats Eco+ Filet x3","p":1.99,"u":"0,66 €/P","img":"https://fd5-photos.leclercdrive.fr/image.ashx?id=2373009&use=l&cat=p&typeid=i","cat":284352},{"id":188809,"n":"Banane Bio Max Havelaar  Bio Village x5","p":1.99,"u":"0,40 €/P","img":"https://fd5-photos.leclercdrive.fr/image.ashx?id=2323988&use=l&cat=p&typeid=i","cat":284356},{"id":188810,"n":"Banane Bio Max Havelaar  Bio Village x5","p":1.99,"u":"0,40 €/P","img":"https://fd5-photos.leclercdrive.fr/image.ashx?id=2323988&use=l&cat=p&typeid=i","cat":284356},{"id":188847,"n":"Basilic  20g","p":1.43,"u":"71,50 €/KG","img":"https://fd5-photos.leclercdrive.fr/image.ashx?id=588940&use=l&cat=p&typeid=i","cat":293607},{"id":189021,"n":"Carotte Bio Bio Village 1kg","p":1.89,"u":"1,89 €/KG","img":"https://fd5-photos.leclercdrive.fr/image.ashx?id=1457160&use=l&cat=p&typeid=i","cat":284352},{"id":189195,"n":"Blette 1 Botte","p":2.45,"img":"https://fd5-photos.leclercdrive.fr/image.ashx?id=1631403&use=l&cat=p&typeid=i","cat":284352},{"id":189520,"n":"Tomate cocktail en grappe Panier du Primeur - 500g","p":2.49,"u":"4,98 €/KG","img":"https://fd5-photos.leclercdrive.fr/image.ashx?id=2649897&use=l&cat=p&typeid=i","cat":284352},{"id":189702,"n":"Ciboulette  20g","p":1.4,"u":"70,00 €/KG","img":"https://fd5-photos.leclercdrive.fr/image.ashx?id=588960&use=l&cat=p&typeid=i","cat":293607},{"id":189756,"n":"Citrons bio Bio Village Sachet x4","p":1.99,"u":"0,50 €/P","img":"https://fd5-photos.leclercdrive.fr/image.ashx?id=2805063&use=l&cat=p&typeid=i","cat":284356},{"id":189760,"n":"Citrons verts Panier du Primeur 500g","p":1.99,"u":"3,98 €/KG","img":"https://fd5-photos.leclercdrive.fr/image.ashx?id=2373018&use=l&cat=p&typeid=i","cat":284356},{"id":189786,"n":"Citrons verts bio Bio Village Barquette x3","p":2.89,"u":"0,96 €/P","img":"https://fd5-photos.leclercdrive.fr/image.ashx?id=2552017&use=l&cat=p&typeid=i","cat":284356},{"id":189924,"n":"Concombre 1p","p":2.23,"img":"https://fd5-photos.leclercdrive.fr/image.ashx?id=1631895&use=l&cat=p&typeid=i","cat":284352},{"id":190041,"n":"Tomate cerise allongée Plateau - 1kg","p":8.54,"u":"8,54 €/KG","img":"https://fd5-photos.leclercdrive.fr/image.ashx?id=1633463&use=l&cat=p&typeid=i","cat":284352},{"id":190312,"n":"Courgette 1kg","p":3.43,"u":"3,43 €/KG","img":"https://fd5-photos.leclercdrive.fr/image.ashx?id=1631889&use=l&cat=p&typeid=i","cat":284352},{"id":190320,"n":"Courgette Eco+ 1kg","p":2.49,"u":"2,49 €/KG","img":"https://fd5-photos.leclercdrive.fr/image.ashx?id=2625692&use=l&cat=p&typeid=i","cat":284352},{"id":190459,"n":"Échalotes traditionnelles bio  Bio Village - 250g","p":1.99,"u":"7,96 €/KG","img":"https://fd5-photos.leclercdrive.fr/image.ashx?id=2922454&use=l&cat=p&typeid=i","cat":284352},{"id":190503,"n":"Endive Sachet 1kg","p":3.75,"u":"3,75 €/KG","img":"https://fd5-photos.leclercdrive.fr/image.ashx?id=558004&use=l&cat=p&typeid=i","cat":284352},{"id":190554,"n":"Endives Panier du Primeur x5","p":2.49,"u":"0,50 €/P","img":"https://fd5-photos.leclercdrive.fr/image.ashx?id=2655607&use=l&cat=p&typeid=i","cat":284352},{"id":190572,"n":"Endives jeunes pousses  Nos Régions ont du Talent x6","p":2.49,"u":"9,58 €/KG","img":"https://fd5-photos.leclercdrive.fr/image.ashx?id=2778099&use=l&cat=p&typeid=i","cat":284352},{"id":190899,"n":"Tomates rondes Eco+ Filet 1kg","p":1.89,"u":"1,89 €/KG","img":"https://fd5-photos.leclercdrive.fr/image.ashx?id=2769420&use=l&cat=p&typeid=i","cat":284352},{"id":191116,"n":"Patate douce Bio 500g","p":3.11,"u":"6,22 €/KG","img":"https://fd5-photos.leclercdrive.fr/image.ashx?id=1632605&use=l&cat=p&typeid=i","cat":284352},{"id":191136,"n":"Patate douce 1kg","p":3.45,"u":"3,45 €/KG","img":"https://fd5-photos.leclercdrive.fr/image.ashx?id=1632509&use=l&cat=p&typeid=i","cat":284352},{"id":191139,"n":"Patate douce bio Bio Village 500g","p":2.49,"u":"4,98 €/KG","img":"https://fd5-photos.leclercdrive.fr/image.ashx?id=2934805&use=l&cat=p&typeid=i","cat":284352},{"id":191415,"n":"Piment Antillais Barquette 100g","p":2.87,"u":"28,70 €/KG","img":"https://fd5-photos.leclercdrive.fr/image.ashx?id=2023583&use=l&cat=p&typeid=i","cat":284352},{"id":191418,"n":"Botte de radis rose  1p","p":2.59,"img":"https://fd5-photos.leclercdrive.fr/image.ashx?id=558013&use=l&cat=p&typeid=i","cat":284352},{"id":191649,"n":"Pomme de terre primeur  1kg","p":0.95,"u":"0,95 €/KG","img":"https://fd5-photos.leclercdrive.fr/image.ashx?id=1633070&use=l&cat=p&typeid=i","cat":284352},{"id":191662,"n":"Pommes de terre Bio Bio Village Vapeur et sautées  - 1.5kg","p":2.99,"u":"1,99 €/KG","img":"https://fd5-photos.leclercdrive.fr/image.ashx?id=2960535&use=l&cat=p&typeid=i","cat":284352},{"id":191736,"n":"Pomme de terre Cucina Corsa - 2,5kg","p":4.59,"u":"1,84 €/KG","img":"https://fd5-photos.leclercdrive.fr/image.ashx?id=2180265&use=l&cat=p&typeid=i","cat":284352},{"id":191748,"n":"Pomme de terre Bio Bio Village Four Potage - 1.5kg","p":2.99,"u":"1,99 €/KG","img":"https://fd5-photos.leclercdrive.fr/image.ashx?id=2959752&use=l&cat=p&typeid=i","cat":284352},{"id":192021,"n":"Pommes de terre pour four purée potage Panier du Primeur - 2kg","p":2.29,"u":"1,15 €/KG","img":"https://fd5-photos.leclercdrive.fr/image.ashx?id=2959641&use=l&cat=p&typeid=i","cat":284352},{"id":192034,"n":"Pomme de terre Panier Primeur Micro-ondes - 750g","p":1.79,"u":"2,39 €/KG","img":"https://fd5-photos.leclercdrive.fr/image.ashx?id=2649903&use=l&cat=p&typeid=i","cat":284352},{"id":192069,"n":"Pomme de terre grenailles bio Bio Village - 750g","p":1.99,"u":"2,65 €/KG","img":"https://fd5-photos.leclercdrive.fr/image.ashx?id=2960574&use=l&cat=p&typeid=i","cat":284352},{"id":192090,"n":"Pomme De Terre Grenaille 1kg","p":3.99,"u":"3,99 €/KG","img":"https://fd5-photos.leclercdrive.fr/image.ashx?id=2068321&use=l&cat=p&typeid=i","cat":284352},{"id":192141,"n":"Pomme de terre Pom'Allium Spécial cuisine Corse - 2kg","p":3.99,"u":"2,00 €/KG","img":"https://fd5-photos.leclercdrive.fr/image.ashx?id=1450520&use=l&cat=p&typeid=i","cat":284352},{"id":192148,"n":"Pomme de Terre Multari Spécial Frites 2.5kg","p":5.99,"u":"2,40 €/KG","img":"https://fd5-photos.leclercdrive.fr/image.ashx?id=2683124&use=l&cat=p&typeid=i","cat":284352},{"id":192162,"n":"Pomme de Terre Princesse Amandine - 1.5 kg","p":3.59,"u":"2,39 €/KG","img":"https://fd5-photos.leclercdrive.fr/image.ashx?id=2286548&use=l&cat=p&typeid=i","cat":284352},{"id":192186,"n":"Pommes de Terre Pom Soleil Micro-ondes - 750g","p":1.98,"u":"2,64 €/KG","img":"https://fd5-photos.leclercdrive.fr/image.ashx?id=2300845&use=l&cat=p&typeid=i","cat":284352},{"id":192645,"n":"Pommes jaunes Panier du Primeur x6","p":2.49,"u":"0,42 €/P","img":"https://fd5-photos.leclercdrive.fr/image.ashx?id=2338700&use=l&cat=p&typeid=i","cat":284356},{"id":192747,"n":"Pommes Bicolores Eco+ Sachet 2kg","p":2.99,"u":"1,50 €/KG","img":"https://fd5-photos.leclercdrive.fr/image.ashx?id=2537872&use=l&cat=p&typeid=i","cat":284356},{"id":192762,"n":"Pommes bicolores Panier Primeur HVE - Sachet 1.5kg","p":2.99,"u":"1,99 €/KG","img":"https://fd5-photos.leclercdrive.fr/image.ashx?id=2928279&use=l&cat=p&typeid=i","cat":284356},{"id":192885,"n":"Pomelos Eco+ Filet x3","p":1.79,"u":"0,60 €/P","img":"https://fd5-photos.leclercdrive.fr/image.ashx?id=2680524&use=l&cat=p&typeid=i","cat":284356},{"id":193080,"n":"Poivrons bicolores Eco+ x2","p":0.99,"u":"0,50 €/P","img":"https://fd5-photos.leclercdrive.fr/image.ashx?id=2709716&use=l&cat=p&typeid=i","cat":284352},{"id":193101,"n":"Pois gourmand  250g","p":3.75,"u":"15,00 €/KG","img":"https://fd5-photos.leclercdrive.fr/image.ashx?id=1633235&use=l&cat=p&typeid=i","cat":284352},{"id":193194,"n":"Poires Williams  1kg","p":3.21,"u":"3,21 €/KG","img":"https://fd5-photos.leclercdrive.fr/image.ashx?id=1636404&use=l&cat=p&typeid=i","cat":284356},{"id":193248,"n":"Poire bio Bio Village Barquette x4","p":2.99,"u":"0,75 €/P","img":"https://fd5-photos.leclercdrive.fr/image.ashx?id=2552002&use=l&cat=p&typeid=i","cat":284356},{"id":193281,"n":"Poires Panier du Primeur Mûre à point Filière x4","p":3.49,"u":"0,87 €/P","img":"https://fd5-photos.leclercdrive.fr/image.ashx?id=2955038&use=l&cat=p&typeid=i","cat":284356},{"id":193533,"n":"Kiwis Bio Bio Village x6","p":3.49,"u":"0,58 €/P","img":"https://fd5-photos.leclercdrive.fr/image.ashx?id=2556443&use=l&cat=p&typeid=i","cat":284356},{"id":193557,"n":"Kiwi vert Eco+ Barquette 1kg","p":3.99,"u":"3,99 €/KG","img":"https://fd5-photos.leclercdrive.fr/image.ashx?id=2922373&use=l&cat=p&typeid=i","cat":284356},{"id":193590,"n":"Kiwis jaunes 4p","p":4.88,"img":"https://fd5-photos.leclercdrive.fr/image.ashx?id=1633952&use=l&cat=p&typeid=i","cat":284356},{"id":193755,"n":"Myrtilles Panier du Primeur 125g","p":1.99,"u":"15,92 €/KG","img":"https://fd5-photos.leclercdrive.fr/image.ashx?id=2375773&use=l&cat=p&typeid=i","cat":284356},{"id":193824,"n":"Mandarines Panier du Primeur Filet 1.5kg","p":3.99,"pp":2.63,"u":"1,75 €/KG","img":"https://fd5-photos.leclercdrive.fr/image.ashx?id=2922433&use=l&cat=p&typeid=i","cat":284356},{"id":193839,"n":"Mangues fruits mûrs à point 2p","p":3.99,"u":"2,00 €/P","img":"https://fd5-photos.leclercdrive.fr/image.ashx?id=1636395&use=l&cat=p&typeid=i","cat":284356},{"id":193902,"n":"Bouquet de légumes  700g","p":3.74,"u":"5,34 €/KG","img":"https://fd5-photos.leclercdrive.fr/image.ashx?id=1061504&use=l&cat=p&typeid=i","cat":284352},{"id":194064,"n":"Jambon Le Bon Paris Herta  sans nitrite x6 - 210g","p":3.35,"u":"15,95 €/KG","img":"https://fd5-photos.leclercdrive.fr/image.ashx?id=2731396&use=l&cat=p&typeid=i","cat":316009},{"id":194066,"n":"Jambon Le Bon Paris Herta  Torchon sans nitrite x4 - 140g","p":2.78,"u":"19,86 €/KG","img":"https://fd5-photos.leclercdrive.fr/image.ashx?id=2995070&use=l&cat=p&typeid=i","cat":316009},{"id":194071,"n":"Jambon Le Bon Paris Herta -25% de sel x2 - 70g","p":1.49,"u":"21,29 €/KG","img":"https://fd5-photos.leclercdrive.fr/image.ashx?id=2405899&use=l&cat=p&typeid=i","cat":316009},{"id":194073,"n":"Jambon Le Bon Paris Herta -25% de sel x4 - 140g","p":2.21,"u":"15,79 €/KG","img":"https://fd5-photos.leclercdrive.fr/image.ashx?id=2995067&use=l&cat=p&typeid=i","cat":316009},{"id":194075,"n":"Jambon Le Bon Paris Herta -25%  de sel sans nitrite x4 - 140g","p":2.42,"u":"17,29 €/KG","img":"https://fd5-photos.leclercdrive.fr/image.ashx?id=2910124&use=l&cat=p&typeid=i","cat":316009},{"id":194078,"n":"Jambon Le Bon Paris Herta Fumé x4 - 140g","p":2.08,"u":"14,86 €/KG","img":"https://fd5-photos.leclercdrive.fr/image.ashx?id=2918664&use=l&cat=p&typeid=i","cat":316009},{"id":194080,"n":"Jambon Le Bon Paris Herta  broche sans nitrite x4 - 140g","p":3.28,"u":"23,43 €/KG","img":"https://fd5-photos.leclercdrive.fr/image.ashx?id=2881804&use=l&cat=p&typeid=i","cat":316009},{"id":194081,"n":"Jambon Le Bon Paris Fumé Herta sans nitrite x4 - 140g","p":3.03,"u":"21,64 €/KG","img":"https://fd5-photos.leclercdrive.fr/image.ashx?id=2881807&use=l&cat=p&typeid=i","cat":316009},{"id":194293,"n":"Croquette chiot poulet Edgard et Cooper - 1kg","p":7.22,"u":"7,22 €/KG","img":"https://fd5-photos.leclercdrive.fr/image.ashx?id=2407967&use=l&cat=p&typeid=i","cat":284672},{"id":194296,"n":"Bloc de fromage Leerdammer Le Moelleux - 250g","p":3.17,"u":"12,68 €/KG","img":"https://fd5-photos.leclercdrive.fr/image.ashx?id=2421606&use=l&cat=p&typeid=i","cat":314034},{"id":194297,"n":"Tranches de fromage Leerdammer L'Original - 8 Tranches - 200g","p":2.36,"u":"11,80 €/KG","img":"https://fd5-photos.leclercdrive.fr/image.ashx?id=2489199&use=l&cat=p&typeid=i","cat":314028},{"id":194298,"n":"Tranches de fromage Leerdammer L'Original - 16 Tranches - 400g","p":4.4,"u":"11,00 €/KG","img":"https://fd5-photos.leclercdrive.fr/image.ashx?id=2489196&use=l&cat=p&typeid=i","cat":314028},{"id":194299,"n":"Tranches de fromage Leerdammer Le Moelleux-10 Tranches-250g","p":3.63,"u":"14,52 €/KG","img":"https://fd5-photos.leclercdrive.fr/image.ashx?id=2507599&use=l&cat=p&typeid=i","cat":314028},{"id":194301,"n":"Tranches de fromage Leerdammer L'Original - 12 Tranches - 300g","p":3.51,"u":"11,70 €/KG","img":"https://fd5-photos.leclercdrive.fr/image.ashx?id=2507602&use=l&cat=p&typeid=i","cat":314028},{"id":194302,"n":"Tranches de fromage Leerdammer Le Moelleux - 6 Tranches - 150g","p":2.33,"u":"15,53 €/KG","img":"https://fd5-photos.leclercdrive.fr/image.ashx?id=2507590&use=l&cat=p&typeid=i","cat":314028},{"id":194303,"n":"Tranches de fromage Leerdammer Baguette - 12 tranches - 160g","p":3.19,"u":"0,02 €/P","img":"https://fd5-photos.leclercdrive.fr/image.ashx?id=2507605&use=l&cat=p&typeid=i","cat":314028},{"id":194310,"n":"Bonbons KINDER Schoko-Bons Chocolat blanc - 200G","p":3.82,"u":"19,10 €/KG","img":"https://fd5-photos.leclercdrive.fr/image.ashx?id=2406265&use=l&cat=p&typeid=i","cat":304238},{"id":194316,"n":"Pain Burger brioché Biofournil Bio x2 - 150g","p":2.22,"u":"14,80 €/KG","img":"https://fd5-photos.leclercdrive.fr/image.ashx?id=2734420&use=l&cat=p&typeid=i","cat":325067},{"id":194329,"n":"Huile végétale amande douce bio 250ml","p":19.49,"u":"77,96 €/L","img":"https://fd5-photos.leclercdrive.fr/image.ashx?id=2407646&use=l&cat=p&typeid=i","cat":290422},{"id":194334,"n":"Fluide Capital Soleil Vichy SPF50  - 40ml","p":16.49,"u":"412,25 €/L","img":"https://fd5-photos.leclercdrive.fr/image.ashx?id=3001365&use=l&cat=p&typeid=i","cat":290396},{"id":194699,"n":"Lait Corps Nourissant Mixa Effet Soleil - 250ml","p":5.49,"u":"21,96 €/L","img":"https://fd5-photos.leclercdrive.fr/image.ashx?id=2409379&use=l&cat=p&typeid=i","cat":325349},{"id":195757,"n":"AOP Haut Médoc Château La Lagune 2020 - 75cl","p":59.0,"u":"78,67 €/L","img":"https://fd5-photos.leclercdrive.fr/image.ashx?id=2410645&use=l&cat=p&typeid=i","cat":289556},{"id":195766,"n":"AOP vin rouge Pessac Leognan Château Pape Clément 2020 75cl","p":110.0,"u":"146,67 €/L","img":"https://fd5-photos.leclercdrive.fr/image.ashx?id=2432945&use=l&cat=p&typeid=i","cat":289556},{"id":195797,"n":"Parmentier Poulet carottes  Weight Watchers - 300g","p":3.68,"u":"12,27 €/KG","img":"https://fd5-photos.leclercdrive.fr/image.ashx?id=2546296&use=l&cat=p&typeid=i","cat":284953},{"id":195892,"n":"Mini brownie chocolat St Michel - 8x240g","p":2.24,"u":"9,33 €/KG","img":"https://fd5-photos.leclercdrive.fr/image.ashx?id=2936209&use=l&cat=p&typeid=i","cat":294776},{"id":195919,"n":"Jambon Le Bon Paris Herta  sans nitrite x2 - 70g","p":1.88,"u":"26,86 €/KG","img":"https://fd5-photos.leclercdrive.fr/image.ashx?id=2413531&use=l&cat=p&typeid=i","cat":316009},{"id":195960,"n":"Coton-tiges bébé Mots d'Enfants Bio - x60","p":0.65,"u":"0,01 €/P","img":"https://fd5-photos.leclercdrive.fr/image.ashx?id=3015129&use=l&cat=p&typeid=i","cat":284739},{"id":195965,"n":"Mascara waterproof Maybelline Sky High volume & longueur Noir","p":9.45,"pp":6.24,"img":"https://fd5-photos.leclercdrive.fr/image.ashx?id=2833153&use=l&cat=p&typeid=i","cat":287029},{"id":195981,"n":"Liquide vaisselle Excel Paic Anti-odeur actif à froid -500ml","p":1.91,"u":"3,82 €/L","img":"https://fd5-photos.leclercdrive.fr/image.ashx?id=2413176&use=l&cat=p&typeid=i","cat":284655},{"id":195983,"n":"Liquide vaisselle Excel Paic Dégraissant actif à froid 500ml","p":1.92,"u":"3,84 €/L","img":"https://fd5-photos.leclercdrive.fr/image.ashx?id=2413182&use=l&cat=p&typeid=i","cat":284655},{"id":195985,"n":"Mascara Volume L'Oréal Paris Pro Xxl Effet Faux Cils","p":11.57,"img":"https://fd5-photos.leclercdrive.fr/image.ashx?id=2412840&use=l&cat=p&typeid=i","cat":287029},{"id":196114,"n":"Jambon Le Bon Paris Herta À l'étouffé x8 - 280g","p":4.31,"u":"15,39 €/KG","img":"https://fd5-photos.leclercdrive.fr/image.ashx?id=2795036&use=l&cat=p&typeid=i","cat":316009},{"id":196116,"n":"Jambon Le Bon Paris Herta  -25% Sel x6 - 210g","p":2.69,"u":"12,81 €/KG","img":"https://fd5-photos.leclercdrive.fr/image.ashx?id=2707750&use=l&cat=p&typeid=i","cat":316009},{"id":196117,"n":"Jambon Le Bon Paris Herta -25% de sel x2 - 70g","p":1.93,"u":"27,57 €/KG","img":"https://fd5-photos.leclercdrive.fr/image.ashx?id=2414109&use=l&cat=p&typeid=i","cat":316009},{"id":196118,"n":"Jambon Le Bon Paris Herta -25% de sel -x6 - 210g","p":3.61,"u":"17,19 €/KG","img":"https://fd5-photos.leclercdrive.fr/image.ashx?id=2414112&use=l&cat=p&typeid=i","cat":316009},{"id":196120,"n":"Jambon Le Bon Paris Herta Broche x4 - 140g","p":2.59,"u":"18,50 €/KG","img":"https://fd5-photos.leclercdrive.fr/image.ashx?id=3008158&use=l&cat=p&typeid=i","cat":316009},{"id":196156,"n":"Sac poubelle 30L Alfapac  Coulissant poubelle haute x15","p":3.34,"u":"0,22 €/P","img":"https://fd5-photos.leclercdrive.fr/image.ashx?id=2526878&use=l&cat=p&typeid=i","cat":285168},{"id":196165,"n":"Barre de céréales Nature Valley Crunchy chocolat lait X8-160g","p":3.1,"u":"19,38 €/KG","img":"https://fd5-photos.leclercdrive.fr/image.ashx?id=2754465&use=l&cat=p&typeid=i","cat":300032},{"id":196189,"n":"Filet de poulet Douce France Jaune - 720g","p":9.1,"u":"12,64 €/KG","img":"https://fd5-photos.leclercdrive.fr/image.ashx?id=2415344&use=l&cat=p&typeid=i","cat":284336},{"id":196241,"n":"Jambon supérieur Eco+ Sans couenne 4 tranches - 160g","p":1.38,"u":"8,63 €/KG","img":"https://fd5-photos.leclercdrive.fr/image.ashx?id=2744407&use=l&cat=p&typeid=i","cat":316009},{"id":196248,"n":"Bûches densifiées Flamino Haut pouvoir calorifique x4","p":4.39,"u":"1,10 €/P","img":"https://fd5-photos.leclercdrive.fr/image.ashx?id=2815088&use=l&cat=p&typeid=i","cat":300577},{"id":196266,"n":"Mousse à Raser 0% Alcool Mennen Peaux sensibles - 250ml","p":2.25,"u":"9,00 €/L","img":"https://fd5-photos.leclercdrive.fr/image.ashx?id=2661733&use=l&cat=p&typeid=i","cat":284617},{"id":196267,"n":"Mousse à Raser 0% Alcool Mennen Hypoallergénique - 250ml","p":2.25,"u":"9,00 €/L","img":"https://fd5-photos.leclercdrive.fr/image.ashx?id=2661736&use=l&cat=p&typeid=i","cat":284617},{"id":196278,"n":"Crème à récurer CIF Citron CleanBoost 101 Usages 750ml","p":2.39,"u":"3,19 €/L","img":"https://fd5-photos.leclercdrive.fr/image.ashx?id=2948540&use=l&cat=p&typeid=i","cat":325357},{"id":196308,"n":"Raisins secs golden Domino 500g","p":3.47,"u":"6,94 €/KG","img":"https://fd5-photos.leclercdrive.fr/image.ashx?id=2416778&use=l&cat=p&typeid=i","cat":284504},{"id":196319,"n":"Jambon supérieur Eco+ Avec couenne 4 tranches - 160g","p":1.43,"u":"8,94 €/KG","img":"https://fd5-photos.leclercdrive.fr/image.ashx?id=2706550&use=l&cat=p&typeid=i","cat":316009},{"id":196320,"n":"Jambon supérieur Eco+ Avec couenne 6 tranches - 240g","p":2.14,"u":"8,92 €/KG","img":"https://fd5-photos.leclercdrive.fr/image.ashx?id=2706553&use=l&cat=p&typeid=i","cat":316009},{"id":196321,"n":"Jambon supérieur Eco+ Sans couenne 6 tranches - 240g","p":2.09,"u":"8,71 €/KG","img":"https://fd5-photos.leclercdrive.fr/image.ashx?id=2706556&use=l&cat=p&typeid=i","cat":316009},{"id":196374,"n":"Bueno eggs kinder Chocolat - 140g","p":5.22,"u":"37,29 €/KG","img":"https://fd5-photos.leclercdrive.fr/image.ashx?id=2764353&use=l&cat=p&typeid=i","cat":327592},{"id":196378,"n":"Boîte chocolats Ferrero Rocher x16 pralines - 200g","p":5.26,"u":"26,30 €/KG","img":"https://fd5-photos.leclercdrive.fr/image.ashx?id=2963841&use=l&cat=p&typeid=i","cat":327600},{"id":196379,"n":"Boîte chocolats Ferrero Rocher x30 pralines - 375g","p":8.46,"u":"22,56 €/KG","img":"https://fd5-photos.leclercdrive.fr/image.ashx?id=2938091&use=l&cat=p&typeid=i","cat":327600},{"id":196431,"n":"Beurre Nature de Breton  Demi-sel - 80% MG - 250g","p":2.48,"u":"9,92 €/KG","img":"https://fd5-photos.leclercdrive.fr/image.ashx?id=2872042&use=l&cat=p&typeid=i","cat":284379},{"id":196439,"n":"Beurre Nature de Breton Doux - 82% MG - 250g","p":2.48,"u":"9,92 €/KG","img":"https://fd5-photos.leclercdrive.fr/image.ashx?id=2872039&use=l&cat=p&typeid=i","cat":284379},{"id":196471,"n":"Gingembrettes chocolat noir  Les Chevalier d'argouges - 160g","p":6.52,"u":"40,75 €/KG","img":"https://fd5-photos.leclercdrive.fr/image.ashx?id=2842735&use=l&cat=p&typeid=i","cat":327601},{"id":196473,"n":"Panettone Premium Motta Pêche Amaretto Di Saronno -750g","p":11.08,"u":"14,77 €/KG","img":"https://fd5-photos.leclercdrive.fr/image.ashx?id=2679272&use=l&cat=p&typeid=i","cat":327607},{"id":196474,"n":"Panettone premium Motta Limoncello - 750g","p":13.79,"u":"18,39 €/KG","img":"https://fd5-photos.leclercdrive.fr/image.ashx?id=2679266&use=l&cat=p&typeid=i","cat":327607},{"id":196477,"n":"Panettone Premium Motta Traditionnel - 750g","p":13.69,"u":"18,25 €/KG","img":"https://fd5-photos.leclercdrive.fr/image.ashx?id=2679263&use=l&cat=p&typeid=i","cat":327607},{"id":196500,"n":"Authentique Révillon Noir Lait et Blanc - 360g","p":9.89,"u":"27,47 €/KG","img":"https://fd5-photos.leclercdrive.fr/image.ashx?id=2661994&use=l&cat=p&typeid=i","cat":327597},{"id":196506,"n":"Nuggets Fish & Chips Findus Extra croustillant MSC - 490g","p":6.17,"u":"12,59 €/KG","img":"https://fd5-photos.leclercdrive.fr/image.ashx?id=2650705&use=l&cat=p&typeid=i","cat":319788},{"id":196566,"n":"Fromage de Chèvre Chavroux Frais Nature - 150g","p":2.34,"u":"15,60 €/KG","img":"https://fd5-photos.leclercdrive.fr/image.ashx?id=2912161&use=l&cat=p&typeid=i","cat":314031},{"id":196616,"n":"Déodorant bille 24h Adidas Instant cool - 50ml","p":3.05,"u":"61,00 €/L","img":"https://fd5-photos.leclercdrive.fr/image.ashx?id=2474644&use=l&cat=p&typeid=i","cat":284618},{"id":196649,"n":"Spray dégraissant Chanteclair Bicarbonate - 600ml","p":2.56,"u":"4,27 €/L","img":"https://fd5-photos.leclercdrive.fr/image.ashx?id=2419749&use=l&cat=p&typeid=i","cat":325357},{"id":196685,"n":"Pizza Numero Uno Italpizza Margherita - 410g","p":3.62,"u":"8,83 €/KG","img":"https://fd5-photos.leclercdrive.fr/image.ashx?id=2419752&use=l&cat=p&typeid=i","cat":284256},{"id":196686,"n":"Pizza Numero Uno Italpizza Prosciutto & Funghi - 440g","p":3.58,"u":"8,14 €/KG","img":"https://fd5-photos.leclercdrive.fr/image.ashx?id=2419758&use=l&cat=p&typeid=i","cat":284256},{"id":196687,"n":"Pizza Numero Uno Italpizza 5 Fromaggi - 410g","p":3.62,"u":"8,83 €/KG","img":"https://fd5-photos.leclercdrive.fr/image.ashx?id=2419761&use=l&cat=p&typeid=i","cat":284256},{"id":196688,"n":"Pizza Numero Uno Italpizza Salamino - 410g","p":3.58,"u":"8,73 €/KG","img":"https://fd5-photos.leclercdrive.fr/image.ashx?id=2419755&use=l&cat=p&typeid=i","cat":284256},{"id":196689,"n":"Pizza Numero Uno Italpizza Tonno e Cipolla - 410g","p":3.58,"u":"8,73 €/KG","img":"https://fd5-photos.leclercdrive.fr/image.ashx?id=2419764&use=l&cat=p&typeid=i","cat":284256},{"id":196756,"n":"Galettes truite poireaux NRT x2 - 300g","p":3.95,"u":"13,17 €/KG","img":"https://fd5-photos.leclercdrive.fr/image.ashx?id=2982706&use=l&cat=p&typeid=i","cat":333672},{"id":196768,"n":"Aligot à la Tome d'Aubrac NRT Saucisse de Toulouse - 320g","p":3.99,"u":"12,47 €/KG","img":"https://fd5-photos.leclercdrive.fr/image.ashx?id=2723261&use=l&cat=p&typeid=i","cat":333665},{"id":196798,"n":"Lait en poudre Picot  1er âge - 850g","p":16.25,"u":"19,12 €/KG","img":"https://fd5-photos.leclercdrive.fr/image.ashx?id=2925421&use=l&cat=p&typeid=i","cat":284726},{"id":196800,"n":"Lait de croissance Picot 3ème âge - 850g","p":11.15,"u":"13,12 €/KG","img":"https://fd5-photos.leclercdrive.fr/image.ashx?id=2925427&use=l&cat=p&typeid=i","cat":290219},{"id":196820,"n":"Sucre Vanillé Sainte Lucie  Bourbon - x5","p":1.85,"u":"48,68 €/KG","img":"https://fd5-photos.leclercdrive.fr/image.ashx?id=2421132&use=l&cat=p&typeid=i","cat":284504},{"id":196824,"n":"Palets Sainte Lucie Chocolat noir - 125g","p":3.2,"u":"25,60 €/KG","img":"https://fd5-photos.leclercdrive.fr/image.ashx?id=2421141&use=l&cat=p&typeid=i","cat":284504},{"id":196829,"n":"Poivre rouge Sainte Lucie Kampot - 52g","p":6.41,"u":"123,27 €/KG","img":"https://fd5-photos.leclercdrive.fr/image.ashx?id=2421147&use=l&cat=p&typeid=i","cat":284457},{"id":196831,"n":"Mélange d'herbes Sainte Lucie Saveur du potager - 22g","p":3.04,"u":"138,18 €/KG","img":"https://fd5-photos.leclercdrive.fr/image.ashx?id=2421150&use=l&cat=p&typeid=i","cat":298297},{"id":196832,"n":"Assaisonnement  Ducros Persillade - 95g","p":2.51,"u":"26,42 €/KG","img":"https://fd5-photos.leclercdrive.fr/image.ashx?id=2421153&use=l&cat=p&typeid=i","cat":298297},{"id":196856,"n":"Croquettes chat Purina One Chat stérilisé sensible - 1.5kg","p":7.13,"u":"4,75 €/KG","img":"https://fd5-photos.leclercdrive.fr/image.ashx?id=2488085&use=l&cat=p&typeid=i","cat":284680},{"id":196857,"n":"Ramen avec sauce soja Oyakata 63g","p":1.82,"u":"28,89 €/KG","img":"https://fd5-photos.leclercdrive.fr/image.ashx?id=2536161&use=l&cat=p&typeid=i","cat":288992},{"id":196965,"n":"Liqueur de menthe Get 27 17,9° - 70cl","p":11.98,"u":"17,11 €/L","img":"https://fd5-photos.leclercdrive.fr/image.ashx?id=2835565&use=l&cat=p&typeid=i","cat":286032},{"id":196989,"n":"Assortiment compotes x Materne  Pomme Poire banane mangue 100g","p":6.27,"u":"3,92 €/KG","img":"https://fd5-photos.leclercdrive.fr/image.ashx?id=2721595&use=l&cat=p&typeid=i","cat":284508},{"id":197010,"n":"AOP Luberon vin rouge Terrases BIB 3L","p":15.78,"u":"5,26 €/L","img":"https://fd5-photos.leclercdrive.fr/image.ashx?id=2428222&use=l&cat=p&typeid=i","cat":289556},{"id":197096,"n":"IGP Ile de beauté vin blanc Santa Giulietta - 75cl","p":5.62,"u":"7,49 €/L","img":"https://fd5-photos.leclercdrive.fr/image.ashx?id=2425155&use=l&cat=p&typeid=i","cat":289557},{"id":197099,"n":"IGP Ile de beauté vin rosé  Santa Giulietta - BIB 3L","p":12.95,"u":"4,32 €/L","img":"https://fd5-photos.leclercdrive.fr/image.ashx?id=2426956&use=l&cat=p&typeid=i","cat":289558},{"id":197100,"n":"IGP Ile de beauté vin rouge Santa Giulietta - BIB 3L","p":13.95,"u":"4,65 €/L","img":"https://fd5-photos.leclercdrive.fr/image.ashx?id=2426953&use=l&cat=p&typeid=i","cat":289556},{"id":197102,"n":"AOP Corse vin rosé Terra Corsa - 75cl","p":7.15,"u":"9,53 €/L","img":"https://fd5-photos.leclercdrive.fr/image.ashx?id=2426962&use=l&cat=p&typeid=i","cat":289558},{"id":197103,"n":"AOP Corse vin rouge Terra Corsa - 75cl","p":7.15,"u":"9,53 €/L","img":"https://fd5-photos.leclercdrive.fr/image.ashx?id=2426959&use=l&cat=p&typeid=i","cat":289556},{"id":197161,"n":"Traîneau chocolat oeuf Kinder Jaune - 75g","p":3.28,"u":"43,73 €/KG","img":"https://fd5-photos.leclercdrive.fr/image.ashx?id=2426809&use=l&cat=p&typeid=i","cat":327592},{"id":197170,"n":"Ruban adhésif gris Pattex Power Tape Extrême - 20m","p":11.25,"u":"0,56 €/MT","img":"https://fd5-photos.leclercdrive.fr/image.ashx?id=2429239&use=l&cat=p&typeid=i","cat":300576},{"id":197175,"n":"Tube mastic Re-New Rubson Blanc - 5m de joint","p":9.04,"u":"113,00 €/KG","img":"https://fd5-photos.leclercdrive.fr/image.ashx?id=2425685&use=l&cat=p&typeid=i","cat":300576},{"id":197241,"n":"Oranges à jus Panier du Primeur Filet 2kg","p":3.39,"u":"1,70 €/KG","img":"https://fd5-photos.leclercdrive.fr/image.ashx?id=2414570&use=l&cat=p&typeid=i","cat":284356},{"id":197247,"n":"Oranges à déguster Panier du Primeur Filet 2kg","p":3.19,"u":"1,60 €/KG","img":"https://fd5-photos.leclercdrive.fr/image.ashx?id=2414567&use=l&cat=p&typeid=i","cat":284356},{"id":197349,"n":"Gousse de vanille Sainte Lucie Bourbon de Madagascar - 6g","p":4.46,"u":"743,33 €/KG","img":"https://fd5-photos.leclercdrive.fr/image.ashx?id=2731507&use=l&cat=p&typeid=i","cat":284504},{"id":197356,"n":"Tablette de chocolat Lindt Double lait - 2X100G","p":4.32,"u":"21,60 €/KG","img":"https://fd5-photos.leclercdrive.fr/image.ashx?id=2654617&use=l&cat=p&typeid=i","cat":284497},{"id":197364,"n":"Jambon cuit Le Foué Avec couenne 4 tranches - 240g","p":4.35,"u":"18,13 €/KG","img":"https://fd5-photos.leclercdrive.fr/image.ashx?id=1914132&use=l&cat=p&typeid=i","cat":316009},{"id":197366,"n":"Jambon Madrange Torchon 4 tranches - 240g","p":4.3,"u":"17,92 €/KG","img":"https://fd5-photos.leclercdrive.fr/image.ashx?id=1914126&use=l&cat=p&typeid=i","cat":316009},{"id":197367,"n":"Jambon supérieur Sans sel nitrité - 240g","p":5.12,"u":"21,33 €/KG","img":"https://fd5-photos.leclercdrive.fr/image.ashx?id=1914135&use=l&cat=p&typeid=i","cat":316009},{"id":197368,"n":"Jambon supuérieur au Torchon 4 tranches - 240g","p":4.35,"u":"18,13 €/KG","img":"https://fd5-photos.leclercdrive.fr/image.ashx?id=1914129&use=l&cat=p&typeid=i","cat":316009},{"id":197369,"n":"Le Véritable Jambon de Paris 4 tranches - 240g","p":8.81,"u":"36,71 €/KG","img":"https://fd5-photos.leclercdrive.fr/image.ashx?id=1914123&use=l&cat=p&typeid=i","cat":316009},{"id":197370,"n":"Jambon 3 noix  Tradilège 4 tranches - 240g","p":4.3,"u":"17,92 €/KG","img":"https://fd5-photos.leclercdrive.fr/image.ashx?id=1914129&use=l&cat=p&typeid=i","cat":316009},{"id":197399,"n":"Foie de morue nature Nautilus Citron - 120g","p":1.66,"u":"13,83 €/KG","img":"https://fd5-photos.leclercdrive.fr/image.ashx?id=2759298&use=l&cat=p&typeid=i","cat":305147},{"id":197444,"n":"Friandise pour chat Dentalife Chat adulte - Poulet - 140g","p":4.43,"u":"31,64 €/KG","img":"https://fd5-photos.leclercdrive.fr/image.ashx?id=2901127&use=l&cat=p&typeid=i","cat":285285},{"id":197475,"n":"Effilés Chat Junior Purina One Sauce saumon ou poulet - 8x85g","p":4.43,"u":"6,51 €/KG","img":"https://fd5-photos.leclercdrive.fr/image.ashx?id=2899731&use=l&cat=p&typeid=i","cat":285286},{"id":197486,"n":"Soupe en sachets chat Felix Selection de poissons - 6x48g","p":2.35,"u":"8,16 €/KG","img":"https://fd5-photos.leclercdrive.fr/image.ashx?id=2968553&use=l&cat=p&typeid=i","cat":285286},{"id":197547,"n":"Bâtonnets à mâcher Dentalife ActivFresh - 115g - x7","p":2.28,"u":"19,83 €/KG","img":"https://fd5-photos.leclercdrive.fr/image.ashx?id=2902373&use=l&cat=p&typeid=i","cat":294527},{"id":197561,"n":"Bâtonnet à mâcher Dentalife ActivFresh - 115g - x5","p":2.25,"u":"19,57 €/KG","img":"https://fd5-photos.leclercdrive.fr/image.ashx?id=2427697&use=l&cat=p&typeid=i","cat":294527},{"id":197592,"n":"Tomme de Brebis 200g","p":5.35,"u":"26,75 €/KG","img":"https://fd5-photos.leclercdrive.fr/image.ashx?id=2429578&use=l&cat=p&typeid=i","cat":329184},{"id":197593,"n":"U Capraltu Chèvre 280g","p":10.03,"u":"35,82 €/KG","img":"https://fd5-photos.leclercdrive.fr/image.ashx?id=2429575&use=l&cat=p&typeid=i","cat":314031},{"id":197594,"n":"Tomme de Chèvre 200g","p":6.03,"u":"30,15 €/KG","img":"https://fd5-photos.leclercdrive.fr/image.ashx?id=2429572&use=l&cat=p&typeid=i","cat":329184},{"id":197596,"n":"Tomme de Brebis à la Truffe 200g","p":6.46,"u":"32,30 €/KG","img":"https://fd5-photos.leclercdrive.fr/image.ashx?id=2429566&use=l&cat=p&typeid=i","cat":329184},{"id":197597,"n":"Chèvre à la Truffe A Capra Nera 240g","p":8.98,"u":"37,42 €/KG","img":"https://fd5-photos.leclercdrive.fr/image.ashx?id=2429563&use=l&cat=p&typeid=i","cat":314031},{"id":197625,"n":"Tablette de chocolat noir Lindt 3x100g","p":4.09,"u":"13,63 €/KG","img":"https://fd5-photos.leclercdrive.fr/image.ashx?id=2721422&use=l&cat=p&typeid=i","cat":284956},{"id":197628,"n":"Gousse de vanille Sainte-Lucie Papouasie x1","p":2.69,"img":"https://fd5-photos.leclercdrive.fr/image.ashx?id=2427967&use=l&cat=p&typeid=i","cat":284504},{"id":197635,"n":"Ail de France Sainte Lucie 55g","p":3.04,"u":"55,27 €/KG","img":"https://fd5-photos.leclercdrive.fr/image.ashx?id=2427970&use=l&cat=p&typeid=i","cat":298297},{"id":197637,"n":"Sainte Lucie Persillade Provençale - 19g","p":1.55,"u":"81,58 €/KG","img":"https://fd5-photos.leclercdrive.fr/image.ashx?id=2427973&use=l&cat=p&typeid=i","cat":298297},{"id":197638,"n":"Coriandre poudre Sainte Lucie 30g","p":1.81,"u":"60,33 €/KG","img":"https://fd5-photos.leclercdrive.fr/image.ashx?id=2435186&use=l&cat=p&typeid=i","cat":298297},{"id":197642,"n":"Décors à manger Sainte Lucie Licornes  x1","p":3.02,"img":"https://fd5-photos.leclercdrive.fr/image.ashx?id=2427976&use=l&cat=p&typeid=i","cat":284504},{"id":197648,"n":"Crayon pâtissier Sainte Lucie Goût choco-noisette - 20g","p":1.96,"u":"98,00 €/KG","img":"https://fd5-photos.leclercdrive.fr/image.ashx?id=2427979&use=l&cat=p&typeid=i","cat":284504},{"id":197660,"n":"36 Escargots Escal à l'alsacienne - 202g","p":11.93,"u":"59,06 €/KG","img":"https://fd5-photos.leclercdrive.fr/image.ashx?id=2966683&use=l&cat=p&typeid=i","cat":319775},{"id":197697,"n":"Crème de nuit L'Oréal Paris Age perfect Anti-âge - 50ml","p":11.97,"pp":7.9,"u":"158,00 €/L","img":"https://fd5-photos.leclercdrive.fr/image.ashx?id=2428441&use=l&cat=p&typeid=i","cat":325345},{"id":197710,"n":"Tartare Végétal Lait d'Amande  Herbes de Provence - 140g","p":1.9,"u":"13,57 €/KG","img":"https://fd5-photos.leclercdrive.fr/image.ashx?id=2427988&use=l&cat=p&typeid=i","cat":316070},{"id":197713,"n":"Fromage à Tartiner St Môret  Nature - 500g","p":5.06,"u":"10,12 €/KG","img":"https://fd5-photos.leclercdrive.fr/image.ashx?id=2427991&use=l&cat=p&typeid=i","cat":314029},{"id":197722,"n":"Pavé aux céréales  400g","p":1.95,"u":"4,88 €/KG","img":"https://fd5-photos.leclercdrive.fr/image.ashx?id=2063107&use=l&cat=p&typeid=i","cat":284359},{"id":197726,"n":"Pomme de Terre Bintje 2.5kg","p":3.99,"u":"1,60 €/KG","img":"https://fd5-photos.leclercdrive.fr/image.ashx?id=2428012&use=l&cat=p&typeid=i","cat":284352},{"id":197913,"n":"Foie gras de canard entier IGP Jean Larnaudie - Lobe 100g","p":21.49,"u":"214,90 €/KG","img":"https://fd5-photos.leclercdrive.fr/image.ashx?id=2429788&use=l&cat=p&typeid=i","cat":316008},{"id":197930,"n":"Kiwi jaune Panier du Primeur x4","p":3.49,"u":"0,87 €/P","img":"https://fd5-photos.leclercdrive.fr/image.ashx?id=2928303&use=l&cat=p&typeid=i","cat":284356},{"id":197952,"n":"Pastabox Sodebo  Tortellini chèvre tomate - 280g","p":3.05,"u":"10,89 €/KG","img":"https://fd5-photos.leclercdrive.fr/image.ashx?id=2833429&use=l&cat=p&typeid=i","cat":334983},{"id":198028,"n":"Confiture de cédrat 240 g Maison Cappaccini","p":3.88,"u":"16,17 €/KG","img":"https://fd5-photos.leclercdrive.fr/image.ashx?id=2435462&use=l&cat=p&typeid=i","cat":284480},{"id":198029,"n":"Confiture Maison Cappaccini Figues entières - 240g","p":3.35,"u":"13,96 €/KG","img":"https://fd5-photos.leclercdrive.fr/image.ashx?id=2435459&use=l&cat=p&typeid=i","cat":284480},{"id":198193,"n":"Bière Lindemans framboise 25cl","p":1.95,"u":"7,80 €/L","img":"https://fd5-photos.leclercdrive.fr/image.ashx?id=2433458&use=l&cat=p&typeid=i","cat":334872},{"id":198195,"n":"Bière Lindemans New Pecheresse 25cl","p":2.14,"u":"8,56 €/L","img":"https://fd5-photos.leclercdrive.fr/image.ashx?id=2433461&use=l&cat=p&typeid=i","cat":334872},{"id":198196,"n":"Les Arrangés Divins Bio Poivre menthe citron vert 70cl","p":25.53,"u":"36,47 €/L","img":"https://fd5-photos.leclercdrive.fr/image.ashx?id=2435495&use=l&cat=p&typeid=i","cat":284550},{"id":198232,"n":"Bâche pare brise TECH9 Anti-givre - 160x70cm","p":4.55,"img":"https://fd5-photos.leclercdrive.fr/image.ashx?id=2436396&use=l&cat=p&typeid=i","cat":298252},{"id":198268,"n":"Gin Bombay Citron Pressé 37,5° - 70cl","p":22.23,"u":"31,76 €/L","img":"https://fd5-photos.leclercdrive.fr/image.ashx?id=2842951&use=l&cat=p&typeid=i","cat":284550},{"id":198281,"n":"Langoustines crues Savigny 800g","p":12.49,"u":"15,61 €/KG","img":"https://fd5-photos.leclercdrive.fr/image.ashx?id=2788778&use=l&cat=p&typeid=i","cat":319787},{"id":198290,"n":"Thé Earl Grey Twinings 100 sachets - 200g","p":7.38,"u":"36,90 €/KG","img":"https://fd5-photos.leclercdrive.fr/image.ashx?id=2893021&use=l&cat=p&typeid=i","cat":293233},{"id":198338,"n":"Confiture Douceur du Verger Fraise intense - 320 g","p":1.42,"u":"4,44 €/KG","img":"https://fd5-photos.leclercdrive.fr/image.ashx?id=2965605&use=l&cat=p&typeid=i","cat":284480},{"id":198348,"n":"Confiture Douceur du Verger Abricot intense - 320 g","p":1.42,"u":"4,44 €/KG","img":"https://fd5-photos.leclercdrive.fr/image.ashx?id=2965608&use=l&cat=p&typeid=i","cat":284480},{"id":198349,"n":"Confiture Douceur du Verger Myrtille intense - 320g","p":1.99,"u":"6,22 €/KG","img":"https://fd5-photos.leclercdrive.fr/image.ashx?id=2965611&use=l&cat=p&typeid=i","cat":284480},{"id":198355,"n":"Confiture Douceur du Verger Framboise intense - 320g","p":2.1,"u":"6,56 €/KG","img":"https://fd5-photos.leclercdrive.fr/image.ashx?id=2965614&use=l&cat=p&typeid=i","cat":284480},{"id":198356,"n":"Confiture Douceur du Verger 3 agrumes Intense - 320g","p":1.66,"u":"5,19 €/KG","img":"https://fd5-photos.leclercdrive.fr/image.ashx?id=2966376&use=l&cat=p&typeid=i","cat":284480},{"id":198357,"n":"Confiture Douceur du Verger Fruits rouges intense - 320g","p":1.7,"u":"5,31 €/KG","img":"https://fd5-photos.leclercdrive.fr/image.ashx?id=2965617&use=l&cat=p&typeid=i","cat":284480},{"id":198522,"n":"Haricots vert Bio Village Bio - 180g","p":1.99,"u":"11,06 €/KG","img":"https://fd5-photos.leclercdrive.fr/image.ashx?id=3002713&use=l&cat=p&typeid=i","cat":312606},{"id":198523,"n":"Desserts Lactés P'TIT ONCTUEUX Fromage blanc 6M+ - 4x90g","p":1.91,"u":"5,31 €/KG","img":"https://fd5-photos.leclercdrive.fr/image.ashx?id=2435707&use=l&cat=p&typeid=i","cat":312392},{"id":198528,"n":"Bouillon Cube Bio Maggi Volaille dégraissé - 80g","p":2.06,"u":"25,75 €/KG","img":"https://fd5-photos.leclercdrive.fr/image.ashx?id=2435722&use=l&cat=p&typeid=i","cat":288379},{"id":198531,"n":"Vinaigre ménager multi-usages 12° - 5L","p":4.99,"u":"1,00 €/L","img":"https://fd5-photos.leclercdrive.fr/image.ashx?id=2435905&use=l&cat=p&typeid=i","cat":325365},{"id":198535,"n":"Velouté Knorr Légumes français -1L","p":2.45,"u":"2,45 €/L","img":"https://fd5-photos.leclercdrive.fr/image.ashx?id=2435935&use=l&cat=p&typeid=i","cat":284462},{"id":198552,"n":"Arome vanille Sainte Lucie naturel -  50ml","p":2.46,"u":"49,20 €/KG","img":"https://fd5-photos.leclercdrive.fr/image.ashx?id=2435908&use=l&cat=p&typeid=i","cat":284504},{"id":198558,"n":"Cranberries Sainte Lucie 125g","p":2.55,"u":"20,40 €/KG","img":"https://fd5-photos.leclercdrive.fr/image.ashx?id=2435914&use=l&cat=p&typeid=i","cat":284504},{"id":198623,"n":"Capsules Nescafé Dolce Gusto  Double Espresso - x16","p":5.42,"u":"39,85 €/KG","img":"https://fd5-photos.leclercdrive.fr/image.ashx?id=2687245&use=l&cat=p&typeid=i","cat":293239},{"id":198669,"n":"Sugo al basilico  340g","p":1.69,"u":"4,97 €/KG","img":"https://fd5-photos.leclercdrive.fr/image.ashx?id=2840025&use=l&cat=p&typeid=i","cat":288384},{"id":198696,"n":"Champagne Montaudon 75cl","p":28.9,"pp":24.56,"u":"32,75 €/L","img":"https://fd5-photos.leclercdrive.fr/image.ashx?id=2436885&use=l&cat=p&typeid=i","cat":284542},{"id":198791,"n":"Croûtons Maison 250grs","p":1.95,"u":"7,80 €/KG","img":"https://fd5-photos.leclercdrive.fr/image.ashx?id=1691357&use=l&cat=p&typeid=i","cat":284464},{"id":198794,"n":"Protège-slips Doulys Ultra-mince Long - x30","p":1.25,"u":"0,04 €/P","img":"https://fd5-photos.leclercdrive.fr/image.ashx?id=2882343&use=l&cat=p&typeid=i","cat":284625},{"id":198806,"n":"Fromage pour Tartiflette Président - 480g","p":5.82,"u":"12,13 €/KG","img":"https://fd5-photos.leclercdrive.fr/image.ashx?id=2757018&use=l&cat=p&typeid=i","cat":314037},{"id":198808,"n":"Croustillants cheddar Président 6 pièces - 150g","p":3.25,"u":"21,67 €/KG","img":"https://fd5-photos.leclercdrive.fr/image.ashx?id=2856079&use=l&cat=p&typeid=i","cat":314027},{"id":198835,"n":"Gel à raser Satin Care Gillette Nettoyant 2 en 1 - 190ML","p":16.29,"u":"85,74 €/L","img":"https://fd5-photos.leclercdrive.fr/image.ashx?id=2529132&use=l&cat=p&typeid=i","cat":325352},{"id":198859,"n":"Pizza Turini Chèvre et Miel - 380g","p":3.29,"u":"8,66 €/KG","img":"https://fd5-photos.leclercdrive.fr/image.ashx?id=2888965&use=l&cat=p&typeid=i","cat":333679},{"id":198867,"n":"Lames de rasoir Gillette Mach 3 - x4","p":14.18,"u":"3,55 €/P","img":"https://fd5-photos.leclercdrive.fr/image.ashx?id=2859905&use=l&cat=p&typeid=i","cat":284616},{"id":198877,"n":"Rasoir Mach 3 Gillette 3 lames -x1","p":15.46,"img":"https://fd5-photos.leclercdrive.fr/image.ashx?id=2971416&use=l&cat=p&typeid=i","cat":284616},{"id":198905,"n":"Lames de rasoir Gillette Mach 3 - x8","p":19.33,"u":"2,42 €/P","img":"https://fd5-photos.leclercdrive.fr/image.ashx?id=2859917&use=l&cat=p&typeid=i","cat":284616},{"id":198924,"n":"Gel à raser GilletteLabs Skin Care - 198ml","p":5.7,"u":"28,79 €/MT","img":"https://fd5-photos.leclercdrive.fr/image.ashx?id=2955215&use=l&cat=p&typeid=i","cat":284617},{"id":198951,"n":"Rasoir GilletteLabs Barre exfoliante - 3 lames - x1","p":34.36,"img":"https://fd5-photos.leclercdrive.fr/image.ashx?id=2437011&use=l&cat=p&typeid=i","cat":284616},{"id":198959,"n":"Gel désodorisant Uni vert Lavande Eucalyptus","p":1.39,"img":"https://fd5-photos.leclercdrive.fr/image.ashx?id=2478934&use=l&cat=p&typeid=i","cat":311628},{"id":198968,"n":"Bloc wc javel Syphon eau bleue x2 - 100g","p":1.78,"u":"17,80 €/KG","img":"https://fd5-photos.leclercdrive.fr/image.ashx?id=2437005&use=l&cat=p&typeid=i","cat":284662},{"id":198972,"n":"Nettoyant ménager Clair Désinfectant - 5L","p":3.96,"u":"0,79 €/L","img":"https://fd5-photos.leclercdrive.fr/image.ashx?id=2909407&use=l&cat=p&typeid=i","cat":284907},{"id":198974,"n":"Perles désodorisantes Bien Air Agrumes","p":2.39,"img":"https://fd5-photos.leclercdrive.fr/image.ashx?id=2939094&use=l&cat=p&typeid=i","cat":311628},{"id":198977,"n":"Bûche Nestlé Caramel Beurre Salé, 1l","p":5.36,"u":"5,36 €/L","img":"https://fd5-photos.leclercdrive.fr/image.ashx?id=2936701&use=l&cat=p&typeid=i","cat":284266},{"id":199018,"n":"AOC Beaumes de Venise rouge Grand Cardinal de Bonpas - 75cl","p":8.5,"pp":6.37,"u":"8,49 €/L","img":"https://fd5-photos.leclercdrive.fr/image.ashx?id=2830150&use=l&cat=p&typeid=i","cat":289556},{"id":199066,"n":"Escargots Bourgogne Label Rouge Recette Bourguignone x36 223g","p":18.9,"pp":12.47,"u":"55,92 €/KG","img":"https://fd5-photos.leclercdrive.fr/image.ashx?id=2628776&use=l&cat=p&typeid=i","cat":319775},{"id":199267,"n":"Bûche glacée Pilpa Douceur Citron Meringue 464g","p":5.27,"u":"11,36 €/KG","img":"https://fd5-photos.leclercdrive.fr/image.ashx?id=2751030&use=l&cat=p&typeid=i","cat":284266},{"id":199298,"n":"Bûche glacée Eskiss Façon Pêche Melba - 565g","p":5.3,"u":"9,38 €/KG","img":"https://fd5-photos.leclercdrive.fr/image.ashx?id=2969003&use=l&cat=p&typeid=i","cat":284266},{"id":199461,"n":"Chocolat Kinder Surprise x6 oeufs - 6x20g","p":7.42,"u":"61,83 €/KG","img":"https://fd5-photos.leclercdrive.fr/image.ashx?id=2826336&use=l&cat=p&typeid=i","cat":327592},{"id":199510,"n":"Cervelas Herta Sans nitrite - 400g","p":3.66,"u":"9,15 €/KG","img":"https://fd5-photos.leclercdrive.fr/image.ashx?id=2443835&use=l&cat=p&typeid=i","cat":316012},{"id":199512,"n":"Cervelas Herta Sans nitrite - 200g","p":2.75,"u":"13,75 €/KG","img":"https://fd5-photos.leclercdrive.fr/image.ashx?id=2443832&use=l&cat=p&typeid=i","cat":316012},{"id":199530,"n":"Lait corps Mixa Anti-dessèchement - 400ml","p":4.87,"u":"12,18 €/L","img":"https://fd5-photos.leclercdrive.fr/image.ashx?id=2444372&use=l&cat=p&typeid=i","cat":325349},{"id":199552,"n":"Dentifrice Elmex Anti-caries Original - 75ml","p":4.39,"u":"58,53 €/L","img":"https://fd5-photos.leclercdrive.fr/image.ashx?id=2852181&use=l&cat=p&typeid=i","cat":284612},{"id":199553,"n":"Dentifrice Elmex Sensitive Original - 75ml","p":5.59,"u":"74,53 €/L","img":"https://fd5-photos.leclercdrive.fr/image.ashx?id=2738404&use=l&cat=p&typeid=i","cat":284612},{"id":199554,"n":"Dentifrice Elmex Sensitive  Haleine fraîche - 75ml","p":4.37,"u":"58,27 €/L","img":"https://fd5-photos.leclercdrive.fr/image.ashx?id=2738407&use=l&cat=p&typeid=i","cat":284612},{"id":199557,"n":"Dentifrice Elmex Anti-caries Haleine fraîche - 75 ml","p":4.23,"u":"56,40 €/MT","img":"https://fd5-photos.leclercdrive.fr/image.ashx?id=2738419&use=l&cat=p&typeid=i","cat":284612},{"id":199559,"n":"Dentifrice Elmex Sensitive  Blancheur douce - 2x75ml","p":8.1,"u":"54,00 €/MT","img":"https://fd5-photos.leclercdrive.fr/image.ashx?id=2738425&use=l&cat=p&typeid=i","cat":284612},{"id":199598,"n":"Désodorisant diffuseur Airwick  Active Fresh Vanille - 228ml","p":8.92,"u":"39,12 €/L","img":"https://fd5-photos.leclercdrive.fr/image.ashx?id=2864672&use=l&cat=p&typeid=i","cat":311629},{"id":199817,"n":"Vodka Absolut Raspberries - 70cl 38% vol.","p":17.71,"u":"25,30 €/L","img":"https://fd5-photos.leclercdrive.fr/image.ashx?id=2871139&use=l&cat=p&typeid=i","cat":284550},{"id":200055,"n":"Chèvre crémeux Atelier Blini 140g","p":3.24,"u":"23,14 €/KG","img":"https://fd5-photos.leclercdrive.fr/image.ashx?id=3008326&use=l&cat=p&typeid=i","cat":315999},{"id":200135,"n":"Liqueur de menthe Get 27 Edition Limitée 17,9° - 70cl","p":10.95,"u":"15,64 €/L","img":"https://fd5-photos.leclercdrive.fr/image.ashx?id=2445787&use=l&cat=p&typeid=i","cat":286032},{"id":200218,"n":"Repas bébé Blédina 15 mois carotte pâte épices poulet 200g","p":2.52,"u":"12,60 €/KG","img":"https://fd5-photos.leclercdrive.fr/image.ashx?id=2951632&use=l&cat=p&typeid=i","cat":312238},{"id":200297,"n":"Deuxième Génération 1820 blanc Jeanne & Célerin - 75cl","p":15.5,"u":"20,67 €/L","img":"https://fd5-photos.leclercdrive.fr/image.ashx?id=2447984&use=l&cat=p&typeid=i","cat":289557},{"id":200323,"n":"Cassoulet Castelnaudary NRT 420g","p":2.5,"u":"5,95 €/KG","img":"https://fd5-photos.leclercdrive.fr/image.ashx?id=2805990&use=l&cat=p&typeid=i","cat":284440},{"id":200325,"n":"Lamelles Sainte Lucie Ecorces d'orange confites 100g","p":4.09,"u":"40,90 €/KG","img":"https://fd5-photos.leclercdrive.fr/image.ashx?id=2447927&use=l&cat=p&typeid=i","cat":284504},{"id":200368,"n":"Tartines croustillantes Wasa Complet - 260g","p":2.32,"u":"8,92 €/KG","img":"https://fd5-photos.leclercdrive.fr/image.ashx?id=2448196&use=l&cat=p&typeid=i","cat":284479},{"id":200372,"n":"Mélange pour pain Sainte Lucie 33g","p":2.04,"u":"61,82 €/KG","img":"https://fd5-photos.leclercdrive.fr/image.ashx?id=2448193&use=l&cat=p&typeid=i","cat":284504},{"id":200375,"n":"Melange  mexicain Sainte Lucie 20g","p":1.18,"u":"59,00 €/KG","img":"https://fd5-photos.leclercdrive.fr/image.ashx?id=2448388&use=l&cat=p&typeid=i","cat":284504},{"id":200379,"n":"Cassoulet Castelnaud NRT 840g","p":4.3,"u":"5,12 €/KG","img":"https://fd5-photos.leclercdrive.fr/image.ashx?id=2805993&use=l&cat=p&typeid=i","cat":284440},{"id":200384,"n":"Grande flute Eco+ Fromage - 150g","p":1.39,"u":"9,27 €/KG","img":"https://fd5-photos.leclercdrive.fr/image.ashx?id=2681461&use=l&cat=p&typeid=i","cat":297000},{"id":200638,"n":"Tarama Truffe Ronde des Mers - 100g","p":1.99,"u":"19,90 €/KG","img":"https://fd5-photos.leclercdrive.fr/image.ashx?id=2822761&use=l&cat=p&typeid=i","cat":315999},{"id":200648,"n":"Escargot de Bourgogne surgelé L'origine du goût x12 - 110g","p":6.99,"u":"63,55 €/KG","img":"https://fd5-photos.leclercdrive.fr/image.ashx?id=2450330&use=l&cat=p&typeid=i","cat":319775},{"id":200649,"n":"Saumon fumé d'Écosse L'Origine du Goût x2 - 70g","p":4.55,"u":"65,00 €/KG","img":"https://fd5-photos.leclercdrive.fr/image.ashx?id=2820454&use=l&cat=p&typeid=i","cat":285188},{"id":200697,"n":"Eau Minérale Sant'Anna Naturelle Plate 6x1,5L","p":3.48,"u":"0,39 €/L","img":"https://fd5-photos.leclercdrive.fr/image.ashx?id=2463691&use=l&cat=p&typeid=i","cat":284535},{"id":200699,"n":"Eau Minérale Sant'Anna Naturelle Plate 6x50cl","p":2.39,"u":"0,80 €/L","img":"https://fd5-photos.leclercdrive.fr/image.ashx?id=2460356&use=l&cat=p&typeid=i","cat":284535},{"id":200711,"n":"Soupe liquide brique Liebig  Potiron Chataîgne - 2x30cl","p":2.34,"u":"3,90 €/L","img":"https://fd5-photos.leclercdrive.fr/image.ashx?id=2693485&use=l&cat=p&typeid=i","cat":284462},{"id":200713,"n":"Biscuits BN Choco Star Chocolat au lait - 195g","p":2.02,"u":"10,36 €/KG","img":"https://fd5-photos.leclercdrive.fr/image.ashx?id=2730487&use=l&cat=p&typeid=i","cat":284488},{"id":200714,"n":"Céréales Lion Nestlé   Triple Crunchy - 550g","p":3.61,"u":"6,56 €/KG","img":"https://fd5-photos.leclercdrive.fr/image.ashx?id=2893538&use=l&cat=p&typeid=i","cat":309513},{"id":200763,"n":"Gel lavant hydratant Sanytol Aloe vera Bio - 250ml","p":2.54,"u":"10,16 €/L","img":"https://fd5-photos.leclercdrive.fr/image.ashx?id=2905273&use=l&cat=p&typeid=i","cat":284597},{"id":200774,"n":"AIRWICK Recharge Active Fresh Désodorisant Vanille - 228ml","p":5.46,"u":"23,95 €/L","img":"https://fd5-photos.leclercdrive.fr/image.ashx?id=2864675&use=l&cat=p&typeid=i","cat":311629},{"id":200779,"n":"Nettoyant sol Vigor Désincrustant intense - 1L","p":3.02,"u":"3,02 €/L","img":"https://fd5-photos.leclercdrive.fr/image.ashx?id=2736160&use=l&cat=p&typeid=i","cat":284907},{"id":200780,"n":"Protège-lingerie Nana x30","p":2.02,"u":"0,07 €/P","img":"https://fd5-photos.leclercdrive.fr/image.ashx?id=3003432&use=l&cat=p&typeid=i","cat":284625},{"id":200781,"n":"Serviettes hygiéniques Nana Maxi régulier+ x16","p":2.05,"u":"0,13 €/P","img":"https://fd5-photos.leclercdrive.fr/image.ashx?id=2454454&use=l&cat=p&typeid=i","cat":284624},{"id":200891,"n":"Eclairs fondant chocolat x4 - 280g","p":3.95,"u":"14,11 €/KG","img":"https://fd5-photos.leclercdrive.fr/image.ashx?id=2453358&use=l&cat=p&typeid=i","cat":284360},{"id":200987,"n":"Mini burger Jacquet Nature x10 - 210g","p":1.93,"u":"9,19 €/KG","img":"https://fd5-photos.leclercdrive.fr/image.ashx?id=2991873&use=l&cat=p&typeid=i","cat":325067},{"id":201001,"n":"Eau de source de Montagne 8L","p":1.89,"u":"0,24 €/L","img":"https://fd5-photos.leclercdrive.fr/image.ashx?id=2453162&use=l&cat=p&typeid=i","cat":284535},{"id":201017,"n":"Crêpes dentelles Bretagne NRT 120g","p":1.72,"u":"14,33 €/KG","img":"https://fd5-photos.leclercdrive.fr/image.ashx?id=2622359&use=l&cat=p&typeid=i","cat":284487},{"id":201048,"n":"Raclette Gratte Givre Tech9 Classique - 1 pièce","p":1.35,"img":"https://fd5-photos.leclercdrive.fr/image.ashx?id=2649680&use=l&cat=p&typeid=i","cat":298252},{"id":201081,"n":"Yaourt à la grecque Yaos  Morceaux de fraises - 4x125g","p":2.25,"u":"4,50 €/KG","img":"https://fd5-photos.leclercdrive.fr/image.ashx?id=2454772&use=l&cat=p&typeid=i","cat":284410},{"id":201142,"n":"Yaourt à la grecque Yaos  Morceaux de pêches - 4x125g","p":2.26,"u":"4,52 €/KG","img":"https://fd5-photos.leclercdrive.fr/image.ashx?id=2455126&use=l&cat=p&typeid=i","cat":284410},{"id":201170,"n":"Mayonnaise Bénédicta Nature - 235g","p":2.02,"u":"8,60 €/KG","img":"https://fd5-photos.leclercdrive.fr/image.ashx?id=2745016&use=l&cat=p&typeid=i","cat":298295},{"id":201192,"n":"Boisson fermentée désalcoolisée Rouge - à base de raisin - 75cl","p":3.15,"u":"4,20 €/L","img":"https://fd5-photos.leclercdrive.fr/image.ashx?id=2477664&use=l&cat=p&typeid=i","cat":284549},{"id":201193,"n":"Boisson fermentée désalcoolisée Rosé - à base de raisin - 75cl","p":3.15,"u":"4,20 €/L","img":"https://fd5-photos.leclercdrive.fr/image.ashx?id=2477667&use=l&cat=p&typeid=i","cat":284549},{"id":201194,"n":"Boisson fermentée désalcoolisée Blanc - à base de raisin - 75cl","p":3.49,"u":"4,65 €/L","img":"https://fd5-photos.leclercdrive.fr/image.ashx?id=2477670&use=l&cat=p&typeid=i","cat":284549},{"id":201298,"n":"Fromage enfant La Vache qui rit Original 12P à tartiner - 192g","p":2.09,"u":"10,89 €/KG","img":"https://fd5-photos.leclercdrive.fr/image.ashx?id=2945442&use=l&cat=p&typeid=i","cat":314030},{"id":201300,"n":"Fromage enfant La Vache qui rit Original 32P à tartiner - 512g","p":4.58,"u":"8,95 €/KG","img":"https://fd5-photos.leclercdrive.fr/image.ashx?id=2945448&use=l&cat=p&typeid=i","cat":314030},{"id":201340,"n":"Pâte à pizza Piz'up 400g","p":2.0,"u":"5,00 €/KG","img":"https://fd5-photos.leclercdrive.fr/image.ashx?id=2875075&use=l&cat=p&typeid=i","cat":333681},{"id":201346,"n":"Lingettes bébé Biolane papier toilette - x54","p":2.93,"u":"0,05 €/P","img":"https://fd5-photos.leclercdrive.fr/image.ashx?id=2875375&use=l&cat=p&typeid=i","cat":284738},{"id":201351,"n":"Framboises Fresh Cueillette 500g","p":7.91,"u":"15,82 €/KG","img":"https://fd5-photos.leclercdrive.fr/image.ashx?id=2600746&use=l&cat=p&typeid=i","cat":284268},{"id":201455,"n":"Thé vert Boost Yate x20 - 32g","p":1.49,"u":"46,56 €/KG","img":"https://fd5-photos.leclercdrive.fr/image.ashx?id=2897811&use=l&cat=p&typeid=i","cat":293233},{"id":201456,"n":"Maté Yate x20 - 30g","p":1.49,"u":"49,67 €/KG","img":"https://fd5-photos.leclercdrive.fr/image.ashx?id=2854252&use=l&cat=p&typeid=i","cat":293233},{"id":201457,"n":"Infusion détente Tisea x20","p":1.49,"u":"46,56 €/KG","img":"https://fd5-photos.leclercdrive.fr/image.ashx?id=2672948&use=l&cat=p&typeid=i","cat":293234},{"id":201458,"n":"Chips ondulées Pom' Lisse 135g","p":1.29,"u":"9,56 €/KG","img":"https://fd5-photos.leclercdrive.fr/image.ashx?id=2644695&use=l&cat=p&typeid=i","cat":284447},{"id":201459,"n":"Haricot vert Notre Jardin Beurre - 280g","p":2.39,"u":"8,54 €/KG","img":"https://fd5-photos.leclercdrive.fr/image.ashx?id=3002650&use=l&cat=p&typeid=i","cat":312606},{"id":201460,"n":"Terrine de campagne Côté Table Sel de guérande - 180g","p":1.47,"u":"8,17 €/KG","img":"https://fd5-photos.leclercdrive.fr/image.ashx?id=2460418&use=l&cat=p&typeid=i","cat":305149},{"id":201461,"n":"Terrine de campagne bio Piment d’Espelette - 180g","p":2.99,"u":"16,61 €/KG","img":"https://fd5-photos.leclercdrive.fr/image.ashx?id=2460421&use=l&cat=p&typeid=i","cat":305149},{"id":201483,"n":"Bières Kronembourg 25cl","p":0.59,"u":"2,36 €/L","img":"https://fd5-photos.leclercdrive.fr/image.ashx?id=2992753&use=l&cat=p&typeid=i","cat":334873},{"id":201522,"n":"Kiwi sungold Zespri  1p","p":0.79,"img":"https://fd5-photos.leclercdrive.fr/image.ashx?id=2460511&use=l&cat=p&typeid=i","cat":284356},{"id":201528,"n":"Porto ruby Dorrao 18%vol - 75cl","p":8.39,"u":"11,19 €/L","img":"https://fd5-photos.leclercdrive.fr/image.ashx?id=2869871&use=l&cat=p&typeid=i","cat":284913},{"id":201555,"n":"Gillette Mach3 Turbo - Lot de 3x4","p":37.31,"u":"3,11 €/P","img":"https://fd5-photos.leclercdrive.fr/image.ashx?id=2787947&use=l&cat=p&typeid=i","cat":284616},{"id":201571,"n":"Viande bovine Bourguignon ** à mijoter - 500g","p":6.79,"u":"13,58 €/KG","img":"https://fd5-photos.leclercdrive.fr/image.ashx?id=2930933&use=l&cat=p&typeid=i","cat":284328},{"id":201572,"n":"Sauté de porc Atelier Boucherie VPF - 500g","p":4.59,"u":"9,18 €/KG","img":"https://fd5-photos.leclercdrive.fr/image.ashx?id=2932707&use=l&cat=p&typeid=i","cat":284331},{"id":201585,"n":"Repas Plaisir Terrines saumon Chat adulte stérilisé - 100g","p":0.74,"u":"7,40 €/KG","img":"https://fd5-photos.leclercdrive.fr/image.ashx?id=2492740&use=l&cat=p&typeid=i","cat":285286},{"id":201600,"n":"Capsules Café Carte Noire  Puissant n°11 x30 - 165g","p":9.78,"u":"59,27 €/KG","img":"https://fd5-photos.leclercdrive.fr/image.ashx?id=2873444&use=l&cat=p&typeid=i","cat":284749},{"id":201607,"n":"Rasoirs jetables Wilkinson Extra 3 Essentials - x4","p":2.97,"u":"0,74 €/P","img":"https://fd5-photos.leclercdrive.fr/image.ashx?id=2462840&use=l&cat=p&typeid=i","cat":325352},{"id":201688,"n":"Beurre plaquette Eco+ Doux - 60% MG  - 200g","p":1.45,"u":"7,25 €/KG","img":"https://fd5-photos.leclercdrive.fr/image.ashx?id=2794187&use=l&cat=p&typeid=i","cat":284379},{"id":201689,"n":"Café capsules Plantation Lungo -","p":5.15,"u":"33,01 €/KG","img":"https://fd5-photos.leclercdrive.fr/image.ashx?id=2860085&use=l&cat=p&typeid=i","cat":284749},{"id":201690,"n":"Beurre plaquette Eco+ Demi-sel - 60% MG - 200g","p":1.47,"u":"7,35 €/KG","img":"https://fd5-photos.leclercdrive.fr/image.ashx?id=2794184&use=l&cat=p&typeid=i","cat":284379},{"id":201692,"n":"Frites Crousti Express Findus Micro-ondes Allumette 2x100g","p":1.56,"u":"7,80 €/KG","img":"https://fd5-photos.leclercdrive.fr/image.ashx?id=2648274&use=l&cat=p&typeid=i","cat":319791},{"id":201693,"n":"Frites Crousti Express Findus Micro-ondes Classique 2x100g","p":1.43,"u":"7,15 €/KG","img":"https://fd5-photos.leclercdrive.fr/image.ashx?id=2648271&use=l&cat=p&typeid=i","cat":319791},{"id":201702,"n":"Bière Leffe Ruby 5% - 6x25cl","p":5.19,"u":"3,46 €/L","img":"https://fd5-photos.leclercdrive.fr/image.ashx?id=2811581&use=l&cat=p&typeid=i","cat":334878},{"id":201706,"n":"Bière Leffe Ruby 5% - 12x25cl","p":8.73,"u":"2,91 €/L","img":"https://fd5-photos.leclercdrive.fr/image.ashx?id=2813008&use=l&cat=p&typeid=i","cat":334878},{"id":201708,"n":"Spray Solaire Garnier Hypoallergénique SPF50+ - 150ml","p":12.28,"u":"81,87 €/L","img":"https://fd5-photos.leclercdrive.fr/image.ashx?id=2572272&use=l&cat=p&typeid=i","cat":325355},{"id":201721,"n":"Brume Solaire SPF50+ Garnier Très Haute Protection - 150ml","p":10.12,"u":"67,47 €/L","img":"https://fd5-photos.leclercdrive.fr/image.ashx?id=2572269&use=l&cat=p&typeid=i","cat":325355},{"id":201725,"n":"Lait Solaire SPF50+ Garnier Hypoallergénique - 175ml","p":12.51,"u":"71,49 €/L","img":"https://fd5-photos.leclercdrive.fr/image.ashx?id=2569728&use=l&cat=p&typeid=i","cat":325355},{"id":201726,"n":"Spray Solaire Enfants Garnier Hypoallergénique SPF50+ - 150ml","p":10.12,"u":"67,47 €/L","img":"https://fd5-photos.leclercdrive.fr/image.ashx?id=2552847&use=l&cat=p&typeid=i","cat":325355},{"id":201728,"n":"Brume solaire Ambre Solaire  Enfant SPF50+ - 150ml","p":11.08,"u":"73,87 €/MT","img":"https://fd5-photos.leclercdrive.fr/image.ashx?id=2572266&use=l&cat=p&typeid=i","cat":325355},{"id":201729,"n":"Lait Fluide SPF50+ Garnier Hydratant - 175ml","p":12.02,"u":"68,69 €/L","img":"https://fd5-photos.leclercdrive.fr/image.ashx?id=2464168&use=l&cat=p&typeid=i","cat":325355},{"id":201734,"n":"Lait protection Solaire Mixa Anti-sel, Chlore SPF50+ - 175ml","p":9.2,"u":"52,57 €/L","img":"https://fd5-photos.leclercdrive.fr/image.ashx?id=2464189&use=l&cat=p&typeid=i","cat":325355},{"id":201745,"n":"Fondant Crousti Nat Choco-noisettes - 340g","p":3.04,"u":"8,94 €/KG","img":"https://fd5-photos.leclercdrive.fr/image.ashx?id=2463143&use=l&cat=p&typeid=i","cat":309513},{"id":201757,"n":"Capsules Starbucks by Nespresso  Sunny Day Blend Int 5 - x10","p":4.07,"u":"0,41 €/P","img":"https://fd5-photos.leclercdrive.fr/image.ashx?id=2654086&use=l&cat=p&typeid=i","cat":284749},{"id":201765,"n":"Ambre Solaire Sérum Garnier Super UV SPF50+ - 30ml","p":9.84,"u":"328,00 €/L","img":"https://fd5-photos.leclercdrive.fr/image.ashx?id=2735374&use=l&cat=p&typeid=i","cat":325355},{"id":201772,"n":"Dentifrice Elmex Sensitive Blancheur douce - 75ml","p":5.65,"u":"75,33 €/L","img":"https://fd5-photos.leclercdrive.fr/image.ashx?id=2721187&use=l&cat=p&typeid=i","cat":284612},{"id":201774,"n":"Sous-vêtements nuit DryNites® Garçons 4-7 ans (17-30 kg) x16","p":10.81,"u":"0,68 €/P","img":"https://fd5-photos.leclercdrive.fr/image.ashx?id=2844727&use=l&cat=p&typeid=i","cat":290633},{"id":201775,"n":"Sous-vêtements nuit DryNites® Garçons 8-13 ans (30-48 kg) x13","p":10.88,"u":"0,84 €/P","img":"https://fd5-photos.leclercdrive.fr/image.ashx?id=2971314&use=l&cat=p&typeid=i","cat":290633},{"id":201776,"n":"Sous-vêtements nuit DryNites® Filles 8-13 ans (30-48 kg) x13","p":10.66,"u":"0,82 €/P","img":"https://fd5-photos.leclercdrive.fr/image.ashx?id=2844736&use=l&cat=p&typeid=i","cat":290633},{"id":201790,"n":"Sachet repas chat Purina One Chats difficiles 4x85g","p":3.31,"u":"9,74 €/KG","img":"https://fd5-photos.leclercdrive.fr/image.ashx?id=2477868&use=l&cat=p&typeid=i","cat":285286},{"id":201791,"n":"Soupe en sachets chat Felix Sélection de poissons - 6x48g","p":1.86,"u":"6,46 €/KG","img":"https://fd5-photos.leclercdrive.fr/image.ashx?id=2887251&use=l&cat=p&typeid=i","cat":285286},{"id":201792,"n":"Mousseline Purina Gourmet Thon nappé de sauce - 4x57g","p":2.93,"u":"12,85 €/KG","img":"https://fd5-photos.leclercdrive.fr/image.ashx?id=2899722&use=l&cat=p&typeid=i","cat":285601},{"id":201811,"n":"Canistrelli aux noisettes fait maison  280grs","p":5.1,"u":"18,21 €/KG","img":"https://fd5-photos.leclercdrive.fr/image.ashx?id=2499172&use=l&cat=p&typeid=i","cat":284487},{"id":201814,"n":"Canistrelli au chocolat fait maison  280grs","p":5.6,"u":"20,00 €/KG","img":"https://fd5-photos.leclercdrive.fr/image.ashx?id=2499283&use=l&cat=p&typeid=i","cat":284487},{"id":201815,"n":"Canistrelli aux amandes fait maison  280grs","p":5.6,"u":"20,00 €/KG","img":"https://fd5-photos.leclercdrive.fr/image.ashx?id=2499325&use=l&cat=p&typeid=i","cat":284487},{"id":201824,"n":"Pâte à tartiner Nucellina Gourmande - 215g","p":6.09,"u":"28,33 €/KG","img":"https://fd5-photos.leclercdrive.fr/image.ashx?id=2789104&use=l&cat=p&typeid=i","cat":284481},{"id":201825,"n":"Foie gras canard à l'Armagnac Mi-cuit Fait maison - 125g","p":20.0,"u":"160,00 €/KG","img":"https://fd5-photos.leclercdrive.fr/image.ashx?id=2527982&use=l&cat=p&typeid=i","cat":316008},{"id":201828,"n":"Mortadelle tranche 300g","p":2.95,"u":"9,83 €/KG","img":"https://fd5-photos.leclercdrive.fr/image.ashx?id=1678013&use=l&cat=p&typeid=i","cat":316009},{"id":201835,"n":"Pizza Crousti Moelleuse Marie Royale - 500g","p":3.68,"u":"7,36 €/KG","img":"https://fd5-photos.leclercdrive.fr/image.ashx?id=2996704&use=l&cat=p&typeid=i","cat":284256},{"id":201836,"n":"Pizza Crousti Moelleuse Marie 4 fromages - 500g","p":3.5,"u":"7,00 €/KG","img":"https://fd5-photos.leclercdrive.fr/image.ashx?id=2996701&use=l&cat=p&typeid=i","cat":284256},{"id":201837,"n":"Protège-slips Doulys Ultra-mince normal - x45","p":0.87,"u":"0,02 €/P","img":"https://fd5-photos.leclercdrive.fr/image.ashx?id=2849590&use=l&cat=p&typeid=i","cat":284625},{"id":201838,"n":"Fraizibus Haribo Sachet bonbons - 220g","p":1.56,"u":"7,09 €/KG","img":"https://fd5-photos.leclercdrive.fr/image.ashx?id=2984955&use=l&cat=p&typeid=i","cat":304250},{"id":201839,"n":"Sauce arrabbiata Turini 420g","p":1.14,"u":"2,71 €/KG","img":"https://fd5-photos.leclercdrive.fr/image.ashx?id=2465062&use=l&cat=p&typeid=i","cat":287599},{"id":201840,"n":"Poudre chocolat Ovomaltine 350g","p":4.37,"u":"12,49 €/KG","img":"https://fd5-photos.leclercdrive.fr/image.ashx?id=2465610&use=l&cat=p&typeid=i","cat":293235},{"id":201911,"n":"Liniment BB calendula Weleda 400ml","p":7.0,"u":"17,50 €/L","img":"https://fd5-photos.leclercdrive.fr/image.ashx?id=2654890&use=l&cat=p&typeid=i","cat":290387},{"id":201915,"n":"Protège-slips Doulys Slip ou string - x45","p":1.61,"u":"0,04 €/P","img":"https://fd5-photos.leclercdrive.fr/image.ashx?id=2877466&use=l&cat=p&typeid=i","cat":284625},{"id":201934,"n":"Protège-slips Vania Confort Fresh - x56","p":2.57,"img":"https://fd5-photos.leclercdrive.fr/image.ashx?id=2735227&use=l&cat=p&typeid=i","cat":284625},{"id":201935,"n":"Protège-slips Confort Vania  Sans parfum - x56","p":2.7,"u":"0,05 €/P","img":"https://fd5-photos.leclercdrive.fr/image.ashx?id=2735230&use=l&cat=p&typeid=i","cat":284625},{"id":201937,"n":"Gel douche Mixa Bébé Bio  Très Doux Corps Cheveux - 300ml","p":4.68,"u":"15,60 €/L","img":"https://fd5-photos.leclercdrive.fr/image.ashx?id=2468548&use=l&cat=p&typeid=i","cat":284740},{"id":201942,"n":"Spray désinfectant Clair Multi-surfaces - 400ml","p":3.85,"u":"9,63 €/MT","img":"https://fd5-photos.leclercdrive.fr/image.ashx?id=2467682&use=l&cat=p&typeid=i","cat":325357},{"id":201945,"n":"Gel Douche Le Petit Marseillais  Lait de vanille - 250ml","p":1.67,"u":"6,68 €/L","img":"https://fd5-photos.leclercdrive.fr/image.ashx?id=2676096&use=l&cat=p&typeid=i","cat":284594},{"id":201946,"n":"Gel Douche Le Petit Marseillais Lait de vanille - 650 ml","p":3.61,"u":"5,55 €/L","img":"https://fd5-photos.leclercdrive.fr/image.ashx?id=2674794&use=l&cat=p&typeid=i","cat":284594},{"id":201947,"n":"Gel Douche Le Petit Marseillais Fleur de cerisie - 650ml","p":3.89,"u":"5,98 €/L","img":"https://fd5-photos.leclercdrive.fr/image.ashx?id=2676099&use=l&cat=p&typeid=i","cat":284594},{"id":201948,"n":"Gel Douche Le Petit Marseillais Abricot et noisette - 650ml","p":3.89,"u":"5,98 €/MT","img":"https://fd5-photos.leclercdrive.fr/image.ashx?id=2676102&use=l&cat=p&typeid=i","cat":284594},{"id":201949,"n":"Gel Douche Le Petit Marseillais Fleur d'oranger - 250ml","p":1.47,"u":"5,88 €/MT","img":"https://fd5-photos.leclercdrive.fr/image.ashx?id=2963397&use=l&cat=p&typeid=i","cat":284594},{"id":201950,"n":"Gel Douche Le Petit Marseillais Amande douce - 250ml","p":1.67,"u":"6,68 €/MT","img":"https://fd5-photos.leclercdrive.fr/image.ashx?id=2946592&use=l&cat=p&typeid=i","cat":284594},{"id":201951,"n":"Gel Douche Le Petit Marseillais Lait - 250ml","p":1.47,"u":"5,88 €/MT","img":"https://fd5-photos.leclercdrive.fr/image.ashx?id=2676108&use=l&cat=p&typeid=i","cat":284594},{"id":201952,"n":"Gel Douche Le Petit Marseillais Lait - 650ml","p":3.53,"u":"5,43 €/L","img":"https://fd5-photos.leclercdrive.fr/image.ashx?id=2676111&use=l&cat=p&typeid=i","cat":284594},{"id":201953,"n":"Gel Douche Le Petit Marseillais Pêche nectarine - 250ml","p":1.68,"u":"6,72 €/L","img":"https://fd5-photos.leclercdrive.fr/image.ashx?id=2938761&use=l&cat=p&typeid=i","cat":284594},{"id":201954,"n":"Gel Douche Le Petit Marseillais  Peche nectarine - 650ml","p":3.66,"u":"5,63 €/L","img":"https://fd5-photos.leclercdrive.fr/image.ashx?id=2676114&use=l&cat=p&typeid=i","cat":284594},{"id":201955,"n":"Gel Douche Le Petit Marseillais Olivier Tillieul - 650ml","p":4.06,"u":"6,25 €/MT","img":"https://fd5-photos.leclercdrive.fr/image.ashx?id=2676117&use=l&cat=p&typeid=i","cat":284594},{"id":201956,"n":"Gel Douche Le Petit Marseillais Verveine citron - 250ml","p":1.73,"u":"6,92 €/MT","img":"https://fd5-photos.leclercdrive.fr/image.ashx?id=2941769&use=l&cat=p&typeid=i","cat":284594},{"id":201957,"n":"Gel douche pamplemousse orange  Le Petit marseillais - 650ml","p":3.89,"u":"5,98 €/L","img":"https://fd5-photos.leclercdrive.fr/image.ashx?id=2676123&use=l&cat=p&typeid=i","cat":284594},{"id":201958,"n":"Baume B5 La Roche Posay Cicaplast- 100ml","p":11.5,"u":"115,00 €/MT","img":"https://fd5-photos.leclercdrive.fr/image.ashx?id=2468386&use=l&cat=p&typeid=i","cat":290421},{"id":201967,"n":"Bière blonde Corona 12x33cl","p":16.4,"u":"4,14 €/L","img":"https://fd5-photos.leclercdrive.fr/image.ashx?id=2544521&use=l&cat=p&typeid=i","cat":334873},{"id":201968,"n":"Bière blonde Corona Extra 4,5% - 6x33cl","p":8.93,"u":"4,51 €/L","img":"https://fd5-photos.leclercdrive.fr/image.ashx?id=2865452&use=l&cat=p&typeid=i","cat":334873},{"id":201984,"n":"Repas Plaisir chat stérilisé Recettes viande-poisson -24x85g","p":9.71,"u":"4,76 €/KG","img":"https://fd5-photos.leclercdrive.fr/image.ashx?id=2490659&use=l&cat=p&typeid=i","cat":285286},{"id":201993,"n":"Repas Plaisir chien adulte Terrines viande - 4x300g","p":4.72,"u":"3,93 €/KG","img":"https://fd5-photos.leclercdrive.fr/image.ashx?id=2734489&use=l&cat=p&typeid=i","cat":288578},{"id":202047,"n":"Blanc de Poulet Tradilège -25% de sel - 6 Tranches - 180g","p":2.15,"u":"11,94 €/KG","img":"https://fd5-photos.leclercdrive.fr/image.ashx?id=2943713&use=l&cat=p&typeid=i","cat":316010},{"id":202048,"n":"Crème glacée Trium Caramel salé - 430g","p":3.75,"u":"8,72 €/KG","img":"https://fd5-photos.leclercdrive.fr/image.ashx?id=2902567&use=l&cat=p&typeid=i","cat":284725},{"id":202049,"n":"Crème glacée Trium Chocolat Brownie - 415g","p":4.5,"u":"10,84 €/KG","img":"https://fd5-photos.leclercdrive.fr/image.ashx?id=2469037&use=l&cat=p&typeid=i","cat":284725},{"id":202051,"n":"Crème glacée Trium Macadamia - 430g","p":4.3,"u":"10,00 €/KG","img":"https://fd5-photos.leclercdrive.fr/image.ashx?id=2469043&use=l&cat=p&typeid=i","cat":284725},{"id":202054,"n":"Pizza Eco+ 6 fromages x2 - 680g","p":3.41,"u":"5,01 €/KG","img":"https://fd5-photos.leclercdrive.fr/image.ashx?id=2756840&use=l&cat=p&typeid=i","cat":284256},{"id":202055,"n":"Crème glacée Trium Cookie Dough - 416g","p":3.24,"u":"7,79 €/KG","img":"https://fd5-photos.leclercdrive.fr/image.ashx?id=2469040&use=l&cat=p&typeid=i","cat":284725},{"id":202058,"n":"Salade riz et thon Menu Fraîcheur - 300g","p":1.75,"u":"5,83 €/KG","img":"https://fd5-photos.leclercdrive.fr/image.ashx?id=2646014&use=l&cat=p&typeid=i","cat":333657},{"id":202059,"n":"Salade pièmontaise poulet Menu Fraîcheur - 300g","p":2.29,"u":"7,63 €/KG","img":"https://fd5-photos.leclercdrive.fr/image.ashx?id=2646017&use=l&cat=p&typeid=i","cat":333657},{"id":202062,"n":"Yaourt Actifidus Délisse Vanille - 16x125g","p":3.43,"u":"1,72 €/KG","img":"https://fd5-photos.leclercdrive.fr/image.ashx?id=2713658&use=l&cat=p&typeid=i","cat":286006},{"id":202064,"n":"Fromage blanc nature Délisse 500g","p":1.29,"u":"2,58 €/KG","img":"https://fd5-photos.leclercdrive.fr/image.ashx?id=3012878&use=l&cat=p&typeid=i","cat":284409},{"id":202066,"n":"Fromage blanc nature Délisse 4x100g","p":0.97,"u":"2,43 €/KG","img":"https://fd5-photos.leclercdrive.fr/image.ashx?id=3012881&use=l&cat=p&typeid=i","cat":284409},{"id":202068,"n":"Yaourt à la Grecque Délisse  450g","p":1.29,"u":"2,87 €/KG","img":"https://fd5-photos.leclercdrive.fr/image.ashx?id=2885140&use=l&cat=p&typeid=i","cat":314999},{"id":202073,"n":"AOP Vin de Bordeaux blanc BIB Cuvée Hortense - 3L","p":12.48,"u":"4,16 €/L","img":"https://fd5-photos.leclercdrive.fr/image.ashx?id=2472237&use=l&cat=p&typeid=i","cat":289557},{"id":202076,"n":"AOP rosé Côte de Provence Aimé Roquesanté  - 75cl","p":9.32,"u":"12,43 €/L","img":"https://fd5-photos.leclercdrive.fr/image.ashx?id=2941032&use=l&cat=p&typeid=i","cat":289558},{"id":202077,"n":"Crème semi-épaisse Soutenons Nos Agriculteurs - 3x20cl","p":2.89,"u":"4,82 €/L","img":"https://fd5-photos.leclercdrive.fr/image.ashx?id=2469067&use=l&cat=p&typeid=i","cat":284381},{"id":202088,"n":"Champagne brut Brimoncourt \"Regence\" - 75cl","p":29.95,"u":"39,93 €/L","img":"https://fd5-photos.leclercdrive.fr/image.ashx?id=2631171&use=l&cat=p&typeid=i","cat":284542},{"id":202480,"n":"Ossau Iraty 8 mois NRT AOP  L'Atelier Fromagerie - 180g","p":4.75,"u":"26,39 €/KG","img":"https://fd5-photos.leclercdrive.fr/image.ashx?id=2489209&use=l&cat=p&typeid=i","cat":314031},{"id":202481,"n":"Assortiment Raclette  600g","p":8.55,"u":"14,25 €/KG","img":"https://fd5-photos.leclercdrive.fr/image.ashx?id=2856374&use=l&cat=p&typeid=i","cat":314036},{"id":202544,"n":"Gel douche Le Petit Marseillais Grenade - 250ml","p":1.77,"u":"7,08 €/L","img":"https://fd5-photos.leclercdrive.fr/image.ashx?id=2685126&use=l&cat=p&typeid=i","cat":284594},{"id":202545,"n":"Gel douche Le Petit Marseillais Fleur de Tiare - 250ml","p":1.78,"u":"7,12 €/L","img":"https://fd5-photos.leclercdrive.fr/image.ashx?id=2676093&use=l&cat=p&typeid=i","cat":284594},{"id":202546,"n":"Gel douche Le Petit Marseillais Mandarine - 250ml","p":1.78,"u":"7,12 €/L","img":"https://fd5-photos.leclercdrive.fr/image.ashx?id=2684527&use=l&cat=p&typeid=i","cat":284594},{"id":202547,"n":"Gel douche Le Petit Marseillais Mangue Passion - 250ml","p":1.73,"u":"6,92 €/L","img":"https://fd5-photos.leclercdrive.fr/image.ashx?id=2685189&use=l&cat=p&typeid=i","cat":284594},{"id":202549,"n":"Gel douche Le Petit Marseillais Argan et Karité - 250ml","p":1.92,"u":"7,68 €/L","img":"https://fd5-photos.leclercdrive.fr/image.ashx?id=2684539&use=l&cat=p&typeid=i","cat":284594},{"id":202560,"n":"Taille-crayon métal Esquisse Licorne","p":0.79,"img":"https://fd5-photos.leclercdrive.fr/image.ashx?id=2473942&use=l&cat=p&typeid=i","cat":334133},{"id":202562,"n":"Taille-crayon métal Esquisse Skateboard","p":0.79,"img":"https://fd5-photos.leclercdrive.fr/image.ashx?id=2473948&use=l&cat=p&typeid=i","cat":334133},{"id":202620,"n":"Purée de tomate Panzani Tomacouli nature bio - 265g","p":1.2,"u":"4,53 €/KG","img":"https://fd5-photos.leclercdrive.fr/image.ashx?id=2890604&use=l&cat=p&typeid=i","cat":288384},{"id":202622,"n":"Café expresso San Marco Barista - 1kg","p":24.21,"u":"24,21 €/KG","img":"https://fd5-photos.leclercdrive.fr/image.ashx?id=2474368&use=l&cat=p&typeid=i","cat":284749},{"id":202623,"n":"Lentilles blondes Eco  500g","p":0.89,"u":"1,78 €/KG","img":"https://fd5-photos.leclercdrive.fr/image.ashx?id=3003744&use=l&cat=p&typeid=i","cat":284430},{"id":202647,"n":"Bière blonde Jenlain Pack 6x25cl","p":4.9,"u":"3,27 €/L","img":"https://fd5-photos.leclercdrive.fr/image.ashx?id=2474380&use=l&cat=p&typeid=i","cat":334852},{"id":202649,"n":"Bière blonde Jenlain 75 cl","p":2.55,"u":"3,40 €/L","img":"https://fd5-photos.leclercdrive.fr/image.ashx?id=2732851&use=l&cat=p&typeid=i","cat":334852},{"id":202734,"n":"Oignon jaune bio Bio village 1kg","p":2.79,"u":"2,79 €/KG","img":"https://fd5-photos.leclercdrive.fr/image.ashx?id=2922451&use=l&cat=p&typeid=i","cat":284352},{"id":202781,"n":"Oignon Jaune Terra Natura 1kg","p":3.25,"u":"3,25 €/KG","img":"https://fd5-photos.leclercdrive.fr/image.ashx?id=2068462&use=l&cat=p&typeid=i","cat":284352},{"id":202870,"n":"Sucrines bicolores Panier du Primeur x3","p":1.29,"u":"0,43 €/P","img":"https://fd5-photos.leclercdrive.fr/image.ashx?id=2477544&use=l&cat=p&typeid=i","cat":284352},{"id":202871,"n":"Coeur de sucrine  Panier du Primeur x6","p":2.29,"u":"0,76 €/P","img":"https://fd5-photos.leclercdrive.fr/image.ashx?id=2477547&use=l&cat=p&typeid=i","cat":284352},{"id":202879,"n":"Dos de cabillaud MSC Eco+ Sans peau et sans arête - 200g","p":4.97,"u":"24,85 €/KG","img":"https://fd5-photos.leclercdrive.fr/image.ashx?id=2714327&use=l&cat=p&typeid=i","cat":284342},{"id":202882,"n":"Filet de cabillaud MSC Eco+ Sans peau et sans arête - 200g","p":3.97,"u":"19,85 €/KG","img":"https://fd5-photos.leclercdrive.fr/image.ashx?id=2698558&use=l&cat=p&typeid=i","cat":284342},{"id":202888,"n":"Gel douche Adidas Active Start - 250ml","p":2.31,"u":"9,24 €/L","img":"https://fd5-photos.leclercdrive.fr/image.ashx?id=2990805&use=l&cat=p&typeid=i","cat":284619},{"id":202908,"n":"Skyr Yoplait  Nature 0%MG - 450G","p":2.15,"u":"4,78 €/KG","img":"https://fd5-photos.leclercdrive.fr/image.ashx?id=2884468&use=l&cat=p&typeid=i","cat":315000},{"id":202935,"n":"Soin ultra-hydratant Saforelle 100ml","p":2.9,"u":"29,00 €/L","img":"https://fd5-photos.leclercdrive.fr/image.ashx?id=2583431&use=l&cat=p&typeid=i","cat":301348},{"id":202966,"n":"Plat individuel Pad thaï Garbit - 300g","p":3.31,"u":"11,03 €/KG","img":"https://fd5-photos.leclercdrive.fr/image.ashx?id=2901908&use=l&cat=p&typeid=i","cat":284953},{"id":202968,"n":"Fromage blanc Lindahls Protein  Fraise Citron vert - 2x160g","p":2.18,"u":"13,63 €/KG","img":"https://fd5-photos.leclercdrive.fr/image.ashx?id=2870191&use=l&cat=p&typeid=i","cat":315000},{"id":202971,"n":"Fromage blanc Lindahls Protein  Stracciatella - 2x160g","p":2.35,"u":"14,69 €/KG","img":"https://fd5-photos.leclercdrive.fr/image.ashx?id=3007957&use=l&cat=p&typeid=i","cat":314999},{"id":203019,"n":"Huile d'olive extra vierge Barral Delicate -75cl","p":10.07,"u":"13,43 €/L","img":"https://fd5-photos.leclercdrive.fr/image.ashx?id=2485575&use=l&cat=p&typeid=i","cat":284453},{"id":203020,"n":"Huile d'olive extra vierge Barral Ardente -75cl","p":7.94,"u":"10,59 €/L","img":"https://fd5-photos.leclercdrive.fr/image.ashx?id=2485572&use=l&cat=p&typeid=i","cat":284453},{"id":203021,"n":"Huile d'olive extra vierge Barral Qualité Or -75cl","p":10.79,"u":"14,39 €/L","img":"https://fd5-photos.leclercdrive.fr/image.ashx?id=2492593&use=l&cat=p&typeid=i","cat":284453},{"id":203022,"n":"Olives noires Barral Bio Dénoyautées  - 37cl","p":3.72,"u":"10,05 €/L","img":"https://fd5-photos.leclercdrive.fr/image.ashx?id=2766737&use=l&cat=p&typeid=i","cat":284450},{"id":203023,"n":"Olives vertes Barral Dénoyautées Sachet 320g","p":2.25,"u":"7,03 €/KG","img":"https://fd5-photos.leclercdrive.fr/image.ashx?id=2485578&use=l&cat=p&typeid=i","cat":284450},{"id":203036,"n":"Gel douche Mixa Bébé  Très Doux Corps Cheveux - 300ml","p":3.0,"u":"10,00 €/L","img":"https://fd5-photos.leclercdrive.fr/image.ashx?id=2479318&use=l&cat=p&typeid=i","cat":284740},{"id":203037,"n":"Shampooing Mixa Bébé  Très Doux - 300ml","p":2.8,"u":"9,33 €/L","img":"https://fd5-photos.leclercdrive.fr/image.ashx?id=2479321&use=l&cat=p&typeid=i","cat":284740},{"id":203038,"n":"Shampooing démêlant Mixa Bébé Karité - 300ml","p":2.55,"u":"8,50 €/L","img":"https://fd5-photos.leclercdrive.fr/image.ashx?id=2478640&use=l&cat=p&typeid=i","cat":284740},{"id":203039,"n":"Shampooing Mixa Bébé Bio Très Doux - 300ml","p":3.96,"u":"13,20 €/L","img":"https://fd5-photos.leclercdrive.fr/image.ashx?id=2478643&use=l&cat=p&typeid=i","cat":284740},{"id":203041,"n":"Lait de toilette Mixa Bébé  Très Doux - 300ml","p":3.0,"u":"10,00 €/L","img":"https://fd5-photos.leclercdrive.fr/image.ashx?id=2479324&use=l&cat=p&typeid=i","cat":284741},{"id":203042,"n":"Gel Toilette Intime Extra Doux Intima Natural Hamamélis 200ml","p":4.06,"u":"20,30 €/L","img":"https://fd5-photos.leclercdrive.fr/image.ashx?id=2959871&use=l&cat=p&typeid=i","cat":284627},{"id":203043,"n":"Gel Toilette Intime Régulateur Intima Natural Cranberry 200ml","p":4.18,"u":"20,90 €/L","img":"https://fd5-photos.leclercdrive.fr/image.ashx?id=2959874&use=l&cat=p&typeid=i","cat":284627},{"id":203048,"n":"Aérosol désodorisant Glade Muguet - 300ml","p":2.04,"u":"6,80 €/L","img":"https://fd5-photos.leclercdrive.fr/image.ashx?id=2664211&use=l&cat=p&typeid=i","cat":311626},{"id":203050,"n":"Recharge Sense & Spray Glade Ocean Adventure - 18 ml","p":4.12,"u":"228,89 €/L","img":"https://fd5-photos.leclercdrive.fr/image.ashx?id=2634352&use=l&cat=p&typeid=i","cat":311629},{"id":203051,"n":"Recharge Sense & Spray Glade Relaxing Zen - 18 ml","p":3.54,"u":"196,67 €/L","img":"https://fd5-photos.leclercdrive.fr/image.ashx?id=2634355&use=l&cat=p&typeid=i","cat":311629},{"id":203052,"n":"Recharge pour diffuseur Glade  Bois de Santal & Jasmin - 18ml","p":3.58,"u":"198,89 €/L","img":"https://fd5-photos.leclercdrive.fr/image.ashx?id=2634358&use=l&cat=p&typeid=i","cat":311629},{"id":203055,"n":"Diffuseur Automatic Spray Glade Sandalwood & Jasmine - 269 ml","p":8.15,"img":"https://fd5-photos.leclercdrive.fr/image.ashx?id=2866007&use=l&cat=p&typeid=i","cat":311629},{"id":203056,"n":"Recharge Touch & Fresh Glade Marine - 10 ml","p":3.1,"u":"310,00 €/L","img":"https://fd5-photos.leclercdrive.fr/image.ashx?id=2506609&use=l&cat=p&typeid=i","cat":311629},{"id":203057,"n":"Recharge Touch & Fresh Glade Muguet - 10ml","p":3.1,"u":"310,00 €/L","img":"https://fd5-photos.leclercdrive.fr/image.ashx?id=2506612&use=l&cat=p&typeid=i","cat":311629},{"id":203059,"n":"Recharge Touch & Fresh Glade Sandalwood & Jasmine - 10 ml","p":3.04,"u":"304,00 €/L","img":"https://fd5-photos.leclercdrive.fr/image.ashx?id=2914744&use=l&cat=p&typeid=i","cat":311629},{"id":203060,"n":"Diffuseur Touch & Fresh Glade Relaxing Zen - 10 ml","p":3.52,"u":"352,00 €/L","img":"https://fd5-photos.leclercdrive.fr/image.ashx?id=2914753&use=l&cat=p&typeid=i","cat":311629},{"id":203062,"n":"Spray désodorisant Glade  Bois de Santal & Jasmin - 269ml","p":4.64,"u":"17,25 €/L","img":"https://fd5-photos.leclercdrive.fr/image.ashx?id=2864170&use=l&cat=p&typeid=i","cat":311629},{"id":203063,"n":"Gel désodorisant Glade  Longue durée - Muguet - x1","p":1.68,"img":"https://fd5-photos.leclercdrive.fr/image.ashx?id=2479429&use=l&cat=p&typeid=i","cat":311628},{"id":203068,"n":"Créaline H2O Bioderma Sans parfum 2x500ml","p":17.09,"u":"17,09 €/L","img":"https://fd5-photos.leclercdrive.fr/image.ashx?id=2956541&use=l&cat=p&typeid=i","cat":301587},{"id":203075,"n":"Crème Atoderm Bioderma Ultra-nourrissant - 2x500ml","p":18.99,"u":"18,99 €/L","img":"https://fd5-photos.leclercdrive.fr/image.ashx?id=2956553&use=l&cat=p&typeid=i","cat":290421},{"id":203089,"n":"Pizza au feu de bois Turini Chèvre et miel - 410g","p":2.65,"u":"6,46 €/KG","img":"https://fd5-photos.leclercdrive.fr/image.ashx?id=2816615&use=l&cat=p&typeid=i","cat":284256},{"id":203310,"n":"Diffuseur Touch & Fresh Glade Marine - 10 ml","p":3.95,"img":"https://fd5-photos.leclercdrive.fr/image.ashx?id=2914750&use=l&cat=p&typeid=i","cat":311629},{"id":203374,"n":"Jus de citron Siracuse 50cl","p":2.62,"u":"5,24 €/L","img":"https://fd5-photos.leclercdrive.fr/image.ashx?id=2656985&use=l&cat=p&typeid=i","cat":288383},{"id":203407,"n":"Chocolat Merveilles du Monde Lait Amandes Noisettes  - 100g","p":2.84,"u":"28,40 €/KG","img":"https://fd5-photos.leclercdrive.fr/image.ashx?id=2663030&use=l&cat=p&typeid=i","cat":284497},{"id":203409,"n":"Chocolat Merveilles du Monde Noir Amandes Noisettes - 100g","p":2.86,"u":"28,60 €/KG","img":"https://fd5-photos.leclercdrive.fr/image.ashx?id=2663033&use=l&cat=p&typeid=i","cat":284497},{"id":203418,"n":"AOP Rasteau Rouge Les Juliottes 75 cl","p":9.14,"u":"12,19 €/L","img":"https://fd5-photos.leclercdrive.fr/image.ashx?id=2482999&use=l&cat=p&typeid=i","cat":289556},{"id":203421,"n":"AOP Beaumes de Venise Rouge Andéol Salavert 75 cl","p":8.6,"u":"11,47 €/L","img":"https://fd5-photos.leclercdrive.fr/image.ashx?id=2483020&use=l&cat=p&typeid=i","cat":289556},{"id":203433,"n":"Gel douche Homme Adidas After Sport - 250ml","p":1.88,"u":"7,52 €/L","img":"https://fd5-photos.leclercdrive.fr/image.ashx?id=2990799&use=l&cat=p&typeid=i","cat":284619},{"id":203604,"n":"Banane Eco+ x4","p":0.79,"u":"0,20 €/P","img":"https://fd5-photos.leclercdrive.fr/image.ashx?id=2600252&use=l&cat=p&typeid=i","cat":284356},{"id":203648,"n":"Douche huile de Coco Cottage Extra nourrissante - 560ml","p":3.08,"u":"5,50 €/L","img":"https://fd5-photos.leclercdrive.fr/image.ashx?id=2528693&use=l&cat=p&typeid=i","cat":284594},{"id":203754,"n":"Sauce Pesto Barilla Basilic Pistache - 190g","p":2.65,"u":"13,95 €/KG","img":"https://fd5-photos.leclercdrive.fr/image.ashx?id=2486455&use=l&cat=p&typeid=i","cat":287599},{"id":203783,"n":"Grilletine Pasquier Céréales et graines - 255g","p":2.37,"u":"9,29 €/KG","img":"https://fd5-photos.leclercdrive.fr/image.ashx?id=2642393&use=l&cat=p&typeid=i","cat":284479},{"id":203801,"n":"Dentifrice Parodontax Haleine gencives et Sensibilité 75ml","p":5.3,"u":"70,67 €/L","img":"https://fd5-photos.leclercdrive.fr/image.ashx?id=2487084&use=l&cat=p&typeid=i","cat":284612},{"id":203810,"n":"Recharge Savon Inéos Mains Aloe Vera et Citronnelle 500ml","p":3.03,"u":"6,06 €/L","img":"https://fd5-photos.leclercdrive.fr/image.ashx?id=2630742&use=l&cat=p&typeid=i","cat":284597},{"id":203811,"n":"Recharge Savon Inéos Mains Rose -  500ml","p":3.1,"u":"6,20 €/L","img":"https://fd5-photos.leclercdrive.fr/image.ashx?id=2630745&use=l&cat=p&typeid=i","cat":284597},{"id":203812,"n":"Recharge Savon Inéos Mains Sels Minéraux - 500ml","p":3.03,"u":"6,06 €/L","img":"https://fd5-photos.leclercdrive.fr/image.ashx?id=2630748&use=l&cat=p&typeid=i","cat":284597},{"id":203821,"n":"Boîte chien Pedigree  Cuisinés en sauce - 6x400g","p":7.39,"u":"3,08 €/KG","img":"https://fd5-photos.leclercdrive.fr/image.ashx?id=2849722&use=l&cat=p&typeid=i","cat":288578},{"id":203822,"n":"Boîte chien Pedigree Cuisinés en sauce - 4x400g","p":5.2,"u":"3,25 €/KG","img":"https://fd5-photos.leclercdrive.fr/image.ashx?id=2849719&use=l&cat=p&typeid=i","cat":288578},{"id":203823,"n":"Sachet fraicheur chat Whiskas Carte mixte en gelée - 48x85g","p":14.97,"u":"3,67 €/KG","img":"https://fd5-photos.leclercdrive.fr/image.ashx?id=2486916&use=l&cat=p&typeid=i","cat":285286},{"id":203824,"n":"Sachet fraicheur chat Whiskas Classiques en sauce - 24x85g","p":9.0,"u":"4,41 €/KG","img":"https://fd5-photos.leclercdrive.fr/image.ashx?id=2486913&use=l&cat=p&typeid=i","cat":285286},{"id":203826,"n":"Sachet fraicheur chat Whiskas Poissons en gelée - 12x85g","p":4.45,"u":"4,36 €/KG","img":"https://fd5-photos.leclercdrive.fr/image.ashx?id=2486910&use=l&cat=p&typeid=i","cat":285286},{"id":203828,"n":"Sachet repas chaton Whiskas Festins volaille gelée - 12x85g","p":4.89,"u":"4,79 €/KG","img":"https://fd5-photos.leclercdrive.fr/image.ashx?id=2487093&use=l&cat=p&typeid=i","cat":285286},{"id":203829,"n":"Gel Douche extra doux Lait Le Petit Marseillais 3x250ml","p":4.41,"u":"5,88 €/L","img":"https://fd5-photos.leclercdrive.fr/image.ashx?id=2487012&use=l&cat=p&typeid=i","cat":284594},{"id":203830,"n":"Gel Douche extra doux Amande Le Petit Marseillais 3x250ml","p":4.4,"u":"5,87 €/L","img":"https://fd5-photos.leclercdrive.fr/image.ashx?id=2763556&use=l&cat=p&typeid=i","cat":284594},{"id":203833,"n":"Gel Douche extra doux Orange Le Petit Marseillais 3x250ml","p":4.41,"u":"5,88 €/L","img":"https://fd5-photos.leclercdrive.fr/image.ashx?id=2763547&use=l&cat=p&typeid=i","cat":284594},{"id":203834,"n":"Gel Douche Extra-Doux le petit marseillais 3x250ml","p":4.4,"u":"5,87 €/L","img":"https://fd5-photos.leclercdrive.fr/image.ashx?id=2763565&use=l&cat=p&typeid=i","cat":284594},{"id":203839,"n":"Filet pour fruits et légumes coton bio 32x35cm x1","p":0.95,"img":"https://fd5-photos.leclercdrive.fr/image.ashx?id=2486781&use=l&cat=p&typeid=i","cat":284352},{"id":203841,"n":"Soint démêlant Boucles définies Friss Ease John Frieda - 250ml","p":6.54,"u":"26,16 €/L","img":"https://fd5-photos.leclercdrive.fr/image.ashx?id=2487048&use=l&cat=p&typeid=i","cat":284608},{"id":203842,"n":"Spray coiffant John Frieda Frizz ease - 200ml","p":6.89,"u":"34,45 €/L","img":"https://fd5-photos.leclercdrive.fr/image.ashx?id=2609019&use=l&cat=p&typeid=i","cat":284608},{"id":203843,"n":"Crème boucles définies John Frieda Frizz ease - 150ml","p":7.9,"u":"52,67 €/L","img":"https://fd5-photos.leclercdrive.fr/image.ashx?id=2773820&use=l&cat=p&typeid=i","cat":284608},{"id":203844,"n":"Shampooing réparation miracle John Frieda Frizz ease - 250ml","p":6.68,"u":"26,72 €/L","img":"https://fd5-photos.leclercdrive.fr/image.ashx?id=2487054&use=l&cat=p&typeid=i","cat":284606},{"id":203845,"n":"Shampooing Blonde Activateur de reflet - 250ml","p":5.79,"u":"23,16 €/L","img":"https://fd5-photos.leclercdrive.fr/image.ashx?id=2602587&use=l&cat=p&typeid=i","cat":284606},{"id":203848,"n":"Masque Ultraviolet déjaunissant Blonds - John Frieda 250ml","p":7.09,"u":"28,36 €/L","img":"https://fd5-photos.leclercdrive.fr/image.ashx?id=2487063&use=l&cat=p&typeid=i","cat":284608},{"id":203851,"n":"Bière Teslaquila 4.9%vol. - 33cl","p":2.95,"u":"8,94 €/L","img":"https://fd5-photos.leclercdrive.fr/image.ashx?id=2486853&use=l&cat=p&typeid=i","cat":334872},{"id":203853,"n":"Sac poubelle 10L 100%biodégradable & compostable","p":2.89,"img":"https://fd5-photos.leclercdrive.fr/image.ashx?id=2486955&use=l&cat=p&typeid=i","cat":284707},{"id":203855,"n":"Diffuseur citronnelle 100ml","p":16.99,"u":"169,90 €/L","img":"https://fd5-photos.leclercdrive.fr/image.ashx?id=2497563&use=l&cat=p&typeid=i","cat":298368},{"id":203857,"n":"Lotion anti-moustiques 1 pièce","p":6.51,"img":"https://fd5-photos.leclercdrive.fr/image.ashx?id=2536023&use=l&cat=p&typeid=i","cat":298368},{"id":203859,"n":"Hydromel - 17%vol 20cl","p":9.23,"u":"12,31 €/L","img":"https://fd5-photos.leclercdrive.fr/image.ashx?id=2486844&use=l&cat=p&typeid=i","cat":286032},{"id":203873,"n":"Culotte Feel Natural Menstruelles - x3 - Taille XL","p":9.47,"u":"3,16 €/P","img":"https://fd5-photos.leclercdrive.fr/image.ashx?id=2795240&use=l&cat=p&typeid=i","cat":291524},{"id":203876,"n":"Serviettes hygiéniques Always Ultra Normal - Taille 1 - x32","p":3.89,"u":"0,12 €/P","img":"https://fd5-photos.leclercdrive.fr/image.ashx?id=2761259&use=l&cat=p&typeid=i","cat":284624},{"id":203896,"n":"Shampooing Longueur et Glow Ananas - Hair Food - 350ml","p":4.13,"u":"11,80 €/L","img":"https://fd5-photos.leclercdrive.fr/image.ashx?id=2490701&use=l&cat=p&typeid=i","cat":284606},{"id":203901,"n":"Sérum anti-Imperfections Acné Garnier Pure Active - 30ml","p":11.99,"u":"399,67 €/L","img":"https://fd5-photos.leclercdrive.fr/image.ashx?id=2490698&use=l&cat=p&typeid=i","cat":325345},{"id":203927,"n":"Mousse à raser  Gillette Labs - 240ml","p":6.95,"u":"28,96 €/L","img":"https://fd5-photos.leclercdrive.fr/image.ashx?id=2849289&use=l&cat=p&typeid=i","cat":284617},{"id":203932,"n":"Bandes de cires froides corps Nair - Fleur Cerisier x40","p":6.28,"u":"0,16 €/P","img":"https://fd5-photos.leclercdrive.fr/image.ashx?id=2937058&use=l&cat=p&typeid=i","cat":325351},{"id":204050,"n":"Haricots vert Bio Village Bio 220g","p":1.49,"u":"6,77 €/KG","img":"https://fd5-photos.leclercdrive.fr/image.ashx?id=3002716&use=l&cat=p&typeid=i","cat":312606},{"id":204054,"n":"Thon entier Pèche Océan MSC 2x70g","p":1.59,"u":"11,36 €/KG","img":"https://fd5-photos.leclercdrive.fr/image.ashx?id=2942238&use=l&cat=p&typeid=i","cat":303867},{"id":204056,"n":"Céréales Spécial K Kellogg's Fruits rouges - 450g","p":4.56,"u":"10,13 €/KG","img":"https://fd5-photos.leclercdrive.fr/image.ashx?id=2775029&use=l&cat=p&typeid=i","cat":309512},{"id":204057,"n":"Céréales Spécial K Kellogg's Chocolat noir - 500g","p":3.64,"u":"7,28 €/KG","img":"https://fd5-photos.leclercdrive.fr/image.ashx?id=2692710&use=l&cat=p&typeid=i","cat":309512},{"id":204058,"n":"Céréales Special K Kellogg's Chocolat au Lait - 500g","p":3.73,"u":"7,46 €/KG","img":"https://fd5-photos.leclercdrive.fr/image.ashx?id=2692713&use=l&cat=p&typeid=i","cat":309512},{"id":204061,"n":"Mais Bio Village Bio - 285g","p":1.09,"u":"3,82 €/KG","img":"https://fd5-photos.leclercdrive.fr/image.ashx?id=3002719&use=l&cat=p&typeid=i","cat":312611},{"id":204063,"n":"Pois carottes d'aucy  Bio - 2x130g","p":2.29,"u":"8,81 €/KG","img":"https://fd5-photos.leclercdrive.fr/image.ashx?id=2487581&use=l&cat=p&typeid=i","cat":312607},{"id":204064,"n":"Haricots verts d'aucy  Bio - 2x110g","p":2.36,"u":"10,73 €/KG","img":"https://fd5-photos.leclercdrive.fr/image.ashx?id=2496995&use=l&cat=p&typeid=i","cat":312606},{"id":204070,"n":"Pur jus de pommes NRT De Bretagne - 6x20cl","p":2.5,"u":"2,08 €/L","img":"https://fd5-photos.leclercdrive.fr/image.ashx?id=2590517&use=l&cat=p&typeid=i","cat":284522},{"id":204073,"n":"Fromage Fouetté Ail Fines Herbe à tartiner Les Croisés - 150g","p":1.53,"u":"10,20 €/KG","img":"https://fd5-photos.leclercdrive.fr/image.ashx?id=2487398&use=l&cat=p&typeid=i","cat":314029},{"id":204118,"n":"Sirop de cassis NRT De Bourgogne - 70cl","p":3.2,"u":"4,57 €/L","img":"https://fd5-photos.leclercdrive.fr/image.ashx?id=2590514&use=l&cat=p&typeid=i","cat":295020},{"id":204126,"n":"Tapette electrique 1 pièce","p":10.13,"img":"https://fd5-photos.leclercdrive.fr/image.ashx?id=2489692&use=l&cat=p&typeid=i","cat":298368},{"id":204131,"n":"Nettoyant four Decapfour  Express - 500ml","p":3.28,"u":"6,56 €/L","img":"https://fd5-photos.leclercdrive.fr/image.ashx?id=2489719&use=l&cat=p&typeid=i","cat":325363},{"id":204135,"n":"Bière 1664 blonde  5.5%vol 25cl","p":0.72,"u":"2,88 €/L","img":"https://fd5-photos.leclercdrive.fr/image.ashx?id=2668323&use=l&cat=p&typeid=i","cat":334873},{"id":204153,"n":"Gel douche des Îles Naturé Moi Fleur de tiaré - 500ml","p":4.45,"u":"8,90 €/L","img":"https://fd5-photos.leclercdrive.fr/image.ashx?id=2753656&use=l&cat=p&typeid=i","cat":284594},{"id":204157,"n":"Pâte feuilletée Herta Trésor de Grand-Mère  280g","p":1.66,"u":"5,93 €/KG","img":"https://fd5-photos.leclercdrive.fr/image.ashx?id=2833303&use=l&cat=p&typeid=i","cat":333681},{"id":204158,"n":"Pâte brisée Herta Trésor de Grand-Mère - 280g","p":1.53,"u":"5,46 €/KG","img":"https://fd5-photos.leclercdrive.fr/image.ashx?id=2833306&use=l&cat=p&typeid=i","cat":333681},{"id":204159,"n":"Pâte à tarte sablée Herta Trésor de Grand-Mère - 280g","p":1.79,"u":"6,39 €/KG","img":"https://fd5-photos.leclercdrive.fr/image.ashx?id=2814536&use=l&cat=p&typeid=i","cat":333681},{"id":204162,"n":"Boîte chien Pedigree Terrine - 6x400g","p":7.88,"img":"https://fd5-photos.leclercdrive.fr/image.ashx?id=2849725&use=l&cat=p&typeid=i","cat":288578},{"id":204164,"n":"Sachet fraicheur chat Whiskas Poissons en gelée - 24x85g","p":9.56,"u":"4,69 €/KG","img":"https://fd5-photos.leclercdrive.fr/image.ashx?id=2490200&use=l&cat=p&typeid=i","cat":285286},{"id":204167,"n":"Sachet chat senior Whiskas Festins volaille sauce - 12x85g","p":4.69,"u":"4,60 €/KG","img":"https://fd5-photos.leclercdrive.fr/image.ashx?id=2588999&use=l&cat=p&typeid=i","cat":285286},{"id":204168,"n":"Rasoir xtreme 3 Wilkinson Sensitive - x24","p":19.37,"img":"https://fd5-photos.leclercdrive.fr/image.ashx?id=2844691&use=l&cat=p&typeid=i","cat":284616},{"id":204169,"n":"Sachet fraicheur chat Whiskas Festins volaille gelée - 12x85g","p":4.44,"u":"4,35 €/KG","img":"https://fd5-photos.leclercdrive.fr/image.ashx?id=2490329&use=l&cat=p&typeid=i","cat":285286},{"id":204179,"n":"Sachet fraicheur chat Whiskas Tasty Mix en sauce - 40x85g","p":15.33,"u":"4,51 €/KG","img":"https://fd5-photos.leclercdrive.fr/image.ashx?id=2589488&use=l&cat=p&typeid=i","cat":285286},{"id":204213,"n":"Tondeuse à barbe Gillette King C Gillette - x3 sabots","p":23.55,"img":"https://fd5-photos.leclercdrive.fr/image.ashx?id=2695025&use=l&cat=p&typeid=i","cat":284616},{"id":204221,"n":"Mon jambon supérieur Madrange Au torchon - 4 tranches - 160g","p":2.79,"u":"17,44 €/KG","img":"https://fd5-photos.leclercdrive.fr/image.ashx?id=3008203&use=l&cat=p&typeid=i","cat":316009},{"id":204247,"n":"Protège-slip Vania Confort Multiformes - 1p","p":2.64,"img":"https://fd5-photos.leclercdrive.fr/image.ashx?id=2735224&use=l&cat=p&typeid=i","cat":284625},{"id":204248,"n":"Galettes St Michel Fourrées Chocolat au lait 240g","p":1.88,"u":"7,83 €/KG","img":"https://fd5-photos.leclercdrive.fr/image.ashx?id=2950000&use=l&cat=p&typeid=i","cat":284487},{"id":204249,"n":"Galettes Moelleuses St Michel  Tigrées Chocolat - 180g","p":2.2,"u":"12,22 €/KG","img":"https://fd5-photos.leclercdrive.fr/image.ashx?id=2950006&use=l&cat=p&typeid=i","cat":284495},{"id":204302,"n":"Shampoing nutrition Ultra Doux Lait de coco - 300ml","p":2.74,"u":"9,13 €/L","img":"https://fd5-photos.leclercdrive.fr/image.ashx?id=2492788&use=l&cat=p&typeid=i","cat":284606},{"id":204303,"n":"Shampoing purifiant Ultra Doux Cheveux gras - 300ml","p":2.64,"u":"8,80 €/L","img":"https://fd5-photos.leclercdrive.fr/image.ashx?id=2492791&use=l&cat=p&typeid=i","cat":284606},{"id":204304,"n":"Shampoing Illuminant Ultra Doux Camomille - 300ml","p":2.66,"u":"8,87 €/L","img":"https://fd5-photos.leclercdrive.fr/image.ashx?id=2926596&use=l&cat=p&typeid=i","cat":284606},{"id":204305,"n":"Shampoing nutrition Ultra Doux Argan et camélia - 300ml","p":2.51,"u":"8,37 €/L","img":"https://fd5-photos.leclercdrive.fr/image.ashx?id=2492797&use=l&cat=p&typeid=i","cat":284606},{"id":204306,"n":"Shampoing nutrition Ultra Doux Cheveu Bouclé à Frisé - 300ml","p":2.5,"u":"8,33 €/L","img":"https://fd5-photos.leclercdrive.fr/image.ashx?id=2926599&use=l&cat=p&typeid=i","cat":284606},{"id":204307,"n":"Shampoing Couleur Ultra Doux Cheveux colorés - 300ml","p":2.66,"u":"8,87 €/L","img":"https://fd5-photos.leclercdrive.fr/image.ashx?id=2492803&use=l&cat=p&typeid=i","cat":284606},{"id":204308,"n":"Shampoing Enfants Ultra Doux Abricot - 300ml","p":2.48,"u":"8,27 €/L","img":"https://fd5-photos.leclercdrive.fr/image.ashx?id=2851093&use=l&cat=p&typeid=i","cat":284606},{"id":204310,"n":"Shampoing Hydratant Ultra Doux Cheveux délicats - 300ml","p":2.61,"u":"8,70 €/L","img":"https://fd5-photos.leclercdrive.fr/image.ashx?id=2492812&use=l&cat=p&typeid=i","cat":284606},{"id":204311,"n":"Shampoing doux Ultra Doux Extrait de tilleul - 300ml","p":2.57,"u":"8,57 €/L","img":"https://fd5-photos.leclercdrive.fr/image.ashx?id=2492815&use=l&cat=p&typeid=i","cat":284606},{"id":204313,"n":"Après-shampooing karité Garnier Cheveu bouclé à Frisé - 250ml","p":2.66,"u":"10,64 €/L","img":"https://fd5-photos.leclercdrive.fr/image.ashx?id=2986651&use=l&cat=p&typeid=i","cat":284607},{"id":204314,"n":"Après-shampoing Ultra doux Cheveux fragiles - 250ml","p":2.77,"u":"11,08 €/L","img":"https://fd5-photos.leclercdrive.fr/image.ashx?id=2646569&use=l&cat=p&typeid=i","cat":284607},{"id":204315,"n":"Démêlant nourrissant Garnier Cheveu sec à très sec - 250ml","p":2.78,"u":"11,12 €/L","img":"https://fd5-photos.leclercdrive.fr/image.ashx?id=2492827&use=l&cat=p&typeid=i","cat":284607},{"id":204316,"n":"Shampoing réparateur Ultra Doux Cheveux fragiles - 300ml","p":2.66,"u":"8,87 €/L","img":"https://fd5-photos.leclercdrive.fr/image.ashx?id=2646572&use=l&cat=p&typeid=i","cat":284606},{"id":204327,"n":"Soupe instantanée Royco  Velouté Tomates - 4x200ml","p":1.43,"u":"1,79 €/L","img":"https://fd5-photos.leclercdrive.fr/image.ashx?id=2650991&use=l&cat=p&typeid=i","cat":293527},{"id":204328,"n":"Soupe instantanée Royco  Mouliné 12 Légumes - 4x200ml","p":1.51,"u":"1,89 €/L","img":"https://fd5-photos.leclercdrive.fr/image.ashx?id=2650994&use=l&cat=p&typeid=i","cat":293527},{"id":204329,"n":"Soupe liquide Liebig  Façon napolitaine - 1L","p":2.97,"u":"2,97 €/L","img":"https://fd5-photos.leclercdrive.fr/image.ashx?id=2493133&use=l&cat=p&typeid=i","cat":284462},{"id":204330,"n":"Soupe liquide brique Liebig  Poule Vermicelles - 1L","p":3.17,"u":"3,17 €/L","img":"https://fd5-photos.leclercdrive.fr/image.ashx?id=2493136&use=l&cat=p&typeid=i","cat":284462},{"id":204438,"n":"Oignon rouge Bio  Bio Village - 500g","p":2.49,"u":"4,98 €/KG","img":"https://fd5-photos.leclercdrive.fr/image.ashx?id=2922460&use=l&cat=p&typeid=i","cat":284352},{"id":204447,"n":"Oignon Rouge Tube 500g","p":2.75,"u":"5,50 €/KG","img":"https://fd5-photos.leclercdrive.fr/image.ashx?id=2068456&use=l&cat=p&typeid=i","cat":284352},{"id":204488,"n":"Dentifrice Aquafresh Triple Protection Blancheur - 125ml","p":1.73,"u":"13,84 €/L","img":"https://fd5-photos.leclercdrive.fr/image.ashx?id=2546755&use=l&cat=p&typeid=i","cat":284612},{"id":204496,"n":"Cotons démaquillants Demakup Sensitive - 6x64","p":6.62,"u":"0,02 €/P","img":"https://fd5-photos.leclercdrive.fr/image.ashx?id=2745283&use=l&cat=p&typeid=i","cat":285593},{"id":204630,"n":"Éclairs à la vanille  2x70g","p":1.65,"u":"11,79 €/KG","img":"https://fd5-photos.leclercdrive.fr/image.ashx?id=2495749&use=l&cat=p&typeid=i","cat":284360},{"id":204698,"n":"Sérum-huile rosé L'Oréal Paris Age perfect - 30ml","p":17.59,"u":"586,33 €/L","img":"https://fd5-photos.leclercdrive.fr/image.ashx?id=2580161&use=l&cat=p&typeid=i","cat":325345},{"id":204699,"n":"Masque Skinactive Garnier  Pur Charbon - x1","p":2.25,"img":"https://fd5-photos.leclercdrive.fr/image.ashx?id=2819397&use=l&cat=p&typeid=i","cat":325346},{"id":204700,"n":"BB crème soin 5en1 Garnier Anti-âge teinte medium - 50ml","p":10.43,"u":"208,60 €/L","img":"https://fd5-photos.leclercdrive.fr/image.ashx?id=2494974&use=l&cat=p&typeid=i","cat":325345},{"id":204701,"n":"BB Crème Soin Tout en 1 Garnier Teinte claire - 50ml","p":9.6,"u":"192,00 €/L","img":"https://fd5-photos.leclercdrive.fr/image.ashx?id=2495746&use=l&cat=p&typeid=i","cat":325345},{"id":204702,"n":"BB Crème Soin tout en 1 Garnier Teinte medium - 50ml","p":9.19,"u":"183,80 €/L","img":"https://fd5-photos.leclercdrive.fr/image.ashx?id=2494977&use=l&cat=p&typeid=i","cat":325345},{"id":204717,"n":"Soda Schweppes Saveur Agrumes Zero - 1,5L","p":1.6,"u":"1,07 €/L","img":"https://fd5-photos.leclercdrive.fr/image.ashx?id=2852444&use=l&cat=p&typeid=i","cat":284532},{"id":204718,"n":"Soda Schweppes Saveur Agrumes - 1,5L","p":1.6,"u":"1,07 €/L","img":"https://fd5-photos.leclercdrive.fr/image.ashx?id=2852447&use=l&cat=p&typeid=i","cat":284532},{"id":204719,"n":"Soda Schweppes Indian Tonic - 1,5L","p":1.6,"u":"1,07 €/L","img":"https://fd5-photos.leclercdrive.fr/image.ashx?id=2852456&use=l&cat=p&typeid=i","cat":284531},{"id":204731,"n":"Sachet fraîcheur chat Whiskas  Sélection en sauce - 12x85g","p":4.81,"u":"4,72 €/KG","img":"https://fd5-photos.leclercdrive.fr/image.ashx?id=2495764&use=l&cat=p&typeid=i","cat":285286},{"id":204734,"n":"Boîte chien Pedigree Cuisinés en sauce - 3x800g","p":6.41,"u":"2,67 €/KG","img":"https://fd5-photos.leclercdrive.fr/image.ashx?id=2849731&use=l&cat=p&typeid=i","cat":288578},{"id":204747,"n":"Dentifrice Aquafresh Menthe fraîche - 125ml","p":1.75,"u":"14,00 €/L","img":"https://fd5-photos.leclercdrive.fr/image.ashx?id=2546752&use=l&cat=p&typeid=i","cat":284612},{"id":204748,"n":"Boisson énergisante Red Bull Goût Abricot-Fraise, 250ml","p":1.21,"u":"4,84 €/L","img":"https://fd5-photos.leclercdrive.fr/image.ashx?id=3011995&use=l&cat=p&typeid=i","cat":284533},{"id":204788,"n":"Gnocchi à poêler Lustucru 325g","p":1.32,"u":"4,06 €/KG","img":"https://fd5-photos.leclercdrive.fr/image.ashx?id=2975218&use=l&cat=p&typeid=i","cat":333682},{"id":204789,"n":"Gnocchi à poêler Lustucru 520g","p":2.1,"u":"4,04 €/KG","img":"https://fd5-photos.leclercdrive.fr/image.ashx?id=2792423&use=l&cat=p&typeid=i","cat":333682},{"id":204791,"n":"Gnocchi à poêler Lustucru  Format XXL - 720g","p":2.7,"u":"3,75 €/KG","img":"https://fd5-photos.leclercdrive.fr/image.ashx?id=2788556&use=l&cat=p&typeid=i","cat":333682},{"id":204792,"n":"Girasoli Lustucru Tomate Basilic Mozzarella 250g","p":2.17,"u":"8,68 €/KG","img":"https://fd5-photos.leclercdrive.fr/image.ashx?id=2974363&use=l&cat=p&typeid=i","cat":333682},{"id":204796,"n":"Tortellini Lustucru Jambon cru - 250g","p":2.16,"u":"8,64 €/KG","img":"https://fd5-photos.leclercdrive.fr/image.ashx?id=2974360&use=l&cat=p&typeid=i","cat":333682},{"id":204888,"n":"Essuie tout  sans tube Okay 2=6 x2 rouleaux","p":5.8,"u":"2,90 €/P","img":"https://fd5-photos.leclercdrive.fr/image.ashx?id=2893096&use=l&cat=p&typeid=i","cat":284635},{"id":204944,"n":"Paëlla de volaille et moules  Eco+ - 1kg","p":3.32,"u":"3,32 €/KG","img":"https://fd5-photos.leclercdrive.fr/image.ashx?id=2781287&use=l&cat=p&typeid=i","cat":325094},{"id":204951,"n":"Thon Sauce Mayonnaise Petit Navire - 140g","p":1.61,"u":"11,50 €/KG","img":"https://fd5-photos.leclercdrive.fr/image.ashx?id=2528292&use=l&cat=p&typeid=i","cat":303867},{"id":204952,"n":"Thon Sauce Catalane Petit Navire - 140g","p":1.92,"u":"13,71 €/KG","img":"https://fd5-photos.leclercdrive.fr/image.ashx?id=2989072&use=l&cat=p&typeid=i","cat":303867},{"id":204954,"n":"Haché Extra Moelleux Charal Façon Bouchère 8x110g - 880g","p":10.86,"u":"12,34 €/KG","img":"https://fd5-photos.leclercdrive.fr/image.ashx?id=2731732&use=l&cat=p&typeid=i","cat":319778},{"id":204989,"n":"Pansement ampoule Mercurochrome Extrême - Talons - x4","p":4.96,"u":"1,24 €/P","img":"https://fd5-photos.leclercdrive.fr/image.ashx?id=2765066&use=l&cat=p&typeid=i","cat":284630},{"id":204990,"n":"Crème antiride Pot 50ml","p":2.99,"u":"59,80 €/L","img":"https://fd5-photos.leclercdrive.fr/image.ashx?id=2498952&use=l&cat=p&typeid=i","cat":325345},{"id":205006,"n":"Compotes Pom'Potes Gourdes BIO  Multivariétés - 12x90g","p":8.35,"u":"7,73 €/KG","img":"https://fd5-photos.leclercdrive.fr/image.ashx?id=2899344&use=l&cat=p&typeid=i","cat":284508},{"id":205011,"n":"Lasagnes au saumon d'aucy 300g","p":3.17,"u":"10,57 €/KG","img":"https://fd5-photos.leclercdrive.fr/image.ashx?id=2522539&use=l&cat=p&typeid=i","cat":284953},{"id":205161,"n":"Brosse à dents Sensodyne Sensibilité & gencives souple","p":3.69,"img":"https://fd5-photos.leclercdrive.fr/image.ashx?id=2499331&use=l&cat=p&typeid=i","cat":284614},{"id":205171,"n":"Soupe instantanée Royco  Velouté 12 Légumes - 4x200ml","p":1.37,"u":"1,71 €/L","img":"https://fd5-photos.leclercdrive.fr/image.ashx?id=2650997&use=l&cat=p&typeid=i","cat":293527},{"id":205182,"n":"Soupe liquide brique Liebig  Poule Vermicelles - 2x30cl","p":2.71,"u":"4,52 €/KG","img":"https://fd5-photos.leclercdrive.fr/image.ashx?id=2693488&use=l&cat=p&typeid=i","cat":284462},{"id":205232,"n":"Serviettes Always Ultra Normal Plus - T1 - x14","p":2.38,"u":"0,17 €/P","img":"https://fd5-photos.leclercdrive.fr/image.ashx?id=2851321&use=l&cat=p&typeid=i","cat":284624},{"id":205233,"n":"Serviettes Always Ultra Long - T2 - x12","p":2.35,"u":"0,20 €/P","img":"https://fd5-photos.leclercdrive.fr/image.ashx?id=2851324&use=l&cat=p&typeid=i","cat":284624},{"id":205235,"n":"Serviettes Always Ultra Secure night -T4 - x9","p":2.95,"u":"0,33 €/P","img":"https://fd5-photos.leclercdrive.fr/image.ashx?id=2851330&use=l&cat=p&typeid=i","cat":284624},{"id":205237,"n":"Sérum anti-âge L'Oréal Paris Revitalift Vitamine C - 30ml","p":17.7,"u":"590,00 €/L","img":"https://fd5-photos.leclercdrive.fr/image.ashx?id=3003351&use=l&cat=p&typeid=i","cat":325345},{"id":205238,"n":"Savon Eco+ Amande douce - 150g","p":0.61,"u":"4,07 €/KG","img":"https://fd5-photos.leclercdrive.fr/image.ashx?id=2499058&use=l&cat=p&typeid=i","cat":284597},{"id":205239,"n":"Nettoyant four Decapfour Confort - 500ml","p":3.71,"u":"7,42 €/L","img":"https://fd5-photos.leclercdrive.fr/image.ashx?id=2499669&use=l&cat=p&typeid=i","cat":325363},{"id":205281,"n":"Huile d'olive vierge extra Terra Delyssa - 75cl","p":8.23,"u":"10,97 €/L","img":"https://fd5-photos.leclercdrive.fr/image.ashx?id=2679356&use=l&cat=p&typeid=i","cat":284453},{"id":205289,"n":"Déboucheur canalisation gel A la soude - Mieuxa - 1L","p":5.16,"u":"5,16 €/L","img":"https://fd5-photos.leclercdrive.fr/image.ashx?id=2500087&use=l&cat=p&typeid=i","cat":300576},{"id":205293,"n":"Vinaigre ménager parfum pomme Mieuxa - 1L","p":2.58,"u":"2,58 €/L","img":"https://fd5-photos.leclercdrive.fr/image.ashx?id=2500084&use=l&cat=p&typeid=i","cat":300576},{"id":205302,"n":"Gel lavant Sanytol Nourrisant Bio - 250ml","p":2.38,"u":"9,52 €/L","img":"https://fd5-photos.leclercdrive.fr/image.ashx?id=2904658&use=l&cat=p&typeid=i","cat":284597},{"id":205303,"n":"Gel lavant Sanytol Désinfectant cuisine - 250ml","p":2.43,"u":"9,72 €/L","img":"https://fd5-photos.leclercdrive.fr/image.ashx?id=2904661&use=l&cat=p&typeid=i","cat":284597},{"id":205304,"n":"Bandes de cire froide Expert Veet Corps Peaux sensibles x40","p":9.61,"u":"0,24 €/P","img":"https://fd5-photos.leclercdrive.fr/image.ashx?id=2964959&use=l&cat=p&typeid=i","cat":325351},{"id":205305,"n":"Bandes de cire froide Expert Veet Visage Peaux sensibles x20","p":6.05,"u":"0,30 €/P","img":"https://fd5-photos.leclercdrive.fr/image.ashx?id=2915440&use=l&cat=p&typeid=i","cat":325351},{"id":205311,"n":"Masque Remède Garnier Cheveux normaux à gras - 340ml","p":5.14,"u":"15,12 €/L","img":"https://fd5-photos.leclercdrive.fr/image.ashx?id=2500171&use=l&cat=p&typeid=i","cat":284608},{"id":205312,"n":"Coloration Permanente Olia 4.0 Châtain cacao","p":11.72,"img":"https://fd5-photos.leclercdrive.fr/image.ashx?id=2518718&use=l&cat=p&typeid=i","cat":288899},{"id":205313,"n":"Coloration Permanente Olia 5.0 Châtain Clair Café","p":11.73,"img":"https://fd5-photos.leclercdrive.fr/image.ashx?id=2521167&use=l&cat=p&typeid=i","cat":288899},{"id":205315,"n":"Coloration Permanente Olia 8.0 Blond miel sans ammoniaque","p":11.7,"u":"11,70 €/TRC","img":"https://fd5-photos.leclercdrive.fr/image.ashx?id=2521173&use=l&cat=p&typeid=i","cat":288899},{"id":205317,"n":"Après-Shampooing Garnier Cheveux normaux à gras - 200ml","p":3.3,"u":"16,50 €/L","img":"https://fd5-photos.leclercdrive.fr/image.ashx?id=2500174&use=l&cat=p&typeid=i","cat":284607},{"id":205318,"n":"Shampoing charbon Ultra Doux Equilibrant - 250ml","p":2.59,"u":"10,36 €/L","img":"https://fd5-photos.leclercdrive.fr/image.ashx?id=2500177&use=l&cat=p&typeid=i","cat":284606},{"id":205319,"n":"Coloration Garnier Good 3.12 Châtain foncé Myrtille","p":10.14,"img":"https://fd5-photos.leclercdrive.fr/image.ashx?id=2521176&use=l&cat=p&typeid=i","cat":288899},{"id":205320,"n":"Masque Assouplissant Garnier Cheveu sec à très sec - 340ml","p":5.13,"u":"15,09 €/L","img":"https://fd5-photos.leclercdrive.fr/image.ashx?id=2500162&use=l&cat=p&typeid=i","cat":284608},{"id":205351,"n":"Pâte à tartiner Nocciolata  Bio - 650g","p":6.95,"u":"10,69 €/KG","img":"https://fd5-photos.leclercdrive.fr/image.ashx?id=2868194&use=l&cat=p&typeid=i","cat":284481},{"id":205439,"n":"Sirop sans sucre Teisseire  Fraise - 60cl","p":2.78,"u":"4,63 €/L","img":"https://fd5-photos.leclercdrive.fr/image.ashx?id=2500455&use=l&cat=p&typeid=i","cat":295020},{"id":205510,"n":"Huile L'Origine du Goût À la truffe - 25Cl","p":5.99,"u":"23,96 €/L","img":"https://fd5-photos.leclercdrive.fr/image.ashx?id=2865098&use=l&cat=p&typeid=i","cat":284453},{"id":205520,"n":"Crème glacée La Laitière Rhum Raisins - 490g","p":3.24,"pp":2.27,"u":"4,63 €/KG","img":"https://fd5-photos.leclercdrive.fr/image.ashx?id=2877877&use=l&cat=p&typeid=i","cat":284263},{"id":205522,"n":"Shampoing Réparateur Elsève Pro Bond Repair - 200ml","p":5.57,"u":"27,85 €/L","img":"https://fd5-photos.leclercdrive.fr/image.ashx?id=3008779&use=l&cat=p&typeid=i","cat":284606},{"id":205525,"n":"Démêlant Intense Elsève Pro Bond Repair - 150ml","p":5.57,"u":"37,13 €/L","img":"https://fd5-photos.leclercdrive.fr/image.ashx?id=3008782&use=l&cat=p&typeid=i","cat":284607},{"id":205569,"n":"Nectar de goyave Eco+ 1L","p":1.59,"u":"1,59 €/L","img":"https://fd5-photos.leclercdrive.fr/image.ashx?id=2955614&use=l&cat=p&typeid=i","cat":284915},{"id":205571,"n":"Ouzo Ammos 37,5% - 70cl","p":11.01,"u":"15,73 €/L","img":"https://fd5-photos.leclercdrive.fr/image.ashx?id=2501769&use=l&cat=p&typeid=i","cat":286032},{"id":205656,"n":"Cire dépilatoire L'Arbre Vert Peaux sensibles","p":3.81,"u":"15,24 €/L","img":"https://fd5-photos.leclercdrive.fr/image.ashx?id=2609851&use=l&cat=p&typeid=i","cat":null},{"id":205657,"n":"P'tit diner Yooji Bio Carotte patate douce 300g","p":3.03,"u":"10,10 €/KG","img":"https://fd5-photos.leclercdrive.fr/image.ashx?id=2792870&use=l&cat=p&typeid=i","cat":290631},{"id":205659,"n":"Ptit diner Petit pois  Epinards et orge bio - 300g","p":3.74,"u":"12,47 €/KG","img":"https://fd5-photos.leclercdrive.fr/image.ashx?id=2832257&use=l&cat=p&typeid=i","cat":290631},{"id":205676,"n":"IGP Pays d'Oc Sauvignon 5L","p":12.49,"u":"2,50 €/L","img":"https://fd5-photos.leclercdrive.fr/image.ashx?id=2879949&use=l&cat=p&typeid=i","cat":289557},{"id":205686,"n":"Energus 10  400g","p":3.95,"u":"9,88 €/KG","img":"https://fd5-photos.leclercdrive.fr/image.ashx?id=591902&use=l&cat=p&typeid=i","cat":284359},{"id":205787,"n":"Saucisse de Toulouse Férial Brassé - 450g","p":4.16,"u":"9,24 €/KG","img":"https://fd5-photos.leclercdrive.fr/image.ashx?id=2761986&use=l&cat=p&typeid=i","cat":284334},{"id":205876,"n":"Nettoyant dilué Mr Propre Bicarbonate - 1L","p":2.52,"u":"2,52 €/L","img":"https://fd5-photos.leclercdrive.fr/image.ashx?id=2867842&use=l&cat=p&typeid=i","cat":284907},{"id":205890,"n":"Nettoyant multi-usages Mr Prore - Bergamote - 1L","p":2.48,"u":"2,48 €/L","img":"https://fd5-photos.leclercdrive.fr/image.ashx?id=2889979&use=l&cat=p&typeid=i","cat":284907},{"id":205938,"n":"Couches Pampers Baby-dry Taille 2 - x58","p":16.51,"u":"0,28 €/P","img":"https://fd5-photos.leclercdrive.fr/image.ashx?id=2655151&use=l&cat=p&typeid=i","cat":284737},{"id":205957,"n":"Fromage Persillée Bresse Bleu Le véritable - 300g","p":3.6,"u":"12,00 €/KG","img":"https://fd5-photos.leclercdrive.fr/image.ashx?id=2926515&use=l&cat=p&typeid=i","cat":314032},{"id":206032,"n":"Sirop Teisseire Fruits exotiques - 60cl","p":3.26,"u":"5,43 €/L","img":"https://fd5-photos.leclercdrive.fr/image.ashx?id=2507820&use=l&cat=p&typeid=i","cat":295020},{"id":206033,"n":"Biscuits Mots Doux P'tit Déli Chocolat noisettes - 180g","p":1.89,"u":"10,50 €/KG","img":"https://fd5-photos.leclercdrive.fr/image.ashx?id=2771136&use=l&cat=p&typeid=i","cat":284488},{"id":206050,"n":"Thé glacé Fuze Tea Framboise Menthe  Sans sucres - 1.25L","p":1.62,"u":"1,30 €/L","img":"https://fd5-photos.leclercdrive.fr/image.ashx?id=2997217&use=l&cat=p&typeid=i","cat":295019},{"id":206105,"n":"Gel Nettoyant Visage Nivea Peaux à Imperfections - 150ml","p":4.08,"u":"27,20 €/L","img":"https://fd5-photos.leclercdrive.fr/image.ashx?id=2878243&use=l&cat=p&typeid=i","cat":284603},{"id":206106,"n":"Crème Visage Nuit Nivea Peaux à Imperfections - 40ml","p":7.64,"u":"191,00 €/L","img":"https://fd5-photos.leclercdrive.fr/image.ashx?id=2894999&use=l&cat=p&typeid=i","cat":325345},{"id":206108,"n":"Gommage Visage Nivea Peaux à Imperfections - 150ml","p":5.29,"u":"35,27 €/L","img":"https://fd5-photos.leclercdrive.fr/image.ashx?id=2836121&use=l&cat=p&typeid=i","cat":325346},{"id":206120,"n":"Crème dépilatoire Expert Veet Corps Peaux sensibles 200ml","p":6.03,"u":"30,15 €/L","img":"https://fd5-photos.leclercdrive.fr/image.ashx?id=2970804&use=l&cat=p&typeid=i","cat":325351},{"id":206122,"n":"Liquide vaisselle Rainett Concentré - Framboise - 500ml","p":1.69,"u":"3,38 €/L","img":"https://fd5-photos.leclercdrive.fr/image.ashx?id=2508792&use=l&cat=p&typeid=i","cat":284655},{"id":206123,"n":"Liquide vaisselle Paic Bi Activ Vinaigre et Sel minéral - 750ml","p":2.61,"u":"3,48 €/L","img":"https://fd5-photos.leclercdrive.fr/image.ashx?id=2508843&use=l&cat=p&typeid=i","cat":284655},{"id":206125,"n":"Riz parfumé  1kg","p":2.29,"u":"2,29 €/KG","img":"https://fd5-photos.leclercdrive.fr/image.ashx?id=2515521&use=l&cat=p&typeid=i","cat":284428},{"id":206126,"n":"Infusion La Tisanière Nuit calme - x20 - 28g","p":2.26,"u":"80,71 €/KG","img":"https://fd5-photos.leclercdrive.fr/image.ashx?id=2907863&use=l&cat=p&typeid=i","cat":293234},{"id":206130,"n":"Rasoir Gillette Venus Smooth 2 lames - x1","p":8.93,"img":"https://fd5-photos.leclercdrive.fr/image.ashx?id=2595803&use=l&cat=p&typeid=i","cat":325352},{"id":206135,"n":"Infusion La Tisanière Fleur de camomille - x20  - 30g","p":2.3,"u":"76,67 €/KG","img":"https://fd5-photos.leclercdrive.fr/image.ashx?id=2880700&use=l&cat=p&typeid=i","cat":293234},{"id":206136,"n":"Cookies La Biscuiterie Delacre Pépites de chocolat - 136g","p":2.48,"u":"18,24 €/KG","img":"https://fd5-photos.leclercdrive.fr/image.ashx?id=2674086&use=l&cat=p&typeid=i","cat":325066},{"id":206137,"n":"Cookies La Biscuiterie Delacre Chocolat noir lait blanc -136g","p":2.72,"u":"20,00 €/KG","img":"https://fd5-photos.leclercdrive.fr/image.ashx?id=2673151&use=l&cat=p&typeid=i","cat":325066},{"id":206138,"n":"Boisson concentrée Teisseire Grenadine zéro sucres - 1,3L","p":5.35,"u":"4,12 €/L","img":"https://fd5-photos.leclercdrive.fr/image.ashx?id=2508585&use=l&cat=p&typeid=i","cat":295020},{"id":206139,"n":"Sirop Teisseire Cassis - 60cl","p":3.3,"u":"5,50 €/L","img":"https://fd5-photos.leclercdrive.fr/image.ashx?id=2508588&use=l&cat=p&typeid=i","cat":295020},{"id":206140,"n":"Sirop concentré Teisseire Citron vert - 60cl","p":3.3,"u":"5,50 €/L","img":"https://fd5-photos.leclercdrive.fr/image.ashx?id=2508591&use=l&cat=p&typeid=i","cat":295020},{"id":206143,"n":"Sirop Teisseire  Pêche - 60cl","p":3.3,"u":"5,50 €/L","img":"https://fd5-photos.leclercdrive.fr/image.ashx?id=2508597&use=l&cat=p&typeid=i","cat":295020},{"id":206144,"n":"Boisson concentrée Teisseire A diluer grenadine Zéro - 60cl","p":2.42,"u":"4,03 €/L","img":"https://fd5-photos.leclercdrive.fr/image.ashx?id=2508600&use=l&cat=p&typeid=i","cat":295020},{"id":206147,"n":"Boisson concentrée Teisseire Menthe verte sans sucres - 60cl","p":2.45,"u":"4,08 €/L","img":"https://fd5-photos.leclercdrive.fr/image.ashx?id=2508603&use=l&cat=p&typeid=i","cat":295020},{"id":206149,"n":"Boisson concentrée Teisseire Citron sans sucres - 60cl","p":3.14,"u":"5,23 €/L","img":"https://fd5-photos.leclercdrive.fr/image.ashx?id=2508606&use=l&cat=p&typeid=i","cat":295020},{"id":206158,"n":"Steaks végétaux et gourmands Happyvore x2 - 200g","p":3.59,"u":"17,95 €/KG","img":"https://fd5-photos.leclercdrive.fr/image.ashx?id=2736148&use=l&cat=p&typeid=i","cat":316036},{"id":206163,"n":"Sirop Teisseire  Menthe verte - 60cl","p":2.25,"u":"3,75 €/L","img":"https://fd5-photos.leclercdrive.fr/image.ashx?id=2772726&use=l&cat=p&typeid=i","cat":295020},{"id":206165,"n":"Citronnade Pulco 50cl","p":1.5,"u":"3,00 €/L","img":"https://fd5-photos.leclercdrive.fr/image.ashx?id=2941529&use=l&cat=p&typeid=i","cat":295018},{"id":206167,"n":"Supremes panés végétaux  HappyVore x2 -180g","p":3.67,"u":"20,39 €/KG","img":"https://fd5-photos.leclercdrive.fr/image.ashx?id=2787527&use=l&cat=p&typeid=i","cat":316036},{"id":206168,"n":"Boisson concentrée Teisseire Menthe verte sans sucres - 1.3L","p":4.12,"u":"3,17 €/L","img":"https://fd5-photos.leclercdrive.fr/image.ashx?id=2509319&use=l&cat=p&typeid=i","cat":295020},{"id":206169,"n":"Sirop Tesseire Citron - 60cl","p":2.25,"u":"3,75 €/L","img":"https://fd5-photos.leclercdrive.fr/image.ashx?id=2771747&use=l&cat=p&typeid=i","cat":295020},{"id":206170,"n":"Sirop Teisseire Framboise - 60cl","p":3.36,"u":"5,60 €/L","img":"https://fd5-photos.leclercdrive.fr/image.ashx?id=2509331&use=l&cat=p&typeid=i","cat":295020},{"id":206172,"n":"Biscuits Kinder Tronky fourrés Cacao et au lait  - 90g","p":1.91,"u":"21,22 €/KG","img":"https://fd5-photos.leclercdrive.fr/image.ashx?id=2916462&use=l&cat=p&typeid=i","cat":284488},{"id":206173,"n":"Infusion La Tisanière Après repas - x20 - 30g","p":3.25,"u":"108,33 €/KG","img":"https://fd5-photos.leclercdrive.fr/image.ashx?id=2792195&use=l&cat=p&typeid=i","cat":293234},{"id":206174,"n":"Infusion La Tisanière Drainage - x20 - 28g","p":3.01,"u":"107,50 €/KG","img":"https://fd5-photos.leclercdrive.fr/image.ashx?id=2887551&use=l&cat=p&typeid=i","cat":293234},{"id":206211,"n":"Olives vertes dénoyautées  À la Provençale - 200g","p":2.38,"u":"11,90 €/KG","img":"https://fd5-photos.leclercdrive.fr/image.ashx?id=2647796&use=l&cat=p&typeid=i","cat":316002},{"id":206219,"n":"Lotion cheveux Ducray Creastim Reactiv - Antichute - 60ml","p":37.1,"u":"618,33 €/L","img":"https://fd5-photos.leclercdrive.fr/image.ashx?id=2917453&use=l&cat=p&typeid=i","cat":290399},{"id":206221,"n":"Soin matifiant A-Derma anti-imperfecions - 40ml","p":11.8,"u":"295,00 €/L","img":"https://fd5-photos.leclercdrive.fr/image.ashx?id=2509517&use=l&cat=p&typeid=i","cat":291166},{"id":206222,"n":"Fluide anti-tâches Ducray Protecteur SPF50+ - 50ml","p":14.9,"u":"298,00 €/L","img":"https://fd5-photos.leclercdrive.fr/image.ashx?id=2509526&use=l&cat=p&typeid=i","cat":291168},{"id":206223,"n":"Crème anti-tâches Ducray Protectrice SPF50+ - 50ml","p":14.9,"u":"298,00 €/L","img":"https://fd5-photos.leclercdrive.fr/image.ashx?id=2509529&use=l&cat=p&typeid=i","cat":291168},{"id":206230,"n":"Huile essentielle Puressentiel Camomille Romaine - 5ml","p":10.49,"img":"https://fd5-photos.leclercdrive.fr/image.ashx?id=2508984&use=l&cat=p&typeid=i","cat":298633},{"id":206245,"n":"Lait démaquillant Avène 200ml","p":13.99,"u":"69,95 €/L","img":"https://fd5-photos.leclercdrive.fr/image.ashx?id=2509478&use=l&cat=p&typeid=i","cat":301587},{"id":206247,"n":"Lait après-soleil Avène Réparateur - 200ml","p":11.69,"u":"58,45 €/L","img":"https://fd5-photos.leclercdrive.fr/image.ashx?id=2509490&use=l&cat=p&typeid=i","cat":290394},{"id":206249,"n":"Baume relipidant Eau thermale Avène - XeraCalm - 400ml","p":21.99,"u":"54,98 €/L","img":"https://fd5-photos.leclercdrive.fr/image.ashx?id=2605596&use=l&cat=p&typeid=i","cat":290421},{"id":206254,"n":"Sérum concentré Hydratant Avène Hydrance Boost - 30ml","p":22.96,"u":"765,33 €/L","img":"https://fd5-photos.leclercdrive.fr/image.ashx?id=2509520&use=l&cat=p&typeid=i","cat":291171},{"id":206261,"n":"Eau oxygénée Gilbert 30 volumes - 250ml","p":3.85,"u":"15,40 €/L","img":"https://fd5-photos.leclercdrive.fr/image.ashx?id=2509646&use=l&cat=p&typeid=i","cat":291163},{"id":206263,"n":"Anti-adhésif Gilbert 125ml","p":3.99,"u":"31,92 €/L","img":"https://fd5-photos.leclercdrive.fr/image.ashx?id=2509652&use=l&cat=p&typeid=i","cat":291163},{"id":206264,"n":"Crème d'eau Uriage Eau Thermale 40ml","p":13.0,"u":"325,00 €/L","img":"https://fd5-photos.leclercdrive.fr/image.ashx?id=2509038&use=l&cat=p&typeid=i","cat":291171},{"id":206298,"n":"Sirop Teisseire  Abricot - 60cl","p":2.45,"u":"4,08 €/L","img":"https://fd5-photos.leclercdrive.fr/image.ashx?id=2510774&use=l&cat=p&typeid=i","cat":295020},{"id":206299,"n":"Sirop Teisseire  Cerise - 60cl","p":3.66,"u":"6,10 €/L","img":"https://fd5-photos.leclercdrive.fr/image.ashx?id=2510777&use=l&cat=p&typeid=i","cat":295020},{"id":206300,"n":"Sirop Teisseire  Fruit de la passion - 60cl","p":3.04,"u":"5,07 €/L","img":"https://fd5-photos.leclercdrive.fr/image.ashx?id=2510780&use=l&cat=p&typeid=i","cat":295020},{"id":206365,"n":"Spray hypertonique Marimer Nez bouché - 100ml","p":3.99,"u":"39,90 €/L","img":"https://fd5-photos.leclercdrive.fr/image.ashx?id=2519174&use=l&cat=p&typeid=i","cat":301256},{"id":206382,"n":"Spray hygiène nasale hydratant Puressentiel- 100ml","p":5.59,"u":"55,90 €/L","img":"https://fd5-photos.leclercdrive.fr/image.ashx?id=2510139&use=l&cat=p&typeid=i","cat":301256},{"id":206401,"n":"Berocca immunité Flash Orange Effervescents - x30","p":8.99,"img":"https://fd5-photos.leclercdrive.fr/image.ashx?id=2510103&use=l&cat=p&typeid=i","cat":301264},{"id":206414,"n":"Gummies cheveux Forcapil  Croissance - x60","p":13.89,"img":"https://fd5-photos.leclercdrive.fr/image.ashx?id=2939934&use=l&cat=p&typeid=i","cat":301266},{"id":206423,"n":"Crème protectrice visage Bébé Calendula - 50ml","p":5.79,"u":"115,80 €/L","img":"https://fd5-photos.leclercdrive.fr/image.ashx?id=2510118&use=l&cat=p&typeid=i","cat":291171},{"id":206424,"n":"1ère huile lavante bébé Uriage 500ml","p":11.49,"u":"22,98 €/L","img":"https://fd5-photos.leclercdrive.fr/image.ashx?id=2510124&use=l&cat=p&typeid=i","cat":290425},{"id":206425,"n":"1ère lingette eau bébé Uriage x70","p":4.43,"img":"https://fd5-photos.leclercdrive.fr/image.ashx?id=2510127&use=l&cat=p&typeid=i","cat":290387},{"id":206429,"n":"Compléments alimentaires Luxéol Chute de cheveux - x90 gélules","p":35.89,"u":"0,40 €/P","img":"https://fd5-photos.leclercdrive.fr/image.ashx?id=2805489&use=l&cat=p&typeid=i","cat":301266},{"id":206430,"n":"Gummies Luxéol Cheveux et ongles - x60","p":19.89,"u":"0,33 €/P","img":"https://fd5-photos.leclercdrive.fr/image.ashx?id=2921942&use=l&cat=p&typeid=i","cat":301266},{"id":206434,"n":"Ortis Fruits &Fibres Forte Transit intestinal - 2x12","p":12.41,"pp":8.69,"u":"0,36 €/P","img":"https://fd5-photos.leclercdrive.fr/image.ashx?id=2510166&use=l&cat=p&typeid=i","cat":301268},{"id":206442,"n":"Sirop Kiwi Teisseire  60cl","p":3.04,"u":"5,07 €/L","img":"https://fd5-photos.leclercdrive.fr/image.ashx?id=2510783&use=l&cat=p&typeid=i","cat":295020},{"id":206443,"n":"Sirop Teisseire  Violette - 60cl","p":3.3,"u":"5,50 €/L","img":"https://fd5-photos.leclercdrive.fr/image.ashx?id=2510786&use=l&cat=p&typeid=i","cat":295020},{"id":206444,"n":"Sirop Teisseire  Ice Tea pêche - 1.3L","p":4.88,"u":"3,75 €/L","img":"https://fd5-photos.leclercdrive.fr/image.ashx?id=2510789&use=l&cat=p&typeid=i","cat":295020},{"id":206445,"n":"Sirop Tropical  Teisseire Zéro sucres - 60cl","p":2.95,"u":"4,92 €/L","img":"https://fd5-photos.leclercdrive.fr/image.ashx?id=2510792&use=l&cat=p&typeid=i","cat":295020},{"id":206448,"n":"Rhum blanc  La Martiniquaise 40° 20cl","p":3.25,"u":"16,25 €/L","img":"https://fd5-photos.leclercdrive.fr/image.ashx?id=2962242&use=l&cat=p&typeid=i","cat":284550},{"id":206473,"n":"Huile prodigieuse Nuxe  Visage, corps, cheveux - 50ml","p":13.9,"u":"278,00 €/L","img":"https://fd5-photos.leclercdrive.fr/image.ashx?id=2651486&use=l&cat=p&typeid=i","cat":290422},{"id":206476,"n":"Magné control 2 MOIS BT 60 2 mois - x60","p":7.99,"u":"0,13 €/P","img":"https://fd5-photos.leclercdrive.fr/image.ashx?id=2510485&use=l&cat=p&typeid=i","cat":301264},{"id":206537,"n":"Cookies La Biscuiterie Delacre Chocolat et noisette - 136g","p":2.55,"u":"18,75 €/KG","img":"https://fd5-photos.leclercdrive.fr/image.ashx?id=2784752&use=l&cat=p&typeid=i","cat":325066},{"id":206538,"n":"Cookies La Biscuiterie Delacre Chocolat noir et lait - 136g","p":2.75,"u":"20,22 €/KG","img":"https://fd5-photos.leclercdrive.fr/image.ashx?id=2661667&use=l&cat=p&typeid=i","cat":325066},{"id":206542,"n":"Pancakes Whaou Chocolat au lait - x7  259g","p":2.47,"u":"9,54 €/KG","img":"https://fd5-photos.leclercdrive.fr/image.ashx?id=2743097&use=l&cat=p&typeid=i","cat":284495},{"id":206558,"n":"Gummies Luxéol  Pousse des cheveux - x60","p":19.89,"u":"0,33 €/P","img":"https://fd5-photos.leclercdrive.fr/image.ashx?id=2565317&use=l&cat=p&typeid=i","cat":301266},{"id":206559,"n":"Thé Morning Boost Panda Tea Bio - 28 sachets","p":14.72,"pp":11.04,"img":"https://fd5-photos.leclercdrive.fr/image.ashx?id=2540793&use=l&cat=p&typeid=i","cat":301268},{"id":206577,"n":"Crème fluide UHT Président Secret de Crème - 3x20cl","p":3.14,"u":"5,23 €/L","img":"https://fd5-photos.leclercdrive.fr/image.ashx?id=2678999&use=l&cat=p&typeid=i","cat":284381},{"id":206582,"n":"Liquide vaiselle Paic Bi Activ Vinaigre et citron - 750ml","p":2.73,"u":"3,64 €/L","img":"https://fd5-photos.leclercdrive.fr/image.ashx?id=2966797&use=l&cat=p&typeid=i","cat":284655},{"id":206583,"n":"Liquide vaiselle Paic Bi Activ Vinaigre et menthol - 750ml","p":2.57,"u":"3,43 €/L","img":"https://fd5-photos.leclercdrive.fr/image.ashx?id=2512075&use=l&cat=p&typeid=i","cat":284655},{"id":206606,"n":"Bâtonnets Trium Vanille chocolat blanc x4 314g","p":2.8,"u":"8,92 €/KG","img":"https://fd5-photos.leclercdrive.fr/image.ashx?id=2791392&use=l&cat=p&typeid=i","cat":284265},{"id":206608,"n":"Amincissant ventre et hanches  Somatoline - Cryogel - 250ml","p":33.56,"u":"134,24 €/L","img":"https://fd5-photos.leclercdrive.fr/image.ashx?id=2512300&use=l&cat=p&typeid=i","cat":291161},{"id":206613,"n":"Thé glacé Oasis Ice Tea Saveur Framboise Cassis - 1,5L","p":2.31,"u":"1,54 €/L","img":"https://fd5-photos.leclercdrive.fr/image.ashx?id=2681730&use=l&cat=p&typeid=i","cat":295019},{"id":206614,"n":"Thé glacé Oasis Ice Tea Saveur Pêche - 6x33cl","p":3.15,"u":"1,59 €/L","img":"https://fd5-photos.leclercdrive.fr/image.ashx?id=2873865&use=l&cat=p&typeid=i","cat":295019},{"id":206615,"n":"Boisson aux fruits Oasis Tropical sans sucres - 1,5L","p":2.1,"u":"1,40 €/L","img":"https://fd5-photos.leclercdrive.fr/image.ashx?id=2681739&use=l&cat=p&typeid=i","cat":295018},{"id":206617,"n":"Lessive liquide Arbre Vert Recharge x34 - 1.53L","p":6.8,"u":"4,44 €/L","img":"https://fd5-photos.leclercdrive.fr/image.ashx?id=2680209&use=l&cat=p&typeid=i","cat":284640},{"id":206651,"n":"Mélange fruits exotiques DDV Sirop léger - 340g","p":1.99,"u":"5,85 €/KG","img":"https://fd5-photos.leclercdrive.fr/image.ashx?id=2512511&use=l&cat=p&typeid=i","cat":284507},{"id":206661,"n":"Pré shampooing Elsève  Pro Bond Repair - 200ml","p":8.62,"u":"43,10 €/L","img":"https://fd5-photos.leclercdrive.fr/image.ashx?id=2870680&use=l&cat=p&typeid=i","cat":284606},{"id":206678,"n":"AOC Côtes de Provence rosé Secret des Anges - 150cl","p":19.57,"u":"13,05 €/L","img":"https://fd5-photos.leclercdrive.fr/image.ashx?id=2673821&use=l&cat=p&typeid=i","cat":289558},{"id":206721,"n":"Sundae Ben & Jerry's Dulce de-delish - 342g","p":4.55,"u":"13,00 €/KG","img":"https://fd5-photos.leclercdrive.fr/image.ashx?id=2805654&use=l&cat=p&typeid=i","cat":284725},{"id":206724,"n":"Bâtonnet Magnum Double Starchaser x4 - 288g","p":3.15,"u":"10,94 €/KG","img":"https://fd5-photos.leclercdrive.fr/image.ashx?id=2805651&use=l&cat=p&typeid=i","cat":284265},{"id":206725,"n":"Bâtonnet Magnum Double Sunlover x4 - 300g","p":3.31,"u":"11,03 €/KG","img":"https://fd5-photos.leclercdrive.fr/image.ashx?id=2886397&use=l&cat=p&typeid=i","cat":284265},{"id":206726,"n":"Glace Bâtonnet MAGNUM Double Caramel 4x85ml","p":2.98,"u":"10,49 €/KG","img":"https://fd5-photos.leclercdrive.fr/image.ashx?id=2770626&use=l&cat=p&typeid=i","cat":284265},{"id":206727,"n":"Bâtonnet Magnum Double Chocolat x4 - 284g","p":3.11,"u":"10,95 €/KG","img":"https://fd5-photos.leclercdrive.fr/image.ashx?id=3009284&use=l&cat=p&typeid=i","cat":284265},{"id":206729,"n":"Macarons classiques  Assortiment x12 - 145g","p":3.85,"u":"26,55 €/KG","img":"https://fd5-photos.leclercdrive.fr/image.ashx?id=2663371&use=l&cat=p&typeid=i","cat":284360},{"id":206731,"n":"Macarons fruités Ajinamoto Assortiment x12 - 145g","p":3.85,"u":"26,55 €/KG","img":"https://fd5-photos.leclercdrive.fr/image.ashx?id=2516689&use=l&cat=p&typeid=i","cat":284360},{"id":206821,"n":"Pavé de campagne  350g","p":1.2,"u":"3,43 €/KG","img":"https://fd5-photos.leclercdrive.fr/image.ashx?id=2515634&use=l&cat=p&typeid=i","cat":284359},{"id":206822,"n":"Pain ficelle La Baleone 60g","p":0.35,"u":"5,83 €/KG","img":"https://fd5-photos.leclercdrive.fr/image.ashx?id=2515637&use=l&cat=p&typeid=i","cat":284359},{"id":206823,"n":"Pain Glaneur  350g","p":1.99,"u":"5,69 €/KG","img":"https://fd5-photos.leclercdrive.fr/image.ashx?id=2515640&use=l&cat=p&typeid=i","cat":284359},{"id":206824,"n":"Forêt Noire 6 parts","p":14.4,"u":"2,40 €/PRT","img":"https://fd5-photos.leclercdrive.fr/image.ashx?id=2515786&use=l&cat=p&typeid=i","cat":284360},{"id":206825,"n":"Forêt noire 2 parts","p":4.1,"u":"2,05 €/P","img":"https://fd5-photos.leclercdrive.fr/image.ashx?id=2515625&use=l&cat=p&typeid=i","cat":284360},{"id":206827,"n":"Petits fours secs  Fait maison - 250g","p":12.49,"u":"49,96 €/KG","img":"https://fd5-photos.leclercdrive.fr/image.ashx?id=2515628&use=l&cat=p&typeid=i","cat":284360},{"id":206828,"n":"Craquant chocolat 6 parts","p":12.5,"img":"https://fd5-photos.leclercdrive.fr/image.ashx?id=2515631&use=l&cat=p&typeid=i","cat":284360},{"id":206830,"n":"Fraisier maison 6 personnes","p":16.4,"img":"https://fd5-photos.leclercdrive.fr/image.ashx?id=2515789&use=l&cat=p&typeid=i","cat":284360},{"id":206831,"n":"Tarte aux fruits maison 6 parts","p":11.95,"img":"https://fd5-photos.leclercdrive.fr/image.ashx?id=2132229&use=l&cat=p&typeid=i","cat":284360},{"id":206833,"n":"Meringue à l'ancienne x2","p":3.45,"img":"https://fd5-photos.leclercdrive.fr/image.ashx?id=2526136&use=l&cat=p&typeid=i","cat":284360},{"id":206868,"n":"Shaker Ananas  Découpe fraîche  250g","p":2.6,"u":"10,40 €/KG","img":"https://fd5-photos.leclercdrive.fr/image.ashx?id=635043&use=l&cat=p&typeid=i","cat":290298},{"id":206871,"n":"Cannelloni à la viande  Fait Maison - 450g","p":6.9,"u":"15,33 €/KG","img":"https://fd5-photos.leclercdrive.fr/image.ashx?id=2515652&use=l&cat=p&typeid=i","cat":333665},{"id":206872,"n":"Spaghetti boulettes bœuf Fait Maison - 450grs","p":6.9,"u":"15,33 €/KG","img":"https://fd5-photos.leclercdrive.fr/image.ashx?id=2515780&use=l&cat=p&typeid=i","cat":333665},{"id":206873,"n":"Lasagnes bolognaise Fait  Maison - 450g","p":6.9,"u":"15,33 €/KG","img":"https://fd5-photos.leclercdrive.fr/image.ashx?id=2515792&use=l&cat=p&typeid=i","cat":333665},{"id":206874,"n":"Poulet Forestier Penne Fait Maison - 450g","p":6.9,"u":"15,33 €/KG","img":"https://fd5-photos.leclercdrive.fr/image.ashx?id=2515795&use=l&cat=p&typeid=i","cat":333665},{"id":206875,"n":"Poulet Curry coco Riz Fait Maison - 450g","p":6.9,"u":"15,33 €/KG","img":"https://fd5-photos.leclercdrive.fr/image.ashx?id=2515655&use=l&cat=p&typeid=i","cat":333665},{"id":206888,"n":"Beurre bio C'est Qui Le Patron Doux - 82% MG - 250g","p":3.56,"u":"14,24 €/KG","img":"https://fd5-photos.leclercdrive.fr/image.ashx?id=2938764&use=l&cat=p&typeid=i","cat":284379},{"id":206893,"n":"Tranches de chèvre Soignon  150g","p":3.13,"u":"20,87 €/KG","img":"https://fd5-photos.leclercdrive.fr/image.ashx?id=2762229&use=l&cat=p&typeid=i","cat":314028},{"id":206897,"n":"Beurre Bio C'est Qui Le Patron Demi-sel - 80% MG - 250g","p":2.99,"u":"11,96 €/KG","img":"https://fd5-photos.leclercdrive.fr/image.ashx?id=2938767&use=l&cat=p&typeid=i","cat":284379},{"id":206914,"n":"Verrine tiramisu nutella 1 pièce","p":3.5,"img":"https://fd5-photos.leclercdrive.fr/image.ashx?id=2124392&use=l&cat=p&typeid=i","cat":284419},{"id":206921,"n":"Lessive en poudre L'Arbre Vert 1.8kg","p":6.9,"u":"3,83 €/KG","img":"https://fd5-photos.leclercdrive.fr/image.ashx?id=2794445&use=l&cat=p&typeid=i","cat":284642},{"id":206922,"n":"Soupe liquide brique Liebig  Façon napolitaine - 2x30cl","p":2.58,"u":"4,30 €/L","img":"https://fd5-photos.leclercdrive.fr/image.ashx?id=2517887&use=l&cat=p&typeid=i","cat":284462},{"id":206924,"n":"White Spirit Mieuxa 1L","p":5.22,"u":"5,22 €/L","img":"https://fd5-photos.leclercdrive.fr/image.ashx?id=2563553&use=l&cat=p&typeid=i","cat":300576},{"id":206934,"n":"Soupe liquide Bio Liebig  Velouté de Potiron - 2x30cl","p":3.3,"u":"5,50 €/L","img":"https://fd5-photos.leclercdrive.fr/image.ashx?id=2643704&use=l&cat=p&typeid=i","cat":284462},{"id":206935,"n":"Thon entier Eco+ 140g","p":1.33,"u":"9,50 €/KG","img":"https://fd5-photos.leclercdrive.fr/image.ashx?id=2755004&use=l&cat=p&typeid=i","cat":303867},{"id":206936,"n":"Légum' Vapeur Notre Jardin Petits pois & carottes 265g","p":1.45,"u":"5,47 €/KG","img":"https://fd5-photos.leclercdrive.fr/image.ashx?id=3002647&use=l&cat=p&typeid=i","cat":312607},{"id":206950,"n":"Gaufrettes P'tit Déli Fourrés - 128g","p":1.59,"u":"12,42 €/KG","img":"https://fd5-photos.leclercdrive.fr/image.ashx?id=2842522&use=l&cat=p&typeid=i","cat":284488},{"id":206953,"n":"Tortilla chips chili Eco+ 300g","p":1.14,"u":"3,80 €/KG","img":"https://fd5-photos.leclercdrive.fr/image.ashx?id=2839818&use=l&cat=p&typeid=i","cat":287899},{"id":206963,"n":"Morceaux et coeurs de palmier  250g","p":1.99,"u":"7,96 €/KG","img":"https://fd5-photos.leclercdrive.fr/image.ashx?id=2670365&use=l&cat=p&typeid=i","cat":312611},{"id":206978,"n":"Rôti de porc Fleury Michon À la broche CSN x4 - 140g","p":2.74,"u":"19,57 €/P","img":"https://fd5-photos.leclercdrive.fr/image.ashx?id=2733412&use=l&cat=p&typeid=i","cat":316009},{"id":206981,"n":"Rôti de poulet Fleury Michon 100% filet CSN x4 - 150g","p":2.23,"u":"14,87 €/KG","img":"https://fd5-photos.leclercdrive.fr/image.ashx?id=2892670&use=l&cat=p&typeid=i","cat":316010},{"id":206985,"n":"Haché de jambon Fleury Michon À poêler x2 - 190g","p":2.11,"u":"11,11 €/KG","img":"https://fd5-photos.leclercdrive.fr/image.ashx?id=2518649&use=l&cat=p&typeid=i","cat":316009},{"id":206987,"n":"Haché jambon fromage  Fleury Michon x2 - 180g","p":1.66,"u":"9,22 €/KG","img":"https://fd5-photos.leclercdrive.fr/image.ashx?id=2522164&use=l&cat=p&typeid=i","cat":316009},{"id":206990,"n":"Haché de poulet Fleury Michon À poêler x2 - 160g","p":1.87,"u":"11,69 €/KG","img":"https://fd5-photos.leclercdrive.fr/image.ashx?id=2524709&use=l&cat=p&typeid=i","cat":316010},{"id":206994,"n":"Allumettes de poulet  Fleury Michon x2 - 150g","p":1.54,"u":"10,27 €/KG","img":"https://fd5-photos.leclercdrive.fr/image.ashx?id=2659647&use=l&cat=p&typeid=i","cat":316011},{"id":206996,"n":"Cocktail prêt à boire Tails Cosmo framboise 14,9° - 50cl","p":13.57,"u":"27,14 €/L","img":"https://fd5-photos.leclercdrive.fr/image.ashx?id=2858279&use=l&cat=p&typeid=i","cat":284551},{"id":206997,"n":"Couscous à la marocaine légumes Fleury Michon - 450g","p":3.5,"u":"7,78 €/KG","img":"https://fd5-photos.leclercdrive.fr/image.ashx?id=2656724&use=l&cat=p&typeid=i","cat":333665},{"id":207010,"n":"Aiguillettes de poulet rôti Fleury Michon - CSN - 150g","p":2.34,"u":"15,60 €/KG","img":"https://fd5-photos.leclercdrive.fr/image.ashx?id=2642555&use=l&cat=p&typeid=i","cat":316011},{"id":207017,"n":"Monster Top Speed Zero 50CL","p":1.61,"u":"3,22 €/L","img":"https://fd5-photos.leclercdrive.fr/image.ashx?id=2861174&use=l&cat=p&typeid=i","cat":284533},{"id":207018,"n":"Infusion La Tisanière Nuit calme - 30g","p":3.23,"u":"107,67 €/KG","img":"https://fd5-photos.leclercdrive.fr/image.ashx?id=2907866&use=l&cat=p&typeid=i","cat":293234},{"id":207026,"n":"Infusion detox La Tisanière x20 - 30g","p":2.37,"u":"79,00 €/KG","img":"https://fd5-photos.leclercdrive.fr/image.ashx?id=2907869&use=l&cat=p&typeid=i","cat":293234},{"id":207029,"n":"Infusion La Tisanière Drainage pamplemousse - x20 30g","p":2.97,"u":"99,00 €/KG","img":"https://fd5-photos.leclercdrive.fr/image.ashx?id=2907872&use=l&cat=p&typeid=i","cat":293234},{"id":207032,"n":"Litchis Rochefontaine au sirop léger- 565g","p":3.55,"u":"6,28 €/KG","img":"https://fd5-photos.leclercdrive.fr/image.ashx?id=2665283&use=l&cat=p&typeid=i","cat":284507},{"id":207034,"n":"Chair tomates Bio Village 400g","p":2.2,"u":"5,50 €/KG","img":"https://fd5-photos.leclercdrive.fr/image.ashx?id=2518568&use=l&cat=p&typeid=i","cat":288384},{"id":207036,"n":"Demi-Pêches Rochefontaine au sirop léger - 250g","p":2.86,"u":"11,44 €/KG","img":"https://fd5-photos.leclercdrive.fr/image.ashx?id=2633980&use=l&cat=p&typeid=i","cat":284507},{"id":207042,"n":"Sirop Teisseire Grenadine Bidon mega - 1.3L","p":5.12,"u":"3,94 €/L","img":"https://fd5-photos.leclercdrive.fr/image.ashx?id=2519480&use=l&cat=p&typeid=i","cat":295020},{"id":207043,"n":"Lessive Liquide L'Arbre Vert Savon végétal 45 lavages 2,025L","p":7.52,"u":"3,71 €/L","img":"https://fd5-photos.leclercdrive.fr/image.ashx?id=3008542&use=l&cat=p&typeid=i","cat":284640},{"id":207044,"n":"Recharge Lessive l'Arbre Vert Amande Douce 34 lavages 1,53L","p":5.77,"u":"3,77 €/L","img":"https://fd5-photos.leclercdrive.fr/image.ashx?id=2684503&use=l&cat=p&typeid=i","cat":284640},{"id":207045,"n":"Goûter frais Nesquik snack Chocolat au lait - 4x104g","p":1.56,"u":"15,00 €/KG","img":"https://fd5-photos.leclercdrive.fr/image.ashx?id=2661507&use=l&cat=p&typeid=i","cat":284420},{"id":207047,"n":"Beurre de cacahuètes Menguy's 454g","p":4.02,"u":"8,85 €/KG","img":"https://fd5-photos.leclercdrive.fr/image.ashx?id=2844088&use=l&cat=p&typeid=i","cat":284481},{"id":207069,"n":"Glace Extrême Mini Fraise Vanille - x8 - 312g","p":4.7,"u":"15,06 €/KG","img":"https://fd5-photos.leclercdrive.fr/image.ashx?id=2732941&use=l&cat=p&typeid=i","cat":284264},{"id":207073,"n":"Tablette lave vaiselle L'Arbre Vert Tout-en-1 - x32","p":5.01,"u":"8,58 €/KG","img":"https://fd5-photos.leclercdrive.fr/image.ashx?id=2672332&use=l&cat=p&typeid=i","cat":284656},{"id":207074,"n":"Vaisselle mains L'Arbre Vert Peaux sensibles - 500ml","p":2.06,"u":"4,12 €/L","img":"https://fd5-photos.leclercdrive.fr/image.ashx?id=2845428&use=l&cat=p&typeid=i","cat":284655},{"id":207075,"n":"Vaisselle Main L'Arbre Vert Amande - 500ml","p":1.49,"u":"2,98 €/L","img":"https://fd5-photos.leclercdrive.fr/image.ashx?id=2845431&use=l&cat=p&typeid=i","cat":284655},{"id":207076,"n":"Recharge Vaisselle mains L'Arbre Vert - Amande - 1L","p":2.5,"u":"2,50 €/L","img":"https://fd5-photos.leclercdrive.fr/image.ashx?id=2849926&use=l&cat=p&typeid=i","cat":284655},{"id":207097,"n":"Briquettes de charbon de bois Beaux Jours - 5kg","p":8.33,"u":"1,67 €/KG","img":"https://fd5-photos.leclercdrive.fr/image.ashx?id=2519612&use=l&cat=p&typeid=i","cat":335917},{"id":207101,"n":"Boîte Cotons tiges Feel Natural Blanc - Bambou - x200","p":0.91,"pp":0.55,"img":"https://fd5-photos.leclercdrive.fr/image.ashx?id=2544888&use=l&cat=p&typeid=i","cat":284636},{"id":207104,"n":"Culotte Feel Natural  Menstruelle - Taille XL","p":16.49,"pp":9.89,"img":"https://fd5-photos.leclercdrive.fr/image.ashx?id=2795255&use=l&cat=p&typeid=i","cat":284624},{"id":207117,"n":"Crème Solaire Spray Nivea Sun FPS 30 Protect&Bronze - 200ml","p":10.03,"u":"50,15 €/L","img":"https://fd5-photos.leclercdrive.fr/image.ashx?id=3008969&use=l&cat=p&typeid=i","cat":325355},{"id":207139,"n":"Serviettes hygiéniques Always  Ultra - Secure night - x18","p":4.55,"u":"0,25 €/P","img":"https://fd5-photos.leclercdrive.fr/image.ashx?id=2849436&use=l&cat=p&typeid=i","cat":284624},{"id":207141,"n":"Préservatifs Durex Nude Extra Fins Peau contre Peau x10","p":6.59,"u":"0,66 €/P","img":"https://fd5-photos.leclercdrive.fr/image.ashx?id=2962017&use=l&cat=p&typeid=i","cat":284631},{"id":207142,"n":"Gel Lubrifiant Intime Durex Sensitive base Eau 100ml","p":8.3,"u":"83,00 €/L","img":"https://fd5-photos.leclercdrive.fr/image.ashx?id=2961203&use=l&cat=p&typeid=i","cat":285160},{"id":207147,"n":"Filets maquereau Petit Navire Sauce tomate - 169g","p":1.57,"u":"9,29 €/KG","img":"https://fd5-photos.leclercdrive.fr/image.ashx?id=2989069&use=l&cat=p&typeid=i","cat":303868},{"id":207149,"n":"Miettes de thon Petit Navire Sauce tomate - 140g","p":1.72,"u":"12,29 €/KG","img":"https://fd5-photos.leclercdrive.fr/image.ashx?id=2881284&use=l&cat=p&typeid=i","cat":303867},{"id":207155,"n":"Cocktail prêt à boire Tails Fruit de la passion 14,9° -50cl","p":13.6,"u":"27,20 €/L","img":"https://fd5-photos.leclercdrive.fr/image.ashx?id=2858273&use=l&cat=p&typeid=i","cat":284551},{"id":207157,"n":"Biscuits La Biscuiterie Delacre Caramel intense - 130g","p":2.06,"u":"15,85 €/KG","img":"https://fd5-photos.leclercdrive.fr/image.ashx?id=2926323&use=l&cat=p&typeid=i","cat":284490},{"id":207160,"n":"Olives farcies Menguy's Poivrons rouges -","p":2.79,"u":"18,60 €/KG","img":"https://fd5-photos.leclercdrive.fr/image.ashx?id=2733529&use=l&cat=p&typeid=i","cat":284450},{"id":207162,"n":"Sauce rouleaux de printemps Tanoshi - 250ml","p":2.23,"u":"8,92 €/L","img":"https://fd5-photos.leclercdrive.fr/image.ashx?id=2913229&use=l&cat=p&typeid=i","cat":288992},{"id":207173,"n":"Sauce nems Tanoshi 150ml","p":1.62,"u":"10,80 €/L","img":"https://fd5-photos.leclercdrive.fr/image.ashx?id=2921615&use=l&cat=p&typeid=i","cat":288992},{"id":207174,"n":"Nouilles vermicelles de riz Tanoshi Vietnam 250g","p":1.53,"u":"6,12 €/KG","img":"https://fd5-photos.leclercdrive.fr/image.ashx?id=2732290&use=l&cat=p&typeid=i","cat":288992},{"id":207175,"n":"Kit bobun Tanoshi 485g","p":4.84,"u":"9,98 €/KG","img":"https://fd5-photos.leclercdrive.fr/image.ashx?id=2850910&use=l&cat=p&typeid=i","cat":288992},{"id":207181,"n":"Sucre Saint Louis Spécial Espresso - 1kg","p":2.26,"u":"2,26 €/KG","img":"https://fd5-photos.leclercdrive.fr/image.ashx?id=2521413&use=l&cat=p&typeid=i","cat":284502},{"id":207184,"n":"Compotes Pom'Potes Pomme, Pomme brugnon - 96x90g","p":29.0,"u":"3,36 €/KG","img":"https://fd5-photos.leclercdrive.fr/image.ashx?id=2918547&use=l&cat=p&typeid=i","cat":284508},{"id":207194,"n":"Compotes Pom'Potes Pomme fraise framboise - 96x90g","p":29.0,"u":"3,36 €/KG","img":"https://fd5-photos.leclercdrive.fr/image.ashx?id=2918550&use=l&cat=p&typeid=i","cat":284508},{"id":207198,"n":"Recharge lessive liquide  Rainette Aloe vera - 1.6L","p":6.41,"u":"4,01 €/L","img":"https://fd5-photos.leclercdrive.fr/image.ashx?id=2858684&use=l&cat=p&typeid=i","cat":284640},{"id":207199,"n":"Recharge lessive liquide  Rainett Savon de Marseille 1.6L","p":6.84,"u":"4,28 €/L","img":"https://fd5-photos.leclercdrive.fr/image.ashx?id=2842129&use=l&cat=p&typeid=i","cat":284640},{"id":207210,"n":"Fromage à tartiner Kiri Délicieusement fouetté - 125g","p":2.46,"u":"19,68 €/KG","img":"https://fd5-photos.leclercdrive.fr/image.ashx?id=2686591&use=l&cat=p&typeid=i","cat":314029},{"id":207225,"n":"Crème prodigieuse boost Nuxe  Gel anti-âge - 40ml","p":23.99,"u":"599,75 €/L","img":"https://fd5-photos.leclercdrive.fr/image.ashx?id=2583918&use=l&cat=p&typeid=i","cat":290421},{"id":207226,"n":"Bâtonnet Magnum Mini Double Caramel x6 - 282g","p":4.21,"u":"14,93 €/KG","img":"https://fd5-photos.leclercdrive.fr/image.ashx?id=2805648&use=l&cat=p&typeid=i","cat":284265},{"id":207231,"n":"Boisson lactée Candia Colombus Café Latté - 25cl","p":1.95,"u":"7,80 €/L","img":"https://fd5-photos.leclercdrive.fr/image.ashx?id=2735092&use=l&cat=p&typeid=i","cat":295246},{"id":207233,"n":"Boisson lactée Candia Colombus Cappuccino - 25cl","p":1.93,"u":"7,72 €/L","img":"https://fd5-photos.leclercdrive.fr/image.ashx?id=2735095&use=l&cat=p&typeid=i","cat":295246},{"id":207238,"n":"Liqueur Whisky Fireball - 70cl 33% vol.","p":15.82,"u":"22,60 €/L","img":"https://fd5-photos.leclercdrive.fr/image.ashx?id=2531649&use=l&cat=p&typeid=i","cat":286032},{"id":207248,"n":"Infusion La Tisanière Nuit calme - x20 - 30g","p":2.33,"u":"77,67 €/KG","img":"https://fd5-photos.leclercdrive.fr/image.ashx?id=2816835&use=l&cat=p&typeid=i","cat":293234},{"id":207262,"n":"Capsules Nescafé Dolce Gusto  Grande - x16","p":4.42,"u":"32,50 €/KG","img":"https://fd5-photos.leclercdrive.fr/image.ashx?id=2964153&use=l&cat=p&typeid=i","cat":293239},{"id":207305,"n":"Filet de poulet  600g","p":7.23,"u":"12,05 €/KG","img":"https://fd5-photos.leclercdrive.fr/image.ashx?id=2524808&use=l&cat=p&typeid=i","cat":284336},{"id":207308,"n":"Cuisse de poulet  1kg","p":5.59,"u":"5,59 €/KG","img":"https://fd5-photos.leclercdrive.fr/image.ashx?id=2524811&use=l&cat=p&typeid=i","cat":284336},{"id":207311,"n":"Culotte Feel Natural Menstruelle - Taille M","p":16.49,"pp":9.89,"img":"https://fd5-photos.leclercdrive.fr/image.ashx?id=2795249&use=l&cat=p&typeid=i","cat":284624},{"id":207321,"n":"Culotte Feel Natural Menstruelle-détachable-Taille M","p":14.24,"pp":8.54,"img":"https://fd5-photos.leclercdrive.fr/image.ashx?id=2525168&use=l&cat=p&typeid=i","cat":284624},{"id":207332,"n":"Rêve de miel soin lèvres Nuxe  10ml","p":12.49,"img":"https://fd5-photos.leclercdrive.fr/image.ashx?id=2651546&use=l&cat=p&typeid=i","cat":291172},{"id":207333,"n":"Crème solaire visage corps Nuxe  Lait SPF50 - 150ml","p":14.99,"u":"99,93 €/L","img":"https://fd5-photos.leclercdrive.fr/image.ashx?id=2901941&use=l&cat=p&typeid=i","cat":290396},{"id":207336,"n":"Crème solaire visage corps Nuxe  Spray SPF30 - 150ml","p":16.8,"u":"112,00 €/L","img":"https://fd5-photos.leclercdrive.fr/image.ashx?id=2651558&use=l&cat=p&typeid=i","cat":290396},{"id":207337,"n":"Rêve de miel gel visage Nuxe  Nettoyant démaquillant - 200ml","p":9.65,"u":"48,25 €/L","img":"https://fd5-photos.leclercdrive.fr/image.ashx?id=2651456&use=l&cat=p&typeid=i","cat":301587},{"id":207339,"n":"Crème solaire visage Nuxe  Délicieuse SPF30 - 50ml","p":11.99,"u":"239,80 €/L","img":"https://fd5-photos.leclercdrive.fr/image.ashx?id=2651462&use=l&cat=p&typeid=i","cat":290396},{"id":207377,"n":"Frites Pom Bistro au Romarin - 500g","p":3.66,"u":"7,32 €/KG","img":"https://fd5-photos.leclercdrive.fr/image.ashx?id=2866439&use=l&cat=p&typeid=i","cat":319791},{"id":207388,"n":"Cornichon Français  Hugo Aigre-doux - 360g","p":3.77,"u":"10,47 €/KG","img":"https://fd5-photos.leclercdrive.fr/image.ashx?id=2524377&use=l&cat=p&typeid=i","cat":284458},{"id":207396,"n":"Galettes moelleuses St Michel Marbrée Chocolat - 180g","p":1.89,"u":"10,50 €/KG","img":"https://fd5-photos.leclercdrive.fr/image.ashx?id=2936263&use=l&cat=p&typeid=i","cat":284487},{"id":207401,"n":"Adoucissant Soupline  Éclat de Fraîcheur - 28p","p":5.89,"u":"0,21 €/P","img":"https://fd5-photos.leclercdrive.fr/image.ashx?id=2583509&use=l&cat=p&typeid=i","cat":284650},{"id":207402,"n":"Adoucissant Soupline  Hypoallergénique - 28p","p":5.31,"u":"0,19 €/P","img":"https://fd5-photos.leclercdrive.fr/image.ashx?id=2818827&use=l&cat=p&typeid=i","cat":284650},{"id":207426,"n":"Chorizo doux Aoste 200g","p":3.6,"u":"18,00 €/KG","img":"https://fd5-photos.leclercdrive.fr/image.ashx?id=2751162&use=l&cat=p&typeid=i","cat":316006},{"id":207427,"n":"Chorizo fort Aoste 200g","p":3.44,"u":"17,20 €/KG","img":"https://fd5-photos.leclercdrive.fr/image.ashx?id=2751159&use=l&cat=p&typeid=i","cat":316006},{"id":207455,"n":"Dosettes café Senseo Caramel x32","p":6.44,"u":"29,01 €/KG","img":"https://fd5-photos.leclercdrive.fr/image.ashx?id=2525977&use=l&cat=p&typeid=i","cat":293238},{"id":207456,"n":"Purée de fruits Eco+ x8 - 800g","p":1.79,"u":"2,24 €/KG","img":"https://fd5-photos.leclercdrive.fr/image.ashx?id=2523507&use=l&cat=p&typeid=i","cat":284416},{"id":207460,"n":"Crème glacée La Laitière Vanille bourbon - 490g","p":3.24,"pp":2.27,"u":"4,63 €/KG","img":"https://fd5-photos.leclercdrive.fr/image.ashx?id=3000009&use=l&cat=p&typeid=i","cat":284263},{"id":207467,"n":"Moutarde Forte Amora 430g","p":1.3,"u":"3,02 €/KG","img":"https://fd5-photos.leclercdrive.fr/image.ashx?id=2526079&use=l&cat=p&typeid=i","cat":288850},{"id":207471,"n":"Moutarde Mi-forte Amora 415g","p":1.83,"u":"4,41 €/KG","img":"https://fd5-photos.leclercdrive.fr/image.ashx?id=2993176&use=l&cat=p&typeid=i","cat":288850},{"id":207476,"n":"Moutarde de Dijon Fine MAILLE L'Original Bocal - 360g","p":1.35,"u":"3,75 €/KG","img":"https://fd5-photos.leclercdrive.fr/image.ashx?id=2945841&use=l&cat=p&typeid=i","cat":288850},{"id":207478,"n":"Moutarde à l'Ancienne MAILLE Bocal - 360g","p":2.3,"u":"6,39 €/KG","img":"https://fd5-photos.leclercdrive.fr/image.ashx?id=2664307&use=l&cat=p&typeid=i","cat":288850},{"id":207492,"n":"Crème glacée La Laitière Vanille pécan - 490g","p":3.24,"pp":2.27,"u":"4,63 €/KG","img":"https://fd5-photos.leclercdrive.fr/image.ashx?id=3000015&use=l&cat=p&typeid=i","cat":284263},{"id":207528,"n":"Lessive liquide L'Arbre Vert Peaux sensibles - x34 - 1.53L","p":6.8,"u":"4,44 €/L","img":"https://fd5-photos.leclercdrive.fr/image.ashx?id=3008536&use=l&cat=p&typeid=i","cat":284640},{"id":207529,"n":"Recharge lessive L'Arbre Vert Peaux sensibles - x34 - 1.53L","p":6.27,"u":"4,10 €/L","img":"https://fd5-photos.leclercdrive.fr/image.ashx?id=2680212&use=l&cat=p&typeid=i","cat":284640},{"id":207530,"n":"Vaisselle mains L'Arbre Vert Peaux sensibles - 750ml","p":1.77,"u":"2,36 €/L","img":"https://fd5-photos.leclercdrive.fr/image.ashx?id=2850575&use=l&cat=p&typeid=i","cat":284655},{"id":207533,"n":"Préservatifs Durex Feeling  Extra Fins Extra Lubrifiés x12","p":8.38,"img":"https://fd5-photos.leclercdrive.fr/image.ashx?id=2962014&use=l&cat=p&typeid=i","cat":284631},{"id":207535,"n":"Préservatifs Durex Classic Jeans Confort et Confiance  x12","p":5.42,"img":"https://fd5-photos.leclercdrive.fr/image.ashx?id=2730475&use=l&cat=p&typeid=i","cat":284631},{"id":207536,"n":"Préservatifs Durex Nude Sans Latex Extra Lubrifié x10","p":7.13,"img":"https://fd5-photos.leclercdrive.fr/image.ashx?id=2730478&use=l&cat=p&typeid=i","cat":284631},{"id":207538,"n":"Culotte détachable Feel Natural Menstruelle - Taille L","p":14.24,"pp":8.54,"img":"https://fd5-photos.leclercdrive.fr/image.ashx?id=2527058&use=l&cat=p&typeid=i","cat":284624},{"id":207540,"n":"Croûtons Tipiak Ail - 75g","p":1.49,"u":"19,87 €/KG","img":"https://fd5-photos.leclercdrive.fr/image.ashx?id=2684461&use=l&cat=p&typeid=i","cat":284464},{"id":207543,"n":"Bandes de cire froide Expert Veet Corps Peaux sèches x40","p":7.47,"u":"0,19 €/P","img":"https://fd5-photos.leclercdrive.fr/image.ashx?id=2970786&use=l&cat=p&typeid=i","cat":null},{"id":207545,"n":"Bandes de cire froide Aiselles Veet Expert Peaux sensibles x16","p":5.91,"u":"0,37 €/P","img":"https://fd5-photos.leclercdrive.fr/image.ashx?id=2970801&use=l&cat=p&typeid=i","cat":325351},{"id":207549,"n":"Shampoing purifiant Ultra Doux Force et Brillance - 300ml","p":2.95,"u":"9,83 €/L","img":"https://fd5-photos.leclercdrive.fr/image.ashx?id=2878072&use=l&cat=p&typeid=i","cat":284606},{"id":207551,"n":"Dentifrice Naturals Aquafresh Blancheur charbon - 75ml","p":1.99,"u":"26,53 €/L","img":"https://fd5-photos.leclercdrive.fr/image.ashx?id=2527079&use=l&cat=p&typeid=i","cat":284612},{"id":207553,"n":"Dentifrice Sensodyne  Junior - 6-12 ans - 50ml","p":4.14,"u":"82,80 €/L","img":"https://fd5-photos.leclercdrive.fr/image.ashx?id=2968920&use=l&cat=p&typeid=i","cat":288898},{"id":207555,"n":"Serviettes hygiéniques Always Ultra - Normal - x34","p":4.18,"u":"0,12 €/P","img":"https://fd5-photos.leclercdrive.fr/image.ashx?id=2866118&use=l&cat=p&typeid=i","cat":284624},{"id":207557,"n":"Préservatifs Durex Feeling  Extra Lubrifié Extra Fins x20","p":8.73,"u":"0,44 €/P","img":"https://fd5-photos.leclercdrive.fr/image.ashx?id=2964965&use=l&cat=p&typeid=i","cat":284631},{"id":207559,"n":"Préservatifs Durex Pleasure me Perlés et Nervurés x12","p":6.11,"u":"0,51 €/P","img":"https://fd5-photos.leclercdrive.fr/image.ashx?id=2730466&use=l&cat=p&typeid=i","cat":284631},{"id":207561,"n":"Recharge Savon Mains Dettol Miel et Beurre de Karité 250ml","p":3.51,"u":"14,04 €/L","img":"https://fd5-photos.leclercdrive.fr/image.ashx?id=2971751&use=l&cat=p&typeid=i","cat":284597},{"id":207602,"n":"Brosse à dents Signal Sensisoft Souple - x1","p":2.79,"img":"https://fd5-photos.leclercdrive.fr/image.ashx?id=2706363&use=l&cat=p&typeid=i","cat":284614},{"id":207604,"n":"Bandes de cire froide Maillot Veet Expert Peaux sensibles x16","p":6.71,"u":"0,42 €/P","img":"https://fd5-photos.leclercdrive.fr/image.ashx?id=2970798&use=l&cat=p&typeid=i","cat":325351},{"id":207606,"n":"Stick lèvres Le Petit Olivier Argan - 4g","p":2.39,"u":"597,50 €/KG","img":"https://fd5-photos.leclercdrive.fr/image.ashx?id=2527979&use=l&cat=p&typeid=i","cat":285485},{"id":207609,"n":"Masque reconstituant Ultra doux Cheveu fragile cassant - 340ml","p":5.13,"u":"15,09 €/L","img":"https://fd5-photos.leclercdrive.fr/image.ashx?id=2646924&use=l&cat=p&typeid=i","cat":284608},{"id":207615,"n":"Lessive capsule L'Arbre Vert Savon végétal - x24","p":7.57,"u":"11,96 €/KG","img":"https://fd5-photos.leclercdrive.fr/image.ashx?id=2742126&use=l&cat=p&typeid=i","cat":284641},{"id":207621,"n":"Carrés démaquillant Feel Natural - +Filet de lavage - x6","p":8.69,"pp":5.21,"img":"https://fd5-photos.leclercdrive.fr/image.ashx?id=2528066&use=l&cat=p&typeid=i","cat":285593},{"id":207627,"n":"ST MARC Pistolet Antibactérien - 750ml","p":2.14,"u":"2,85 €/L","img":"https://fd5-photos.leclercdrive.fr/image.ashx?id=2528054&use=l&cat=p&typeid=i","cat":325357},{"id":208083,"n":"Crayons à doigts Esquisse Baby - x10","p":3.99,"img":"https://fd5-photos.leclercdrive.fr/image.ashx?id=2531572&use=l&cat=p&typeid=i","cat":284696},{"id":208085,"n":"Crayons de couleur Esquisse Effaçable - x12","p":1.7,"img":"https://fd5-photos.leclercdrive.fr/image.ashx?id=2531587&use=l&cat=p&typeid=i","cat":284696},{"id":208091,"n":"Crayons de couleur Esquisse Pointe large - x8","p":3.79,"img":"https://fd5-photos.leclercdrive.fr/image.ashx?id=2531569&use=l&cat=p&typeid=i","cat":284696},{"id":208092,"n":"Feutres Baby Esquisse Pointe large - x8","p":3.49,"img":"https://fd5-photos.leclercdrive.fr/image.ashx?id=2531566&use=l&cat=p&typeid=i","cat":284696},{"id":208097,"n":"Boîte de trombones Esquisse Couleur - x100","p":0.9,"img":"https://fd5-photos.leclercdrive.fr/image.ashx?id=2531557&use=l&cat=p&typeid=i","cat":334133},{"id":208106,"n":"Classeur Pokémon x1","p":5.32,"img":"https://fd5-photos.leclercdrive.fr/image.ashx?id=2531506&use=l&cat=p&typeid=i","cat":284745},{"id":208108,"n":"Classeur Super Mario Kart x1","p":5.18,"img":"https://fd5-photos.leclercdrive.fr/image.ashx?id=2531512&use=l&cat=p&typeid=i","cat":284745},{"id":208113,"n":"Stylo Bille Esquisse Bleu + 3 recharges Rétractable","p":0.99,"img":"https://fd5-photos.leclercdrive.fr/image.ashx?id=2531578&use=l&cat=p&typeid=i","cat":284696},{"id":208150,"n":"Guacamole Florette 175g","p":2.92,"u":"16,69 €/KG","img":"https://fd5-photos.leclercdrive.fr/image.ashx?id=2733010&use=l&cat=p&typeid=i","cat":315999},{"id":208154,"n":"Huile prodigieuse or Nuxe  Visage, corps, cheveux - 100ml","p":25.89,"u":"258,90 €/L","img":"https://fd5-photos.leclercdrive.fr/image.ashx?id=2651489&use=l&cat=p&typeid=i","cat":290422},{"id":208155,"n":"Huile prodigieuse or Nuxe  Visage, corps, cheveux - 50ml","p":16.76,"u":"335,20 €/L","img":"https://fd5-photos.leclercdrive.fr/image.ashx?id=2651492&use=l&cat=p&typeid=i","cat":290422},{"id":208158,"n":"Crème prodigieuse boost Nuxe  Huile anti-âge nuit - 50ml","p":24.89,"u":"497,80 €/L","img":"https://fd5-photos.leclercdrive.fr/image.ashx?id=2583921&use=l&cat=p&typeid=i","cat":291171},{"id":208168,"n":"Huile prodigieuse florale Nuxe  Visage, corps, cheveux - 100ml","p":23.99,"u":"239,90 €/L","img":"https://fd5-photos.leclercdrive.fr/image.ashx?id=2651510&use=l&cat=p&typeid=i","cat":290422},{"id":208173,"n":"Merveillance lift Nuxe Crème anti-âge nuit - 50ml","p":34.0,"u":"680,00 €/L","img":"https://fd5-photos.leclercdrive.fr/image.ashx?id=2542345&use=l&cat=p&typeid=i","cat":291168},{"id":208249,"n":"Pauline Nectar d'Abricot 1L","p":2.75,"u":"2,75 €/L","img":"https://fd5-photos.leclercdrive.fr/image.ashx?id=2733862&use=l&cat=p&typeid=i","cat":284915},{"id":208251,"n":"Pauline Nectar Pêche Blanche 1L","p":2.48,"u":"2,48 €/L","img":"https://fd5-photos.leclercdrive.fr/image.ashx?id=2733871&use=l&cat=p&typeid=i","cat":284915},{"id":208261,"n":"Melon vert 1p","p":3.76,"img":"https://fd5-photos.leclercdrive.fr/image.ashx?id=1636374&use=l&cat=p&typeid=i","cat":284356},{"id":208271,"n":"Capsules café L'Or Espresso Forza N°9 x50","p":13.91,"u":"53,50 €/KG","img":"https://fd5-photos.leclercdrive.fr/image.ashx?id=3000471&use=l&cat=p&typeid=i","cat":284749},{"id":208345,"n":"Schwarzkopf Oleo Coloration Chatain Clair Glacé 5-10","p":8.16,"img":"https://fd5-photos.leclercdrive.fr/image.ashx?id=2529888&use=l&cat=p&typeid=i","cat":288899},{"id":208347,"n":"Schwarzkopf Oleo Coloration Capillaire Châtain Foncé 3-10","p":8.16,"img":"https://fd5-photos.leclercdrive.fr/image.ashx?id=2529876&use=l&cat=p&typeid=i","cat":288899},{"id":208348,"n":"Schwarzkopf Oleo Coloration Capillaire Châtain glacé 4-50","p":9.79,"img":"https://fd5-photos.leclercdrive.fr/image.ashx?id=2529879&use=l&cat=p&typeid=i","cat":288899},{"id":208351,"n":"Schwarzkopf Oleo Coloration Capillaire Noir Intense 1-10","p":8.16,"img":"https://fd5-photos.leclercdrive.fr/image.ashx?id=2529870&use=l&cat=p&typeid=i","cat":288899},{"id":208385,"n":"Capsules café L'Or Espresso Delizioso N°5 x50","p":13.91,"u":"53,50 €/KG","img":"https://fd5-photos.leclercdrive.fr/image.ashx?id=2788064&use=l&cat=p&typeid=i","cat":284749},{"id":208417,"n":"Capsules café L'Or Espresso Ristretto N°11 x50","p":13.5,"u":"51,92 €/KG","img":"https://fd5-photos.leclercdrive.fr/image.ashx?id=3000474&use=l&cat=p&typeid=i","cat":284749},{"id":208419,"n":"Infusion Elephant Mure Myrtille vanille 40g","p":3.11,"u":"77,75 €/KG","img":"https://fd5-photos.leclercdrive.fr/image.ashx?id=2530278&use=l&cat=p&typeid=i","cat":293234},{"id":208421,"n":"Infusion fruits rouges Elephant Touche de menthe - 40g","p":2.62,"u":"65,50 €/KG","img":"https://fd5-photos.leclercdrive.fr/image.ashx?id=2813104&use=l&cat=p&typeid=i","cat":293234},{"id":208426,"n":"Infusion Eléphant Tilleul Citron  - x20 - 28g","p":2.65,"u":"94,64 €/KG","img":"https://fd5-photos.leclercdrive.fr/image.ashx?id=2530284&use=l&cat=p&typeid=i","cat":293234},{"id":208477,"n":"Chips paysanne Lay's Saveur Fromage du Jura - 120g","p":1.85,"u":"15,42 €/KG","img":"https://fd5-photos.leclercdrive.fr/image.ashx?id=2810774&use=l&cat=p&typeid=i","cat":284447},{"id":208484,"n":"Chips paysanne Lay's Saveur Oignon de Roscoff - 120g","p":1.54,"u":"12,83 €/KG","img":"https://fd5-photos.leclercdrive.fr/image.ashx?id=2810777&use=l&cat=p&typeid=i","cat":284447},{"id":208531,"n":"Vin de Californie rouge gallo  Family Cabernet Sauvignon 75cl","p":7.88,"u":"10,51 €/L","img":"https://fd5-photos.leclercdrive.fr/image.ashx?id=2531646&use=l&cat=p&typeid=i","cat":289556},{"id":208580,"n":"Frites Pom Bistro au Piment d'Espelette - 500g","p":3.69,"u":"7,38 €/KG","img":"https://fd5-photos.leclercdrive.fr/image.ashx?id=2532069&use=l&cat=p&typeid=i","cat":319791},{"id":208616,"n":"Biscuits Bonne Maman La pause choco - 235g","p":2.3,"u":"9,79 €/KG","img":"https://fd5-photos.leclercdrive.fr/image.ashx?id=2533022&use=l&cat=p&typeid=i","cat":284488},{"id":208632,"n":"Crème glacée La Laitière Crème brulée - 490g","p":3.24,"pp":2.27,"u":"4,63 €/KG","img":"https://fd5-photos.leclercdrive.fr/image.ashx?id=2877880&use=l&cat=p&typeid=i","cat":284263},{"id":208633,"n":"Compotes Pom'Potes Gourdes  Pomme Brugnon - 4x90g","p":2.2,"u":"6,11 €/KG","img":"https://fd5-photos.leclercdrive.fr/image.ashx?id=3010903&use=l&cat=p&typeid=i","cat":284508},{"id":208636,"n":"Purée Mousline Crème et noix de muscade - 500g","p":2.82,"u":"5,64 €/KG","img":"https://fd5-photos.leclercdrive.fr/image.ashx?id=3011728&use=l&cat=p&typeid=i","cat":284431},{"id":208638,"n":"Purée Mousline x3 sachets - 195g","p":1.29,"u":"6,62 €/KG","img":"https://fd5-photos.leclercdrive.fr/image.ashx?id=3004414&use=l&cat=p&typeid=i","cat":284431},{"id":208642,"n":"Purée Mousline x4 - 520g","p":2.67,"u":"5,13 €/KG","img":"https://fd5-photos.leclercdrive.fr/image.ashx?id=3011734&use=l&cat=p&typeid=i","cat":284431},{"id":208647,"n":"Bâtonnet Chupa Chups x4 - 240g","p":3.0,"u":"12,50 €/KG","img":"https://fd5-photos.leclercdrive.fr/image.ashx?id=2648349&use=l&cat=p&typeid=i","cat":284265},{"id":208651,"n":"Purée Mousline  x8 - 1.04 kg","p":4.91,"u":"4,72 €/KG","img":"https://fd5-photos.leclercdrive.fr/image.ashx?id=2986780&use=l&cat=p&typeid=i","cat":284431},{"id":208656,"n":"Sauce Apéro Florette Ail & Ciboulette - 175g","p":2.48,"u":"14,17 €/KG","img":"https://fd5-photos.leclercdrive.fr/image.ashx?id=2962767&use=l&cat=p&typeid=i","cat":284382},{"id":208658,"n":"Biscuit P'tit Deli Chocolat lait blanc - 150g","p":1.75,"u":"11,67 €/KG","img":"https://fd5-photos.leclercdrive.fr/image.ashx?id=2684835&use=l&cat=p&typeid=i","cat":284488},{"id":208683,"n":"Sauce Apéro Florette Fines herbes - 175g","p":2.48,"u":"14,17 €/KG","img":"https://fd5-photos.leclercdrive.fr/image.ashx?id=2962764&use=l&cat=p&typeid=i","cat":284382},{"id":208747,"n":"Café en grains L'OR Brésil 100% Arabica N° 5 900g","p":20.28,"u":"22,53 €/KG","img":"https://fd5-photos.leclercdrive.fr/image.ashx?id=2851348&use=l&cat=p&typeid=i","cat":293237},{"id":208749,"n":"Riz long grain 10 min Lustucru  x5 - 900g","p":2.09,"u":"2,32 €/KG","img":"https://fd5-photos.leclercdrive.fr/image.ashx?id=2963739&use=l&cat=p&typeid=i","cat":284428},{"id":208750,"n":"Purée Mousline x3 - 375g","p":2.33,"u":"6,21 €/KG","img":"https://fd5-photos.leclercdrive.fr/image.ashx?id=2940135&use=l&cat=p&typeid=i","cat":284431},{"id":208751,"n":"Riz long grain 10 min Lustucru x5 - 450g","p":1.23,"u":"2,73 €/KG","img":"https://fd5-photos.leclercdrive.fr/image.ashx?id=2955830&use=l&cat=p&typeid=i","cat":284428},{"id":208753,"n":"Bâtonnet Ferrero Rocher White x4 - 200g","p":3.81,"u":"19,05 €/KG","img":"https://fd5-photos.leclercdrive.fr/image.ashx?id=2759074&use=l&cat=p&typeid=i","cat":284265},{"id":208759,"n":"Purée Mousline  Presse purée - 375g","p":2.59,"u":"6,91 €/KG","img":"https://fd5-photos.leclercdrive.fr/image.ashx?id=2940117&use=l&cat=p&typeid=i","cat":284431},{"id":208761,"n":"Purée Mousline x4 - 125g","p":1.12,"u":"8,96 €/KG","img":"https://fd5-photos.leclercdrive.fr/image.ashx?id=2940126&use=l&cat=p&typeid=i","cat":284431},{"id":208762,"n":"Vinaigre balsamique Modene IGP - 50cl","p":3.32,"u":"6,64 €/L","img":"https://fd5-photos.leclercdrive.fr/image.ashx?id=2645390&use=l&cat=p&typeid=i","cat":298543},{"id":208764,"n":"Gel douche Sanex Natural Prebiotic hydratant - 700ml","p":4.91,"u":"7,01 €/L","img":"https://fd5-photos.leclercdrive.fr/image.ashx?id=2802842&use=l&cat=p&typeid=i","cat":284594},{"id":208770,"n":"Gelée de poisson Felix Tranches avec effilés - 960g","p":4.86,"u":"5,06 €/KG","img":"https://fd5-photos.leclercdrive.fr/image.ashx?id=2879823&use=l&cat=p&typeid=i","cat":285286},{"id":208772,"n":"Gel douche Sanex Natural Prebiotic - Sensitive - 425ml","p":4.08,"u":"9,60 €/L","img":"https://fd5-photos.leclercdrive.fr/image.ashx?id=2757857&use=l&cat=p&typeid=i","cat":284594},{"id":208774,"n":"Crème corps nourrissante Mixa Peaux extra sèches - 400ml","p":5.35,"u":"13,38 €/L","img":"https://fd5-photos.leclercdrive.fr/image.ashx?id=2533862&use=l&cat=p&typeid=i","cat":325350},{"id":208776,"n":"Gel douche Tahiti Vanille et huile de coco 250ml","p":2.07,"u":"8,28 €/L","img":"https://fd5-photos.leclercdrive.fr/image.ashx?id=2533130&use=l&cat=p&typeid=i","cat":284594},{"id":208786,"n":"Thé glacé Lipton Ice Tea Pêche La bouteille de 1.25L","p":1.41,"u":"1,13 €/L","img":"https://fd5-photos.leclercdrive.fr/image.ashx?id=2731567&use=l&cat=p&typeid=i","cat":295019},{"id":208788,"n":"Thé glacé Lipton Ice Tea Pêche  Sans sucres bouteille de 1.25L","p":1.47,"u":"1,18 €/L","img":"https://fd5-photos.leclercdrive.fr/image.ashx?id=2731570&use=l&cat=p&typeid=i","cat":295019},{"id":208806,"n":"Grilletine blé complet Pasquier Sans sucre ajouté - 255g","p":2.24,"u":"8,78 €/KG","img":"https://fd5-photos.leclercdrive.fr/image.ashx?id=2533559&use=l&cat=p&typeid=i","cat":284479},{"id":208835,"n":"Lardons végétaux La Vie Nature - 2x75g","p":2.62,"u":"17,47 €/KG","img":"https://fd5-photos.leclercdrive.fr/image.ashx?id=2965244&use=l&cat=p&typeid=i","cat":316036},{"id":208836,"n":"Lardons végétaux La Vie Fumés - 2x75g","p":2.85,"u":"19,00 €/KG","img":"https://fd5-photos.leclercdrive.fr/image.ashx?id=2965247&use=l&cat=p&typeid=i","cat":316036},{"id":208855,"n":"Brosse à dent Colgate Deep Clean - Souple - x1","p":3.5,"img":"https://fd5-photos.leclercdrive.fr/image.ashx?id=2968938&use=l&cat=p&typeid=i","cat":284614},{"id":208856,"n":"Dentifrice Colgate Tonigencyl Expert - 75ml","p":1.93,"u":"25,73 €/L","img":"https://fd5-photos.leclercdrive.fr/image.ashx?id=2859992&use=l&cat=p&typeid=i","cat":284612},{"id":208859,"n":"Sérum Colgate Max White Blancheur - Nuit - 3ml","p":13.78,"img":"https://fd5-photos.leclercdrive.fr/image.ashx?id=2834095&use=l&cat=p&typeid=i","cat":284612},{"id":208865,"n":"Spray nasal Prorhinel Aloe Vera - Enfant/Adulte 100ml","p":5.79,"u":"57,90 €/L","img":"https://fd5-photos.leclercdrive.fr/image.ashx?id=2917861&use=l&cat=p&typeid=i","cat":284630},{"id":208867,"n":"Serum physiologique Prorhinel 30x5ml","p":3.15,"u":"21,00 €/L","img":"https://fd5-photos.leclercdrive.fr/image.ashx?id=2878303&use=l&cat=p&typeid=i","cat":284741},{"id":208880,"n":"Spaetzle aux oeufs frais  Stoeffler - 500g","p":3.63,"u":"7,26 €/KG","img":"https://fd5-photos.leclercdrive.fr/image.ashx?id=2767525&use=l&cat=p&typeid=i","cat":333682},{"id":208911,"n":"Filet de limande  L'Atelier Poissonnerie - 210g","p":5.51,"u":"26,24 €/KG","img":"https://fd5-photos.leclercdrive.fr/image.ashx?id=2868705&use=l&cat=p&typeid=i","cat":284342},{"id":208927,"n":"Cidou un amour de fruits Orange Mangue - 1L","p":2.24,"u":"2,24 €/L","img":"https://fd5-photos.leclercdrive.fr/image.ashx?id=2535052&use=l&cat=p&typeid=i","cat":284915},{"id":208937,"n":"Barre protéinée Joyfuel Cookie Dough 55g","p":2.7,"u":"49,09 €/KG","img":"https://fd5-photos.leclercdrive.fr/image.ashx?id=2662057&use=l&cat=p&typeid=i","cat":318652},{"id":209054,"n":"Wraps Old El Paso Extra fins x6 - 192g","p":2.35,"u":"12,24 €/KG","img":"https://fd5-photos.leclercdrive.fr/image.ashx?id=2737693&use=l&cat=p&typeid=i","cat":288993},{"id":209057,"n":"Céréales bébé P'TITE CEREALE chocolat biscuit 12M+ - 415g","p":3.53,"u":"8,51 €/KG","img":"https://fd5-photos.leclercdrive.fr/image.ashx?id=2537303&use=l&cat=p&typeid=i","cat":312225},{"id":209059,"n":"P'tite céréale Nestlé Noisettes Biscuit - 12M+ - 415g","p":3.47,"u":"8,36 €/KG","img":"https://fd5-photos.leclercdrive.fr/image.ashx?id=2679389&use=l&cat=p&typeid=i","cat":312225},{"id":209060,"n":"Chips nature Lay's Sel - 6x25g","p":1.92,"u":"12,80 €/KG","img":"https://fd5-photos.leclercdrive.fr/image.ashx?id=3011143&use=l&cat=p&typeid=i","cat":284447},{"id":209061,"n":"Sauce pesto Florelli A la genovese - 190g","p":1.99,"u":"10,47 €/KG","img":"https://fd5-photos.leclercdrive.fr/image.ashx?id=2787452&use=l&cat=p&typeid=i","cat":299047},{"id":209064,"n":"Céréales bébé BABICAO Cacao 10M+ - 400g","p":3.38,"u":"8,45 €/KG","img":"https://fd5-photos.leclercdrive.fr/image.ashx?id=2537294&use=l&cat=p&typeid=i","cat":312225},{"id":209066,"n":"Céréales bébé P'TITE CEREALE Vanille Biscuit 12M+ - 415g","p":3.49,"u":"8,41 €/KG","img":"https://fd5-photos.leclercdrive.fr/image.ashx?id=2537297&use=l&cat=p&typeid=i","cat":312225},{"id":209074,"n":"Gel acccélérateur Cicaplast La Roche-Posay - 40ml","p":7.49,"u":"187,25 €/L","img":"https://fd5-photos.leclercdrive.fr/image.ashx?id=2537071&use=l&cat=p&typeid=i","cat":290405},{"id":209093,"n":"Adoucissant Soupline Magnolia & lavande - x60 1.28L","p":6.67,"u":"5,13 €/L","img":"https://fd5-photos.leclercdrive.fr/image.ashx?id=2832569&use=l&cat=p&typeid=i","cat":284650},{"id":209094,"n":"Adoucissant Soupline Concentré Mandarine Vanille x60 - 1.28ml","p":5.58,"u":"4,36 €/L","img":"https://fd5-photos.leclercdrive.fr/image.ashx?id=2832572&use=l&cat=p&typeid=i","cat":284650},{"id":209098,"n":"Moules marinées Baltic 200g","p":3.92,"u":"19,60 €/KG","img":"https://fd5-photos.leclercdrive.fr/image.ashx?id=3014428&use=l&cat=p&typeid=i","cat":285340},{"id":209113,"n":"Pâtes Collezione Barilla Farfalle Generose - 500g","p":1.59,"u":"3,18 €/KG","img":"https://fd5-photos.leclercdrive.fr/image.ashx?id=2654122&use=l&cat=p&typeid=i","cat":284427},{"id":209137,"n":"Blanc de poulet Tradilège Doré au four - 240g","p":1.97,"u":"8,21 €/KG","img":"https://fd5-photos.leclercdrive.fr/image.ashx?id=2925759&use=l&cat=p&typeid=i","cat":316010},{"id":209151,"n":"Pâtes Torti Legumes Panzani 3 Minutes - 500G","p":1.67,"u":"3,34 €/KG","img":"https://fd5-photos.leclercdrive.fr/image.ashx?id=2896117&use=l&cat=p&typeid=i","cat":284427},{"id":209154,"n":"Compotes Pom'Potes  Assortiment x64 - 5.76kg","p":28.39,"pp":19.87,"u":"3,45 €/KG","img":"https://fd5-photos.leclercdrive.fr/image.ashx?id=2977261&use=l&cat=p&typeid=i","cat":284508},{"id":209163,"n":"Capsules lave-vaisselle Finish  Quantum - x33","p":7.08,"u":"20,64 €/KG","img":"https://fd5-photos.leclercdrive.fr/image.ashx?id=2749548&use=l&cat=p&typeid=i","cat":284656},{"id":209179,"n":"Crème dépilatoire Expert Veet Bikini Maillot Intégral 200ml","p":9.66,"u":"96,60 €/L","img":"https://fd5-photos.leclercdrive.fr/image.ashx?id=2964968&use=l&cat=p&typeid=i","cat":325351},{"id":209182,"n":"Rasoir Gillette Labs Neon Night Edition - 1 rasoir + 1 lame","p":24.72,"img":"https://fd5-photos.leclercdrive.fr/image.ashx?id=2891740&use=l&cat=p&typeid=i","cat":284616},{"id":209196,"n":"Pur jus Tropicana Réveil fruité - 90cl","p":3.1,"u":"3,44 €/L","img":"https://fd5-photos.leclercdrive.fr/image.ashx?id=2538431&use=l&cat=p&typeid=i","cat":285435},{"id":209207,"n":"Nouilles précuites Suzi Wan  Ramen pour wok - 2x150g","p":2.69,"u":"8,15 €/KG","img":"https://fd5-photos.leclercdrive.fr/image.ashx?id=2992272&use=l&cat=p&typeid=i","cat":288992},{"id":209208,"n":"Sauce soja Suzi Wan Sucrée - 135ml","p":2.2,"u":"16,30 €/KG","img":"https://fd5-photos.leclercdrive.fr/image.ashx?id=2892931&use=l&cat=p&typeid=i","cat":288992},{"id":209209,"n":"Sauce soja Suzi Wan 250ml","p":2.6,"u":"10,40 €/L","img":"https://fd5-photos.leclercdrive.fr/image.ashx?id=2990880&use=l&cat=p&typeid=i","cat":288992},{"id":209212,"n":"Graines de sésame doré Ducros  45g","p":2.07,"u":"46,00 €/KG","img":"https://fd5-photos.leclercdrive.fr/image.ashx?id=2538605&use=l&cat=p&typeid=i","cat":298297},{"id":209241,"n":"Mélange de noix non salées Vico Avec raisins secs - 180g","p":3.94,"u":"21,89 €/KG","img":"https://fd5-photos.leclercdrive.fr/image.ashx?id=2916893&use=l&cat=p&typeid=i","cat":284448},{"id":209245,"n":"Origan Ducros 12g","p":1.57,"u":"130,83 €/KG","img":"https://fd5-photos.leclercdrive.fr/image.ashx?id=2559517&use=l&cat=p&typeid=i","cat":298297},{"id":209246,"n":"Oignon de France Ducros 42g","p":2.16,"u":"51,43 €/KG","img":"https://fd5-photos.leclercdrive.fr/image.ashx?id=2538593&use=l&cat=p&typeid=i","cat":298297},{"id":209283,"n":"Lait Sans Lactose Candia Bio Bouteille 1% MG - 1L","p":1.79,"u":"1,79 €/L","img":"https://fd5-photos.leclercdrive.fr/image.ashx?id=2543154&use=l&cat=p&typeid=i","cat":317169},{"id":209301,"n":"Thé vert glacé Lipton Ice Tea Citron vert menthe - 1.25L","p":1.7,"u":"1,36 €/L","img":"https://fd5-photos.leclercdrive.fr/image.ashx?id=2731579&use=l&cat=p&typeid=i","cat":295019},{"id":209302,"n":"Thé glacé Lipton Ice Tea Citron/citron vert - 1.25L","p":1.74,"u":"1,39 €/L","img":"https://fd5-photos.leclercdrive.fr/image.ashx?id=2731573&use=l&cat=p&typeid=i","cat":295019},{"id":209309,"n":"Thé glacé Lipton Ice Tea Framboise - 1.25L","p":1.81,"u":"1,45 €/L","img":"https://fd5-photos.leclercdrive.fr/image.ashx?id=2731588&use=l&cat=p&typeid=i","cat":295019},{"id":209311,"n":"Thé glacé Lipton Ice Tea Pêche abricot - 1,25L","p":1.88,"u":"1,50 €/L","img":"https://fd5-photos.leclercdrive.fr/image.ashx?id=2731576&use=l&cat=p&typeid=i","cat":295019},{"id":209339,"n":"Mélange Sainte Lucie Tex Mex - 46g","p":1.91,"u":"41,52 €/KG","img":"https://fd5-photos.leclercdrive.fr/image.ashx?id=2975179&use=l&cat=p&typeid=i","cat":298297},{"id":209340,"n":"Café en grains Ethiquable Bio - Arabica - 1kg","p":18.89,"u":"18,89 €/KG","img":"https://fd5-photos.leclercdrive.fr/image.ashx?id=2876851&use=l&cat=p&typeid=i","cat":293237},{"id":209345,"n":"Chair de crabe Côte de Mer 102g","p":2.77,"u":"26,38 €/KG","img":"https://fd5-photos.leclercdrive.fr/image.ashx?id=2557482&use=l&cat=p&typeid=i","cat":305147},{"id":209346,"n":"Sardines Connetable Lot de 2 - 140g","p":3.9,"u":"27,86 €/KG","img":"https://fd5-photos.leclercdrive.fr/image.ashx?id=2538680&use=l&cat=p&typeid=i","cat":305146},{"id":209348,"n":"Fèves d'edamame Rochefontaine 37cl","p":3.35,"u":"9,05 €/L","img":"https://fd5-photos.leclercdrive.fr/image.ashx?id=2538671&use=l&cat=p&typeid=i","cat":312606},{"id":209349,"n":"Olives vertes Tropic Apéro Méditerranéenne - 200g","p":3.02,"u":"15,10 €/KG","img":"https://fd5-photos.leclercdrive.fr/image.ashx?id=2538752&use=l&cat=p&typeid=i","cat":316002},{"id":209353,"n":"Ratatouille provençale d'aucy 42,5cl","p":2.14,"u":"5,63 €/KG","img":"https://fd5-photos.leclercdrive.fr/image.ashx?id=2539512&use=l&cat=p&typeid=i","cat":312612},{"id":209355,"n":"Aubergines cuisinées D'Aucy 380g","p":2.6,"u":"6,84 €/KG","img":"https://fd5-photos.leclercdrive.fr/image.ashx?id=2539509&use=l&cat=p&typeid=i","cat":312612},{"id":209356,"n":"Curry de pois chiches d'aucy  42,5cl","p":2.62,"u":"6,89 €/KG","img":"https://fd5-photos.leclercdrive.fr/image.ashx?id=2539506&use=l&cat=p&typeid=i","cat":287599},{"id":209362,"n":"Ravioli pur boeuf 650 g","p":3.89,"u":"5,98 €/KG","img":"https://fd5-photos.leclercdrive.fr/image.ashx?id=2540259&use=l&cat=p&typeid=i","cat":284442},{"id":209363,"n":"Lentilles cuisinées à la graisse d'oie - 820g","p":3.44,"u":"4,20 €/KG","img":"https://fd5-photos.leclercdrive.fr/image.ashx?id=2786804&use=l&cat=p&typeid=i","cat":312609},{"id":209367,"n":"Sauce pesto rouge Florelli 190g","p":1.99,"u":"10,47 €/KG","img":"https://fd5-photos.leclercdrive.fr/image.ashx?id=2787455&use=l&cat=p&typeid=i","cat":289010},{"id":209368,"n":"Thé glacé Lipton Ice Tea Pêche La bouteille de 1.75L","p":1.82,"u":"1,04 €/L","img":"https://fd5-photos.leclercdrive.fr/image.ashx?id=2731594&use=l&cat=p&typeid=i","cat":295019},{"id":209371,"n":"Aneth Ducros 13g","p":1.66,"u":"127,69 €/KG","img":"https://fd5-photos.leclercdrive.fr/image.ashx?id=2538599&use=l&cat=p&typeid=i","cat":298297},{"id":209424,"n":"Yaourt bifidus Activia céréales Poire et aux fruits - 4x115g","p":2.72,"u":"5,91 €/KG","img":"https://fd5-photos.leclercdrive.fr/image.ashx?id=2901641&use=l&cat=p&typeid=i","cat":315000},{"id":209429,"n":"Crème dessert vanille Danette Pop billes chocolat - 4x120g","p":2.38,"img":"https://fd5-photos.leclercdrive.fr/image.ashx?id=2935729&use=l&cat=p&typeid=i","cat":285041},{"id":209430,"n":"Skyr Danone Citron 0%mg - 2x140g","p":2.21,"u":"7,89 €/KG","img":"https://fd5-photos.leclercdrive.fr/image.ashx?id=2851728&use=l&cat=p&typeid=i","cat":315000},{"id":209431,"n":"Skyr Danone Fraise 0%mg - 2x140g","p":2.04,"u":"7,29 €/KG","img":"https://fd5-photos.leclercdrive.fr/image.ashx?id=2755270&use=l&cat=p&typeid=i","cat":315000},{"id":209432,"n":"Skyr Danone Vanille 0%mg - 2x140g","p":2.06,"u":"7,36 €/KG","img":"https://fd5-photos.leclercdrive.fr/image.ashx?id=2944654&use=l&cat=p&typeid=i","cat":315000},{"id":209437,"n":"Crème dessert protéinée 0%mg Hipro caramel - 180g","p":1.67,"u":"9,28 €/KG","img":"https://fd5-photos.leclercdrive.fr/image.ashx?id=2800288&use=l&cat=p&typeid=i","cat":285041},{"id":209438,"n":"Crème dessert protéinée Hipro  Vanille 0%mg- 180g","p":1.68,"u":"9,33 €/KG","img":"https://fd5-photos.leclercdrive.fr/image.ashx?id=2800291&use=l&cat=p&typeid=i","cat":285041},{"id":209439,"n":"Mousse au chocolat protéinée Hipro 0%mg - 200g","p":2.75,"u":"13,75 €/P","img":"https://fd5-photos.leclercdrive.fr/image.ashx?id=2792156&use=l&cat=p&typeid=i","cat":284417},{"id":209442,"n":"Eau minérale Zilia 6x1L","p":2.46,"u":"0,41 €/L","img":"https://fd5-photos.leclercdrive.fr/image.ashx?id=2563667&use=l&cat=p&typeid=i","cat":284535},{"id":209464,"n":"Sirop Teisseire citron Bidon mega - 130cl","p":5.48,"u":"4,22 €/L","img":"https://fd5-photos.leclercdrive.fr/image.ashx?id=2539707&use=l&cat=p&typeid=i","cat":295020},{"id":209465,"n":"Sirop Teisseire Ice Tea Pêche Bidon - 60cl","p":3.3,"u":"5,50 €/L","img":"https://fd5-photos.leclercdrive.fr/image.ashx?id=2539710&use=l&cat=p&typeid=i","cat":295020},{"id":209483,"n":"Lessive Liquide Chanteclair Savon de Marseille - x80 - 3,6L","p":7.34,"u":"2,04 €/L","img":"https://fd5-photos.leclercdrive.fr/image.ashx?id=2540097&use=l&cat=p&typeid=i","cat":284640},{"id":209491,"n":"Couscous moyen Ferrero sachet -500g","p":1.46,"u":"2,92 €/KG","img":"https://fd5-photos.leclercdrive.fr/image.ashx?id=2869561&use=l&cat=p&typeid=i","cat":284429},{"id":209494,"n":"Salade & Cie Sodebo Roma Jambon Speck - 320g","p":2.81,"u":"8,78 €/KG","img":"https://fd5-photos.leclercdrive.fr/image.ashx?id=2732413&use=l&cat=p&typeid=i","cat":333657},{"id":209495,"n":"Salade & Cie Sodebo Manhattan Poulet rôti - 320g","p":3.18,"u":"9,94 €/KG","img":"https://fd5-photos.leclercdrive.fr/image.ashx?id=2732407&use=l&cat=p&typeid=i","cat":333657},{"id":209496,"n":"Salade & Cie Sodebo Montmartre Jambon supérieur - 320g","p":2.88,"u":"9,00 €/KG","img":"https://fd5-photos.leclercdrive.fr/image.ashx?id=2868945&use=l&cat=p&typeid=i","cat":333657},{"id":209510,"n":"Chips nature Lay's Sel - 250g","p":1.94,"u":"7,76 €/KG","img":"https://fd5-photos.leclercdrive.fr/image.ashx?id=2995073&use=l&cat=p&typeid=i","cat":284447},{"id":209514,"n":"Chips Lay's Nature - 135g","p":1.28,"u":"9,48 €/KG","img":"https://fd5-photos.leclercdrive.fr/image.ashx?id=2994482&use=l&cat=p&typeid=i","cat":284447},{"id":209589,"n":"Pain Kebab La Boulangère x4 - 320g","p":1.95,"u":"7,50 €/KG","img":"https://fd5-photos.leclercdrive.fr/image.ashx?id=2912308&use=l&cat=p&typeid=i","cat":284985},{"id":209591,"n":"Pains Pita La Boulangère x4  -320g","p":2.3,"u":"7,19 €/KG","img":"https://fd5-photos.leclercdrive.fr/image.ashx?id=2912311&use=l&cat=p&typeid=i","cat":284985},{"id":209597,"n":"Compote Allégée en sucres Eco+ Bocal pomme poire - 720g","p":1.13,"u":"1,57 €/KG","img":"https://fd5-photos.leclercdrive.fr/image.ashx?id=2953206&use=l&cat=p&typeid=i","cat":284508},{"id":209598,"n":"Compote Allégée en sucres Eco+ Bocal pomme banane - 720g","p":1.03,"u":"1,43 €/KG","img":"https://fd5-photos.leclercdrive.fr/image.ashx?id=2953209&use=l&cat=p&typeid=i","cat":284508},{"id":209599,"n":"Capsules café L'Or Espresso Lungo Profondo N°8 x50","p":15.41,"u":"59,27 €/KG","img":"https://fd5-photos.leclercdrive.fr/image.ashx?id=2540898&use=l&cat=p&typeid=i","cat":284749},{"id":209600,"n":"Capsules café L'Or Espresso Splendente N°7 x50","p":13.66,"u":"52,54 €/KG","img":"https://fd5-photos.leclercdrive.fr/image.ashx?id=3000477&use=l&cat=p&typeid=i","cat":284749},{"id":209601,"n":"Thé vert Lipton Menthe intense - x20 - 32g","p":1.75,"u":"54,69 €/KG","img":"https://fd5-photos.leclercdrive.fr/image.ashx?id=2540907&use=l&cat=p&typeid=i","cat":293233},{"id":209648,"n":"Briochettes pépites de chocolat Pasquier - 400g","p":2.57,"u":"6,43 €/KG","img":"https://fd5-photos.leclercdrive.fr/image.ashx?id=2541196&use=l&cat=p&typeid=i","cat":296366},{"id":209686,"n":"Thé vert Lipton Myrtille et mure - x20 - 32g","p":2.18,"u":"68,13 €/KG","img":"https://fd5-photos.leclercdrive.fr/image.ashx?id=2542816&use=l&cat=p&typeid=i","cat":293233},{"id":209688,"n":"Thé vert menthe Lipton Asie - x30s - 48g","p":2.43,"u":"50,63 €/KG","img":"https://fd5-photos.leclercdrive.fr/image.ashx?id=2542819&use=l&cat=p&typeid=i","cat":293233},{"id":209691,"n":"Thé vert Lipton x30s - 39g","p":2.83,"u":"72,56 €/KG","img":"https://fd5-photos.leclercdrive.fr/image.ashx?id=2542822&use=l&cat=p&typeid=i","cat":293233},{"id":209722,"n":"Dessert Glacé Viennetta Caramel beurre salé - 320g","p":1.99,"u":"6,22 €/KG","img":"https://fd5-photos.leclercdrive.fr/image.ashx?id=2802836&use=l&cat=p&typeid=i","cat":284266},{"id":209724,"n":"Dessert Glacé Viennetta Chocolat -  320g","p":2.81,"u":"8,78 €/KG","img":"https://fd5-photos.leclercdrive.fr/image.ashx?id=3009287&use=l&cat=p&typeid=i","cat":284266},{"id":209733,"n":"Dessert Glacé Viennetta Vanille -  320g","p":2.02,"u":"6,31 €/KG","img":"https://fd5-photos.leclercdrive.fr/image.ashx?id=3009182&use=l&cat=p&typeid=i","cat":284266},{"id":209739,"n":"Adoucissant concentré Soupline Hypoallergénique 64 lav. 1,35L","p":5.48,"u":"4,06 €/L","img":"https://fd5-photos.leclercdrive.fr/image.ashx?id=2831185&use=l&cat=p&typeid=i","cat":284650},{"id":209795,"n":"Mascara L'Oréal Paris  Telescopic Lift longueur","p":10.63,"img":"https://fd5-photos.leclercdrive.fr/image.ashx?id=2543969&use=l&cat=p&typeid=i","cat":287029},{"id":209801,"n":"Rasoirs jetables Wilkinson Xtreme 3 - Pure sensitive - x12","p":10.75,"u":"0,90 €/P","img":"https://fd5-photos.leclercdrive.fr/image.ashx?id=2861719&use=l&cat=p&typeid=i","cat":284616},{"id":209804,"n":"Rasoirs jetables Wilkinson Xtreme 3 Ultimate confort - x8","p":8.49,"img":"https://fd5-photos.leclercdrive.fr/image.ashx?id=2846478&use=l&cat=p&typeid=i","cat":284616},{"id":209806,"n":"Rasoirs Extra 3 Essentials Plastique recyclé - x8","p":4.48,"u":"0,56 €/P","img":"https://fd5-photos.leclercdrive.fr/image.ashx?id=2846481&use=l&cat=p&typeid=i","cat":284616},{"id":209843,"n":"Thé vert menthe Lipton x50 - 80g","p":4.6,"u":"57,50 €/KG","img":"https://fd5-photos.leclercdrive.fr/image.ashx?id=2544629&use=l&cat=p&typeid=i","cat":293233},{"id":209850,"n":"Thé vert Lipton  Classique Asie  - x50 - 65g","p":4.73,"u":"72,77 €/KG","img":"https://fd5-photos.leclercdrive.fr/image.ashx?id=2544632&use=l&cat=p&typeid=i","cat":293233},{"id":209854,"n":"Thé vert citron Lipton Asie - x30 - 48g","p":2.83,"u":"58,96 €/KG","img":"https://fd5-photos.leclercdrive.fr/image.ashx?id=2544635&use=l&cat=p&typeid=i","cat":293233},{"id":209855,"n":"Thé vert Tchae menthe x20 - 40g","p":2.7,"u":"67,50 €/KG","img":"https://fd5-photos.leclercdrive.fr/image.ashx?id=2544638&use=l&cat=p&typeid=i","cat":293233},{"id":209856,"n":"Thé vert Tchaé orient  Lipton  x20 - 35g","p":2.75,"u":"78,57 €/KG","img":"https://fd5-photos.leclercdrive.fr/image.ashx?id=2544641&use=l&cat=p&typeid=i","cat":293233},{"id":209857,"n":"Thé vert Lipton Pamplemousse Mandarine x20 32g","p":2.89,"u":"90,31 €/KG","img":"https://fd5-photos.leclercdrive.fr/image.ashx?id=2544623&use=l&cat=p&typeid=i","cat":293233},{"id":209859,"n":"Déboucheur Liquide Destop  4 doses - 950ml","p":3.29,"u":"3,46 €/L","img":"https://fd5-photos.leclercdrive.fr/image.ashx?id=2832161&use=l&cat=p&typeid=i","cat":284908},{"id":209860,"n":"Déboucheur Gel Destop  Express - 4 doses - 950ml","p":3.34,"u":"3,52 €/L","img":"https://fd5-photos.leclercdrive.fr/image.ashx?id=2832164&use=l&cat=p&typeid=i","cat":284908},{"id":209862,"n":"Thé vert Lipton Mangue abricot - x20 32g","p":2.36,"u":"73,75 €/KG","img":"https://fd5-photos.leclercdrive.fr/image.ashx?id=2544626&use=l&cat=p&typeid=i","cat":293233},{"id":209863,"n":"Gel anti-calcaire Calgon  4 en 1 - 750ml","p":5.15,"u":"6,87 €/L","img":"https://fd5-photos.leclercdrive.fr/image.ashx?id=2963475&use=l&cat=p&typeid=i","cat":284653},{"id":209866,"n":"Infusion Elephant  Pêche Abricot - x20 38g","p":2.85,"u":"75,00 €/KG","img":"https://fd5-photos.leclercdrive.fr/image.ashx?id=2544617&use=l&cat=p&typeid=i","cat":293234},{"id":209867,"n":"AIRWICK Recharge diffuseur Fres hmatic Purefresh Agrumes 250ml","p":3.81,"u":"15,24 €/L","img":"https://fd5-photos.leclercdrive.fr/image.ashx?id=2963478&use=l&cat=p&typeid=i","cat":311629},{"id":209868,"n":"AIRWICK Recharge Freshmatic Vanille et Caramel - 250ml","p":4.14,"u":"16,56 €/L","img":"https://fd5-photos.leclercdrive.fr/image.ashx?id=2896348&use=l&cat=p&typeid=i","cat":311629},{"id":209869,"n":"Infusion Elephant Pomme cannelle - 36g","p":2.08,"u":"57,78 €/KG","img":"https://fd5-photos.leclercdrive.fr/image.ashx?id=2544614&use=l&cat=p&typeid=i","cat":293234},{"id":209870,"n":"Désodorisant diffuseur Airwick  FreshMatic Agrumes - 250ml","p":8.03,"u":"32,12 €/L","img":"https://fd5-photos.leclercdrive.fr/image.ashx?id=2544389&use=l&cat=p&typeid=i","cat":311629},{"id":209872,"n":"Infusion Elephant  Pamplemousse Mandarine x20 38g","p":2.72,"u":"71,58 €/KG","img":"https://fd5-photos.leclercdrive.fr/image.ashx?id=2544620&use=l&cat=p&typeid=i","cat":293234},{"id":209875,"n":"Gel WC 100% Détartrant Harpic 5 min Chrono - 750ml","p":1.57,"u":"2,09 €/L","img":"https://fd5-photos.leclercdrive.fr/image.ashx?id=2864687&use=l&cat=p&typeid=i","cat":284662},{"id":209876,"n":"Infusion mangue passion  x20 - 36g","p":2.86,"u":"79,44 €/KG","img":"https://fd5-photos.leclercdrive.fr/image.ashx?id=2544611&use=l&cat=p&typeid=i","cat":293234},{"id":209877,"n":"Aérosol Fabulon  Pressing express - 400ml","p":4.17,"u":"10,43 €/L","img":"https://fd5-photos.leclercdrive.fr/image.ashx?id=2544410&use=l&cat=p&typeid=i","cat":284652},{"id":209878,"n":"Spray vitres Ajax Triple action - 750ml","p":2.02,"u":"2,69 €/L","img":"https://fd5-photos.leclercdrive.fr/image.ashx?id=2544581&use=l&cat=p&typeid=i","cat":325363},{"id":209879,"n":"Spray nettoyant La Croix Salle de bain - 500ml","p":1.65,"u":"3,30 €/L","img":"https://fd5-photos.leclercdrive.fr/image.ashx?id=2544587&use=l&cat=p&typeid=i","cat":325357},{"id":209889,"n":"Capsules lave-vaisselle Finish  Quantum Citron - x33","p":7.08,"u":"20,64 €/KG","img":"https://fd5-photos.leclercdrive.fr/image.ashx?id=2749551&use=l&cat=p&typeid=i","cat":284656},{"id":209891,"n":"Nettoyant lave-vaisselle Finish  Intégral Anti-Odeurs - 250ml","p":3.57,"u":"14,28 €/L","img":"https://fd5-photos.leclercdrive.fr/image.ashx?id=2659735&use=l&cat=p&typeid=i","cat":284657},{"id":209893,"n":"Détachant poudre Vanish  940g","p":10.69,"u":"11,37 €/KG","img":"https://fd5-photos.leclercdrive.fr/image.ashx?id=2680308&use=l&cat=p&typeid=i","cat":284651},{"id":209894,"n":"Adoucissant concentré Soupline  Lavande 60 lavages 1,35 L","p":5.31,"u":"3,93 €/L","img":"https://fd5-photos.leclercdrive.fr/image.ashx?id=2912716&use=l&cat=p&typeid=i","cat":284650},{"id":209897,"n":"Poivrons grillés Ponti 280g","p":3.02,"u":"10,79 €/KG","img":"https://fd5-photos.leclercdrive.fr/image.ashx?id=2838157&use=l&cat=p&typeid=i","cat":312608},{"id":209902,"n":"Nettoyant lave linge protection complète Dr Beckmann 50cl","p":5.63,"u":"11,26 €/L","img":"https://fd5-photos.leclercdrive.fr/image.ashx?id=2897291&use=l&cat=p&typeid=i","cat":284653},{"id":209915,"n":"Entrecôte de bœuf *** limousine L'Atelier Boucherie - 230g","p":9.99,"u":"43,43 €/KG","img":"https://fd5-photos.leclercdrive.fr/image.ashx?id=2546899&use=l&cat=p&typeid=i","cat":284328},{"id":209926,"n":"Emincés de bœuf *** limousine L'atelier Boucherie - 240G","p":6.49,"u":"27,04 €/KG","img":"https://fd5-photos.leclercdrive.fr/image.ashx?id=2546920&use=l&cat=p&typeid=i","cat":284328},{"id":209927,"n":"IGP Corse vin rosé Casanova - BIB 3L","p":13.9,"u":"4,63 €/L","img":"https://fd5-photos.leclercdrive.fr/image.ashx?id=2544422&use=l&cat=p&typeid=i","cat":289558},{"id":209935,"n":"Rumsteck tournedos*** limousine L'Atelier Boucherie x2 - 280g","p":8.99,"u":"32,11 €/KG","img":"https://fd5-photos.leclercdrive.fr/image.ashx?id=2546914&use=l&cat=p&typeid=i","cat":284328},{"id":209936,"n":"Roti de bœuf*** limousine  L'atelier Boucherie - 600G","p":17.49,"u":"29,15 €/KG","img":"https://fd5-photos.leclercdrive.fr/image.ashx?id=2546917&use=l&cat=p&typeid=i","cat":284328},{"id":209940,"n":"Steak de bœuf ** limousine  L'atelier Boucherie x2 - 260G","p":7.49,"u":"28,81 €/KG","img":"https://fd5-photos.leclercdrive.fr/image.ashx?id=2546908&use=l&cat=p&typeid=i","cat":284328},{"id":209993,"n":"Démaquillant Yeux Nivea Sensibles Doux - 125 ml","p":2.71,"u":"21,68 €/L","img":"https://fd5-photos.leclercdrive.fr/image.ashx?id=2953941&use=l&cat=p&typeid=i","cat":284603},{"id":209996,"n":"Détachant Gel Vanish  750ml","p":5.29,"u":"7,05 €/L","img":"https://fd5-photos.leclercdrive.fr/image.ashx?id=2878108&use=l&cat=p&typeid=i","cat":284651},{"id":210011,"n":"Détachant poudre Vanish  Blanc - 940g","p":10.59,"u":"11,27 €/KG","img":"https://fd5-photos.leclercdrive.fr/image.ashx?id=2680311&use=l&cat=p&typeid=i","cat":284651},{"id":210015,"n":"Nettoyant ménager La Croix Spray - Ultra cuisine - 500ml","p":1.79,"u":"3,58 €/L","img":"https://fd5-photos.leclercdrive.fr/image.ashx?id=2545216&use=l&cat=p&typeid=i","cat":325357},{"id":210017,"n":"Mascara Maybelline Falsies Surreal Noir","p":9.24,"img":"https://fd5-photos.leclercdrive.fr/image.ashx?id=2545099&use=l&cat=p&typeid=i","cat":287029},{"id":210018,"n":"Cheesecake citron Marie Morin - 2x100g","p":3.0,"u":"15,00 €/KG","img":"https://fd5-photos.leclercdrive.fr/image.ashx?id=2629031&use=l&cat=p&typeid=i","cat":284419},{"id":210019,"n":"Lotion Tonique Visage Nivea Peaux sèches&sensibles - 200ml","p":4.21,"u":"21,05 €/L","img":"https://fd5-photos.leclercdrive.fr/image.ashx?id=3014602&use=l&cat=p&typeid=i","cat":284603},{"id":210024,"n":"Lingettes désinfectantes St  Marc Soleil de Corse - x80","p":2.26,"u":"0,03 €/P","img":"https://fd5-photos.leclercdrive.fr/image.ashx?id=2757440&use=l&cat=p&typeid=i","cat":325358},{"id":210047,"n":"Gel douche Sanex Natural Prebiotic - Enfants - 425m","p":4.21,"u":"9,91 €/L","img":"https://fd5-photos.leclercdrive.fr/image.ashx?id=2545219&use=l&cat=p&typeid=i","cat":284594},{"id":210048,"n":"Gel douche Sanex Hypoallergenique - 425ml","p":4.04,"u":"9,51 €/L","img":"https://fd5-photos.leclercdrive.fr/image.ashx?id=2757860&use=l&cat=p&typeid=i","cat":284594},{"id":210050,"n":"Gel douche Sanex Natural Prebiotic Protection + - 425ml","p":4.37,"u":"10,28 €/L","img":"https://fd5-photos.leclercdrive.fr/image.ashx?id=2757872&use=l&cat=p&typeid=i","cat":284594},{"id":210052,"n":"Pop up Smarties 4x52g","p":3.49,"u":"16,78 €/KG","img":"https://fd5-photos.leclercdrive.fr/image.ashx?id=2557734&use=l&cat=p&typeid=i","cat":285250},{"id":210060,"n":"Yaourt vanille Simplement Bio Les 300 Laitiers Bio -  4x110g","p":1.34,"u":"3,05 €/KG","img":"https://fd5-photos.leclercdrive.fr/image.ashx?id=2629142&use=l&cat=p&typeid=i","cat":286006},{"id":210062,"n":"Marrons entiers pelés à Sec Roger Descours - 510g","p":5.58,"u":"10,94 €/KG","img":"https://fd5-photos.leclercdrive.fr/image.ashx?id=2546605&use=l&cat=p&typeid=i","cat":312612},{"id":210064,"n":"Friandises pour chien Fido Poulet - 130g","p":1.89,"u":"14,54 €/KG","img":"https://fd5-photos.leclercdrive.fr/image.ashx?id=2561503&use=l&cat=p&typeid=i","cat":294527},{"id":210065,"n":"Friandises pour chat Felix nuggets canard - 180g","p":3.02,"u":"16,78 €/KG","img":"https://fd5-photos.leclercdrive.fr/image.ashx?id=2561509&use=l&cat=p&typeid=i","cat":285285},{"id":210066,"n":"Friandise pour chat Felix Tasty Saumon truite - 180g","p":3.02,"u":"16,78 €/KG","img":"https://fd5-photos.leclercdrive.fr/image.ashx?id=2561512&use=l&cat=p&typeid=i","cat":285285},{"id":210067,"n":"Riz Lustucru 900g","p":2.71,"u":"3,01 €/KG","img":"https://fd5-photos.leclercdrive.fr/image.ashx?id=2963742&use=l&cat=p&typeid=i","cat":284428},{"id":210069,"n":"Lait Démaquillant apaisant Mixa Peaux sensibles - 200ml","p":4.33,"u":"21,65 €/L","img":"https://fd5-photos.leclercdrive.fr/image.ashx?id=2546632&use=l&cat=p&typeid=i","cat":284603},{"id":210071,"n":"Eyeliner feutre Maybelline Ink Pen ultra-pigmenté","p":8.95,"img":"https://fd5-photos.leclercdrive.fr/image.ashx?id=2546629&use=l&cat=p&typeid=i","cat":287029},{"id":210075,"n":"Lait de Brushing Dessange Thermo-protecteur 230°C - 125ml","p":8.04,"u":"64,32 €/L","img":"https://fd5-photos.leclercdrive.fr/image.ashx?id=2870695&use=l&cat=p&typeid=i","cat":284608},{"id":210078,"n":"Les Effilochés Gourmet Gold En sauce - 12x85g","p":6.73,"u":"6,60 €/KG","img":"https://fd5-photos.leclercdrive.fr/image.ashx?id=2861809&use=l&cat=p&typeid=i","cat":285286},{"id":210129,"n":"Gel douche Sanex Dermo Nourrissant - 400ml","p":2.98,"u":"7,45 €/L","img":"https://fd5-photos.leclercdrive.fr/image.ashx?id=2757881&use=l&cat=p&typeid=i","cat":284594},{"id":210140,"n":"Soin Hydratant bio So Bio Etic Grenade - 30ml","p":14.71,"u":"490,33 €/L","img":"https://fd5-photos.leclercdrive.fr/image.ashx?id=2990718&use=l&cat=p&typeid=i","cat":325345},{"id":210142,"n":"Soin nuit repulpant So'Bio Etic Bio - 50ml","p":12.38,"u":"247,60 €/L","img":"https://fd5-photos.leclercdrive.fr/image.ashx?id=2997013&use=l&cat=p&typeid=i","cat":325345},{"id":210147,"n":"Baume hydratant bio So'Bio Etic Apaisant - Eau thermale 50ML","p":7.85,"u":"157,00 €/L","img":"https://fd5-photos.leclercdrive.fr/image.ashx?id=2889634&use=l&cat=p&typeid=i","cat":325345},{"id":210149,"n":"Gel douche bio So'Bio Etic Pêche & Fleurs blanches - 450ml","p":5.23,"u":"11,62 €/L","img":"https://fd5-photos.leclercdrive.fr/image.ashx?id=2793632&use=l&cat=p&typeid=i","cat":284594},{"id":210152,"n":"Brosse à dents Electrique Oral-B - Rose - IO 3S","p":78.44,"img":"https://fd5-photos.leclercdrive.fr/image.ashx?id=2566542&use=l&cat=p&typeid=i","cat":297133},{"id":210206,"n":"Brossettes Oral-B 3D White x4","p":17.92,"u":"4,48 €/P","img":"https://fd5-photos.leclercdrive.fr/image.ashx?id=2617483&use=l&cat=p&typeid=i","cat":297133},{"id":210208,"n":"Brossettes Oral-B Pro Sensitive Clean - x4","p":23.59,"u":"5,90 €/P","img":"https://fd5-photos.leclercdrive.fr/image.ashx?id=2737552&use=l&cat=p&typeid=i","cat":297133},{"id":210214,"n":"Farine multi-usages Chaque jour sans gluten - 1kg","p":4.93,"u":"4,93 €/KG","img":"https://fd5-photos.leclercdrive.fr/image.ashx?id=2872460&use=l&cat=p&typeid=i","cat":284503},{"id":210221,"n":"Pain aux céréales  Chaque jour sans gluten - 300g","p":2.96,"u":"9,87 €/KG","img":"https://fd5-photos.leclercdrive.fr/image.ashx?id=2545708&use=l&cat=p&typeid=i","cat":284477},{"id":210232,"n":"Mon kit d'épilation Wilkinson Corps - x1","p":9.24,"img":"https://fd5-photos.leclercdrive.fr/image.ashx?id=2561317&use=l&cat=p&typeid=i","cat":325351},{"id":210236,"n":"Bière blanche Leffe  5,7% - 6x25cl","p":5.7,"u":"3,80 €/L","img":"https://fd5-photos.leclercdrive.fr/image.ashx?id=2546764&use=l&cat=p&typeid=i","cat":334878},{"id":210237,"n":"Sirop concentré La Maison Guiot Citron et Citron vert - 50cl","p":2.76,"u":"5,52 €/L","img":"https://fd5-photos.leclercdrive.fr/image.ashx?id=2857174&use=l&cat=p&typeid=i","cat":295020},{"id":210254,"n":"Brossettes Oral-B Pro Cross Action - x4","p":17.25,"img":"https://fd5-photos.leclercdrive.fr/image.ashx?id=2743643&use=l&cat=p&typeid=i","cat":297133},{"id":210257,"n":"Shampooing Head & Shoulders 2x225ml","p":8.96,"u":"19,91 €/L","img":"https://fd5-photos.leclercdrive.fr/image.ashx?id=2549187&use=l&cat=p&typeid=i","cat":284606},{"id":210264,"n":"Fromage blanc Calin Yoplait Nature 0%MG - 8x100g","p":1.78,"u":"2,23 €/KG","img":"https://fd5-photos.leclercdrive.fr/image.ashx?id=2973742&use=l&cat=p&typeid=i","cat":284409},{"id":210267,"n":"Ampoules LED Standard Philips B22 60W Blanc chaud claire x3","p":18.06,"img":"https://fd5-photos.leclercdrive.fr/image.ashx?id=2546229&use=l&cat=p&typeid=i","cat":300573},{"id":210316,"n":"Cuisses de poulet jaune  Douce France - 1,5kg","p":7.96,"u":"5,31 €/KG","img":"https://fd5-photos.leclercdrive.fr/image.ashx?id=2546560&use=l&cat=p&typeid=i","cat":284336},{"id":210360,"n":"Brulactiv fort Forté Pharma Perte de poids - Femme 50+ x60","p":34.91,"u":"0,58 €/P","img":"https://fd5-photos.leclercdrive.fr/image.ashx?id=2546207&use=l&cat=p&typeid=i","cat":301267},{"id":210520,"n":"Smarties Fun Cônes x6 -  234g","p":3.14,"u":"13,42 €/KG","img":"https://fd5-photos.leclercdrive.fr/image.ashx?id=2557737&use=l&cat=p&typeid=i","cat":285250},{"id":210566,"n":"Ballotin Célébrations 272g","p":4.98,"img":"https://fd5-photos.leclercdrive.fr/image.ashx?id=2979234&use=l&cat=p&typeid=i","cat":284499},{"id":210611,"n":"Pomelos à jus  Panier du Primeur Sachet 1.5kg","p":3.49,"u":"2,33 €/KG","img":"https://fd5-photos.leclercdrive.fr/image.ashx?id=2994713&use=l&cat=p&typeid=i","cat":284356},{"id":210703,"n":"Terrine Tous mes amis Volaille carottes - 1.2kg","p":1.95,"u":"1,63 €/KG","img":"https://fd5-photos.leclercdrive.fr/image.ashx?id=2815758&use=l&cat=p&typeid=i","cat":288578},{"id":210705,"n":"Dragées chocolatées M&M's Cacahuètes - 250g","p":3.46,"u":"13,84 €/KG","img":"https://fd5-photos.leclercdrive.fr/image.ashx?id=3003393&use=l&cat=p&typeid=i","cat":304238},{"id":210708,"n":"Coulis Sainte Lucie Fruits rouges  - 110g","p":2.57,"u":"23,36 €/KG","img":"https://fd5-photos.leclercdrive.fr/image.ashx?id=2551093&use=l&cat=p&typeid=i","cat":284504},{"id":210717,"n":"Boulettes de boeuf Eco+ 1.2kg","p":1.53,"img":"https://fd5-photos.leclercdrive.fr/image.ashx?id=2815740&use=l&cat=p&typeid=i","cat":288578},{"id":210727,"n":"Poivre noir Ducros Bresil - 32g","p":2.9,"u":"90,63 €/KG","img":"https://fd5-photos.leclercdrive.fr/image.ashx?id=2552580&use=l&cat=p&typeid=i","cat":284457},{"id":210738,"n":"Gélules cheveux Forcapil Fortfiant + Kératine - x180","p":22.49,"u":"0,12 €/P","img":"https://fd5-photos.leclercdrive.fr/image.ashx?id=2939928&use=l&cat=p&typeid=i","cat":301266},{"id":210803,"n":"Adoucissant Hyperdou Douceur de pêche - 1.9L - x27","p":2.42,"u":"1,27 €/L","img":"https://fd5-photos.leclercdrive.fr/image.ashx?id=2603015&use=l&cat=p&typeid=i","cat":284650},{"id":210804,"n":"Adoucissant Hyperdou Rêve de fraîcheur - 1.9L - x27","p":2.15,"u":"1,13 €/L","img":"https://fd5-photos.leclercdrive.fr/image.ashx?id=2958762&use=l&cat=p&typeid=i","cat":284650},{"id":210806,"n":"Adoucissant Hyperdou Senstive - 1.9L - x27","p":2.38,"u":"1,25 €/L","img":"https://fd5-photos.leclercdrive.fr/image.ashx?id=2974843&use=l&cat=p&typeid=i","cat":284650},{"id":210821,"n":"Pommes rissolées Findus 590g","p":2.23,"u":"3,78 €/KG","img":"https://fd5-photos.leclercdrive.fr/image.ashx?id=2790099&use=l&cat=p&typeid=i","cat":319792},{"id":210823,"n":"Pommes noisette Findus 500g","p":2.05,"u":"4,10 €/KG","img":"https://fd5-photos.leclercdrive.fr/image.ashx?id=2865866&use=l&cat=p&typeid=i","cat":319792},{"id":210824,"n":"Pommes noisette Findus 900g","p":3.45,"u":"3,83 €/KG","img":"https://fd5-photos.leclercdrive.fr/image.ashx?id=2899500&use=l&cat=p&typeid=i","cat":319792},{"id":210827,"n":"Adoucissant Hyperdou Plaisir de vanille - 1.9L - x27","p":1.99,"u":"1,05 €/L","img":"https://fd5-photos.leclercdrive.fr/image.ashx?id=2603018&use=l&cat=p&typeid=i","cat":284650},{"id":210862,"n":"AOP Côtes de Provence Rosé Cicada l'Eveil - 75cl","p":13.66,"u":"18,21 €/L","img":"https://fd5-photos.leclercdrive.fr/image.ashx?id=3004876&use=l&cat=p&typeid=i","cat":289558},{"id":210889,"n":"Yaourt à boire Eco+ Fraise - 850g","p":1.33,"u":"1,56 €/KG","img":"https://fd5-photos.leclercdrive.fr/image.ashx?id=2552033&use=l&cat=p&typeid=i","cat":284415},{"id":210948,"n":"Margarine Planta Fin Doux 100% végétal - 450g","p":2.33,"u":"5,18 €/KG","img":"https://fd5-photos.leclercdrive.fr/image.ashx?id=2989477&use=l&cat=p&typeid=i","cat":315229},{"id":210951,"n":"Mousse au chocolat Eco+ 4x60g","p":0.84,"u":"3,50 €/KG","img":"https://fd5-photos.leclercdrive.fr/image.ashx?id=2552493&use=l&cat=p&typeid=i","cat":284417},{"id":210953,"n":"Île flottante Eco+ 4x95g","p":1.62,"u":"4,26 €/KG","img":"https://fd5-photos.leclercdrive.fr/image.ashx?id=2885753&use=l&cat=p&typeid=i","cat":284419},{"id":210956,"n":"Yaourt gourmand Délisse Coco - 2x150g","p":1.09,"u":"3,63 €/KG","img":"https://fd5-photos.leclercdrive.fr/image.ashx?id=2556532&use=l&cat=p&typeid=i","cat":314999},{"id":210960,"n":"Bouchées Tous les Amis 1.2kg","p":2.15,"u":"1,79 €/KG","img":"https://fd5-photos.leclercdrive.fr/image.ashx?id=2815767&use=l&cat=p&typeid=i","cat":288578},{"id":210961,"n":"Le Fondant Mamie Nova Pistache - 2x150g","p":1.39,"u":"4,63 €/KG","img":"https://fd5-photos.leclercdrive.fr/image.ashx?id=2886957&use=l&cat=p&typeid=i","cat":285041},{"id":210962,"n":"Emincés en sauce Tous les Amis Assortiment - 6x400g","p":5.28,"u":"2,20 €/KG","img":"https://fd5-photos.leclercdrive.fr/image.ashx?id=2815761&use=l&cat=p&typeid=i","cat":285601},{"id":210963,"n":"Boulettes de bœuf Eco+ 400g","p":0.66,"u":"1,65 €/KG","img":"https://fd5-photos.leclercdrive.fr/image.ashx?id=2815731&use=l&cat=p&typeid=i","cat":285601},{"id":210965,"n":"Le Fondant Mamie Nova Caramel beurre salé - 2x150g","p":1.39,"u":"4,63 €/KG","img":"https://fd5-photos.leclercdrive.fr/image.ashx?id=2909038&use=l&cat=p&typeid=i","cat":285041},{"id":210968,"n":"Tajine de boeuf Fleury Michon 350g","p":3.5,"u":"10,00 €/KG","img":"https://fd5-photos.leclercdrive.fr/image.ashx?id=2656730&use=l&cat=p&typeid=i","cat":333665},{"id":210976,"n":"Émincés de boeuf Marie Sauce au poivre - 300g","p":4.55,"u":"15,17 €/KG","img":"https://fd5-photos.leclercdrive.fr/image.ashx?id=2554178&use=l&cat=p&typeid=i","cat":333665},{"id":211032,"n":"Saumon Fleury Michon Oseille et riz basmati - 290g","p":3.86,"u":"13,31 €/KG","img":"https://fd5-photos.leclercdrive.fr/image.ashx?id=2656721&use=l&cat=p&typeid=i","cat":333665},{"id":211041,"n":"Fromage à tartiner Kiri Délicieusement fouetté - 210g","p":3.02,"u":"14,38 €/KG","img":"https://fd5-photos.leclercdrive.fr/image.ashx?id=2686594&use=l&cat=p&typeid=i","cat":314029},{"id":211044,"n":"Gel Toilette Intime Extra Doux Intima Natural Hamamélis 500ml","p":6.4,"u":"12,80 €/L","img":"https://fd5-photos.leclercdrive.fr/image.ashx?id=2959877&use=l&cat=p&typeid=i","cat":284627},{"id":211054,"n":"Croûtons Tipiak Nature - 75g","p":1.49,"u":"19,87 €/KG","img":"https://fd5-photos.leclercdrive.fr/image.ashx?id=2812726&use=l&cat=p&typeid=i","cat":284464},{"id":211079,"n":"Terrine Tous Mes Amis 3x1.2kg","p":5.85,"u":"1,63 €/KG","img":"https://fd5-photos.leclercdrive.fr/image.ashx?id=2815770&use=l&cat=p&typeid=i","cat":288578},{"id":211080,"n":"Pectine sucrée Sainte Lucie 35g","p":2.82,"u":"80,57 €/KG","img":"https://fd5-photos.leclercdrive.fr/image.ashx?id=2554094&use=l&cat=p&typeid=i","cat":284504},{"id":211081,"n":"Pâte Sainte Lucie Pistache  - 220g","p":7.43,"u":"33,77 €/KG","img":"https://fd5-photos.leclercdrive.fr/image.ashx?id=2554097&use=l&cat=p&typeid=i","cat":284504},{"id":211083,"n":"Persillade Sainte Lucie 24g","p":3.21,"u":"133,75 €/KG","img":"https://fd5-photos.leclercdrive.fr/image.ashx?id=2974345&use=l&cat=p&typeid=i","cat":298297},{"id":211084,"n":"Apéritif Apérol 12.5° - 1.5L","p":23.98,"u":"15,99 €/L","img":"https://fd5-photos.leclercdrive.fr/image.ashx?id=2554463&use=l&cat=p&typeid=i","cat":286032},{"id":211085,"n":"Thé glacé Lipton Ice Tea pêche Le lot de 4x1.25L","p":5.65,"u":"1,13 €/L","img":"https://fd5-photos.leclercdrive.fr/image.ashx?id=2554133&use=l&cat=p&typeid=i","cat":295019},{"id":211089,"n":"Pâte à sucre rose Vahiné  250g","p":2.97,"u":"11,88 €/KG","img":"https://fd5-photos.leclercdrive.fr/image.ashx?id=2554154&use=l&cat=p&typeid=i","cat":284504},{"id":211090,"n":"Liqueur de menthe Get 27 17,9° - 1L","p":17.88,"u":"17,88 €/L","img":"https://fd5-photos.leclercdrive.fr/image.ashx?id=2858276&use=l&cat=p&typeid=i","cat":286032},{"id":211095,"n":"Dessert végétal Alpro Fraise - 500g","p":2.12,"u":"4,24 €/KG","img":"https://fd5-photos.leclercdrive.fr/image.ashx?id=2976071&use=l&cat=p&typeid=i","cat":316071},{"id":211096,"n":"Ciboulette Ducros 11g","p":2.56,"u":"232,73 €/KG","img":"https://fd5-photos.leclercdrive.fr/image.ashx?id=2554115&use=l&cat=p&typeid=i","cat":298297},{"id":211098,"n":"Emincée Tous Mes Amis Poissons - 4x400g","p":4.02,"u":"2,51 €/KG","img":"https://fd5-photos.leclercdrive.fr/image.ashx?id=2815764&use=l&cat=p&typeid=i","cat":285601},{"id":211099,"n":"Nectar Bio Ethiquable Mangue du Pérou - 1L","p":3.09,"u":"3,09 €/L","img":"https://fd5-photos.leclercdrive.fr/image.ashx?id=2873414&use=l&cat=p&typeid=i","cat":284916},{"id":211100,"n":"Nectar de litchi de Madagascar Bio - 1L","p":3.07,"u":"3,07 €/L","img":"https://fd5-photos.leclercdrive.fr/image.ashx?id=2873417&use=l&cat=p&typeid=i","cat":284915},{"id":211102,"n":"Pur Jus Ethiquable Multifruits Bio 1L","p":4.14,"u":"4,14 €/L","img":"https://fd5-photos.leclercdrive.fr/image.ashx?id=2873411&use=l&cat=p&typeid=i","cat":284917},{"id":211103,"n":"Ail des ours Sainte Lucie 9g","p":2.19,"u":"243,33 €/KG","img":"https://fd5-photos.leclercdrive.fr/image.ashx?id=2554091&use=l&cat=p&typeid=i","cat":298297},{"id":211104,"n":"Pur Jus Ethiquable Orange du Brésil Bio 1L","p":4.25,"u":"4,25 €/L","img":"https://fd5-photos.leclercdrive.fr/image.ashx?id=2873402&use=l&cat=p&typeid=i","cat":284521},{"id":211110,"n":"Pur Jus Ethiquable Ananas de Madagascar Bio 1L","p":4.03,"u":"4,03 €/L","img":"https://fd5-photos.leclercdrive.fr/image.ashx?id=2873405&use=l&cat=p&typeid=i","cat":284916},{"id":211113,"n":"Poivre 5 baies Sainte Lucie 80g","p":3.72,"u":"46,50 €/KG","img":"https://fd5-photos.leclercdrive.fr/image.ashx?id=2554106&use=l&cat=p&typeid=i","cat":298297},{"id":211115,"n":"Pur Jus Ethiquable Mangue Passion Pomme Bio 1L","p":4.29,"u":"4,29 €/L","img":"https://fd5-photos.leclercdrive.fr/image.ashx?id=2873408&use=l&cat=p&typeid=i","cat":284916},{"id":211117,"n":"Paprika fumé Ducros 40g","p":2.19,"u":"54,75 €/KG","img":"https://fd5-photos.leclercdrive.fr/image.ashx?id=2559484&use=l&cat=p&typeid=i","cat":298297},{"id":211122,"n":"Curry Ducros 100g","p":3.09,"u":"30,90 €/KG","img":"https://fd5-photos.leclercdrive.fr/image.ashx?id=2554118&use=l&cat=p&typeid=i","cat":298297},{"id":211123,"n":"Paprika doux Ducros 100g","p":2.94,"u":"29,40 €/KG","img":"https://fd5-photos.leclercdrive.fr/image.ashx?id=2554121&use=l&cat=p&typeid=i","cat":298297},{"id":211125,"n":"Curry Ducros 47g","p":1.72,"u":"36,60 €/KG","img":"https://fd5-photos.leclercdrive.fr/image.ashx?id=2559496&use=l&cat=p&typeid=i","cat":298297},{"id":211163,"n":"Ravioli Maison Rivière 400g","p":2.44,"u":"6,10 €/KG","img":"https://fd5-photos.leclercdrive.fr/image.ashx?id=2555523&use=l&cat=p&typeid=i","cat":284442},{"id":211225,"n":"Poivre blanc Ducros Grains 100g","p":4.14,"u":"41,40 €/KG","img":"https://fd5-photos.leclercdrive.fr/image.ashx?id=2555334&use=l&cat=p&typeid=i","cat":284457},{"id":211228,"n":"Pralines concassées Vahiné 100g","p":2.35,"u":"23,50 €/KG","img":"https://fd5-photos.leclercdrive.fr/image.ashx?id=2569434&use=l&cat=p&typeid=i","cat":284504},{"id":211244,"n":"Boisson base vodka Eristoff Pink 18° - 70cl","p":13.39,"u":"19,13 €/L","img":"https://fd5-photos.leclercdrive.fr/image.ashx?id=2842933&use=l&cat=p&typeid=i","cat":284550},{"id":211360,"n":"Lait hydratant Uriage bébé 1er lait hydratant - 500ml","p":12.79,"u":"25,58 €/L","img":"https://fd5-photos.leclercdrive.fr/image.ashx?id=2554919&use=l&cat=p&typeid=i","cat":290425},{"id":211366,"n":"Eau parfumée Roger & Gallet Cédrat - 100ml","p":32.99,"u":"329,90 €/L","img":"https://fd5-photos.leclercdrive.fr/image.ashx?id=2605737&use=l&cat=p&typeid=i","cat":291525},{"id":211385,"n":"Gummies Luxéol Chute de cheveux - x60","p":19.89,"u":"0,33 €/P","img":"https://fd5-photos.leclercdrive.fr/image.ashx?id=2650723&use=l&cat=p&typeid=i","cat":301266},{"id":211391,"n":"Complément alimentaire Oenobiol Autonbronzant - 2x30","p":24.99,"u":"0,42 €/P","img":"https://fd5-photos.leclercdrive.fr/image.ashx?id=2561164&use=l&cat=p&typeid=i","cat":290395},{"id":211398,"n":"Amandes  Tokapi 200g","p":2.78,"u":"13,90 €/KG","img":"https://fd5-photos.leclercdrive.fr/image.ashx?id=2793326&use=l&cat=p&typeid=i","cat":284448},{"id":211402,"n":"Melange non salé Tokapi 150g","p":2.3,"u":"15,33 €/KG","img":"https://fd5-photos.leclercdrive.fr/image.ashx?id=2793323&use=l&cat=p&typeid=i","cat":284448},{"id":211407,"n":"Mélange Tokapi Cajou  cranberries - 150g","p":2.17,"u":"14,47 €/KG","img":"https://fd5-photos.leclercdrive.fr/image.ashx?id=2922524&use=l&cat=p&typeid=i","cat":284448},{"id":211410,"n":"Curry fort Sainte Lucie 55g","p":1.71,"u":"31,09 €/KG","img":"https://fd5-photos.leclercdrive.fr/image.ashx?id=2556102&use=l&cat=p&typeid=i","cat":298297},{"id":211411,"n":"Noix de muscade Sainte Lucie 18g","p":2.55,"u":"141,67 €/KG","img":"https://fd5-photos.leclercdrive.fr/image.ashx?id=2975176&use=l&cat=p&typeid=i","cat":298297},{"id":211413,"n":"Céréales Kit Kat 330g","p":3.56,"u":"10,79 €/KG","img":"https://fd5-photos.leclercdrive.fr/image.ashx?id=2989453&use=l&cat=p&typeid=i","cat":309513},{"id":211414,"n":"Céréales Miel Pops Kellogg's 330g","p":1.95,"u":"5,91 €/KG","img":"https://fd5-photos.leclercdrive.fr/image.ashx?id=3003423&use=l&cat=p&typeid=i","cat":309513},{"id":211415,"n":"Poules aux vermicelles Maggi 3x59g","p":1.49,"u":"8,42 €/KG","img":"https://fd5-photos.leclercdrive.fr/image.ashx?id=2556345&use=l&cat=p&typeid=i","cat":284463},{"id":211426,"n":"Pain burger Eco+ Nature x6 - 330g","p":0.88,"u":"2,67 €/KG","img":"https://fd5-photos.leclercdrive.fr/image.ashx?id=2854195&use=l&cat=p&typeid=i","cat":325067},{"id":211427,"n":"Pain burger Epi d'Or Nature x6 - 330g","p":0.93,"u":"2,82 €/KG","img":"https://fd5-photos.leclercdrive.fr/image.ashx?id=2807303&use=l&cat=p&typeid=i","cat":325067},{"id":211428,"n":"Céréales Special K Kellogg's Nature - 500g","p":3.49,"u":"6,98 €/KG","img":"https://fd5-photos.leclercdrive.fr/image.ashx?id=2583996&use=l&cat=p&typeid=i","cat":309512},{"id":211430,"n":"Persil Sainte Lucie Feuilles coupées - 60g","p":3.04,"u":"50,67 €/KG","img":"https://fd5-photos.leclercdrive.fr/image.ashx?id=2557326&use=l&cat=p&typeid=i","cat":298297},{"id":211431,"n":"Oignon Ducros 9g","p":2.17,"u":"241,11 €/KG","img":"https://fd5-photos.leclercdrive.fr/image.ashx?id=2557332&use=l&cat=p&typeid=i","cat":298297},{"id":211432,"n":"Court bouillon Maggi Legumes et vin blanc 150g","p":1.4,"u":"9,33 €/KG","img":"https://fd5-photos.leclercdrive.fr/image.ashx?id=2557740&use=l&cat=p&typeid=i","cat":288379},{"id":211436,"n":"Weetabix crispy  Minis choco - 500g","p":3.55,"u":"7,10 €/KG","img":"https://fd5-photos.leclercdrive.fr/image.ashx?id=2971311&use=l&cat=p&typeid=i","cat":309512},{"id":211437,"n":"Céréales Kellogg's Rice Krispies - 360g","p":3.01,"u":"8,36 €/KG","img":"https://fd5-photos.leclercdrive.fr/image.ashx?id=3003420&use=l&cat=p&typeid=i","cat":309513},{"id":211467,"n":"Crème contour yeux La Roche-Posay - 20ml","p":15.06,"u":"753,00 €/L","img":"https://fd5-photos.leclercdrive.fr/image.ashx?id=2813441&use=l&cat=p&typeid=i","cat":291172},{"id":211468,"n":"Fluide hydratant La Roche-Posay Toleriane - 40ml","p":16.78,"u":"419,50 €/L","img":"https://fd5-photos.leclercdrive.fr/image.ashx?id=2813447&use=l&cat=p&typeid=i","cat":291171},{"id":211470,"n":"Dentifrice Signal Professionnel Action Sensibilité Complet 75ml","p":3.54,"u":"47,20 €/L","img":"https://fd5-photos.leclercdrive.fr/image.ashx?id=2961326&use=l&cat=p&typeid=i","cat":284612},{"id":211474,"n":"Chipolatas  480g","p":7.66,"u":"15,96 €/KG","img":"https://fd5-photos.leclercdrive.fr/image.ashx?id=632145&use=l&cat=p&typeid=i","cat":284334},{"id":211475,"n":"Merguez 480g","p":8.25,"u":"17,19 €/KG","img":"https://fd5-photos.leclercdrive.fr/image.ashx?id=2369759&use=l&cat=p&typeid=i","cat":284334},{"id":211481,"n":"Biscottes Pasquier Sans sel et sucre ajoutés - 300","p":1.76,"u":"5,87 €/KG","img":"https://fd5-photos.leclercdrive.fr/image.ashx?id=2899407&use=l&cat=p&typeid=i","cat":284479},{"id":211490,"n":"Artichauts Ponti 280g","p":2.86,"u":"10,21 €/KG","img":"https://fd5-photos.leclercdrive.fr/image.ashx?id=2556741&use=l&cat=p&typeid=i","cat":312611},{"id":211492,"n":"Dessert végétal Alpro Pêche - 500g","p":2.13,"u":"4,26 €/KG","img":"https://fd5-photos.leclercdrive.fr/image.ashx?id=2556395&use=l&cat=p&typeid=i","cat":316071},{"id":211514,"n":"Déodorant bille Rexona Men Cobalt 72h - 50ml","p":2.67,"u":"53,40 €/L","img":"https://fd5-photos.leclercdrive.fr/image.ashx?id=2849662&use=l&cat=p&typeid=i","cat":284618},{"id":211520,"n":"Dentifrice Signal Professionnel Sensibilité Gencives 75ml","p":3.67,"u":"48,93 €/L","img":"https://fd5-photos.leclercdrive.fr/image.ashx?id=2961329&use=l&cat=p&typeid=i","cat":284612},{"id":211522,"n":"Dentifrice Signal Professionnel Sensibilité Blancheur 75ml","p":3.54,"u":"47,20 €/L","img":"https://fd5-photos.leclercdrive.fr/image.ashx?id=2961332&use=l&cat=p&typeid=i","cat":284612},{"id":211525,"n":"Lessive tablettes Persil Bouquet de Provence - x32","p":5.46,"u":"5,69 €/KG","img":"https://fd5-photos.leclercdrive.fr/image.ashx?id=2557809&use=l&cat=p&typeid=i","cat":284641},{"id":211537,"n":"Céréales Miel Pops Loops Kellogg's 330g","p":2.65,"u":"8,03 €/KG","img":"https://fd5-photos.leclercdrive.fr/image.ashx?id=2561353&use=l&cat=p&typeid=i","cat":309513},{"id":211550,"n":"Sel Regénérant Sun Lave Vaisselle Standard 1Kg","p":1.2,"u":"1,20 €/KG","img":"https://fd5-photos.leclercdrive.fr/image.ashx?id=2729434&use=l&cat=p&typeid=i","cat":284657},{"id":211551,"n":"Déodorant bille homme Axe Aqua bergamot - 50ml","p":4.79,"u":"95,80 €/L","img":"https://fd5-photos.leclercdrive.fr/image.ashx?id=2850829&use=l&cat=p&typeid=i","cat":284618},{"id":211555,"n":"Sun Capsules Lave-Vaisselle Tout en 1 Absolu Brillance x28","p":7.9,"u":"18,81 €/KG","img":"https://fd5-photos.leclercdrive.fr/image.ashx?id=2961350&use=l&cat=p&typeid=i","cat":284656},{"id":211556,"n":"Sun Capsules Lave-Vaisselle Tout en1 Absolu Dégraissant x28","p":7.9,"u":"18,81 €/KG","img":"https://fd5-photos.leclercdrive.fr/image.ashx?id=2961353&use=l&cat=p&typeid=i","cat":284656},{"id":211561,"n":"Déodorant Spray Dove Anti- Transpirant Invisible Dry 100ml","p":2.78,"u":"27,80 €/L","img":"https://fd5-photos.leclercdrive.fr/image.ashx?id=2905711&use=l&cat=p&typeid=i","cat":284595},{"id":211562,"n":"Déodorant Spray Compressé Dove Anti-Transpirant Original 100ml","p":2.78,"u":"27,80 €/L","img":"https://fd5-photos.leclercdrive.fr/image.ashx?id=2793098&use=l&cat=p&typeid=i","cat":284595},{"id":211563,"n":"Déodorant Spray Dove Anti- Transpirant Invisible Dry 200ml","p":3.17,"u":"15,85 €/L","img":"https://fd5-photos.leclercdrive.fr/image.ashx?id=2877244&use=l&cat=p&typeid=i","cat":284595},{"id":211564,"n":"Adoucissant concentré Soupline Coco fleurs blanches - 1.28L","p":5.58,"u":"4,36 €/L","img":"https://fd5-photos.leclercdrive.fr/image.ashx?id=2832566&use=l&cat=p&typeid=i","cat":284650},{"id":211573,"n":"Déodorant Spray Dove Anti- Transpirant Original 200ml","p":3.17,"u":"15,85 €/L","img":"https://fd5-photos.leclercdrive.fr/image.ashx?id=2878486&use=l&cat=p&typeid=i","cat":284595},{"id":211577,"n":"Déodorant bille Rexona Cotton dry 72h - 50ml","p":3.42,"u":"68,40 €/L","img":"https://fd5-photos.leclercdrive.fr/image.ashx?id=2849671&use=l&cat=p&typeid=i","cat":284595},{"id":211578,"n":"Déodorant bille Rexona Invisible aqua 72h - 50ml","p":2.88,"u":"57,60 €/L","img":"https://fd5-photos.leclercdrive.fr/image.ashx?id=2849674&use=l&cat=p&typeid=i","cat":284595},{"id":211580,"n":"Déodorant bille Dove Original 0% - 50ml","p":4.04,"u":"80,80 €/L","img":"https://fd5-photos.leclercdrive.fr/image.ashx?id=2960132&use=l&cat=p&typeid=i","cat":284595},{"id":211584,"n":"Déodorant spray homme Axe Aqua bergamot - 150ml","p":4.33,"u":"28,87 €/L","img":"https://fd5-photos.leclercdrive.fr/image.ashx?id=3004453&use=l&cat=p&typeid=i","cat":284618},{"id":211598,"n":"Yaourt protéiné Hipro Stracciatella 0%mg - 2x160g","p":2.12,"u":"6,63 €/KG","img":"https://fd5-photos.leclercdrive.fr/image.ashx?id=2807438&use=l&cat=p&typeid=i","cat":315000},{"id":211629,"n":"Fromage à tartiner Labné  Président - 250g","p":2.86,"u":"11,44 €/KG","img":"https://fd5-photos.leclercdrive.fr/image.ashx?id=2889397&use=l&cat=p&typeid=i","cat":314029},{"id":211630,"n":"Palets croustillants Société Fromage de brebis - 150g","p":2.79,"u":"18,60 €/KG","img":"https://fd5-photos.leclercdrive.fr/image.ashx?id=2785160&use=l&cat=p&typeid=i","cat":314027},{"id":211631,"n":"Desserts Lactés P'TIT BRASSE   Abricot vanille -6m+ - 4x90g","p":1.91,"u":"5,31 €/KG","img":"https://fd5-photos.leclercdrive.fr/image.ashx?id=2600072&use=l&cat=p&typeid=i","cat":312392},{"id":211632,"n":"Desserts Lactés P'TIT ONCTUEUX Nature 6M+ - 8x90g","p":3.58,"u":"4,97 €/KG","img":"https://fd5-photos.leclercdrive.fr/image.ashx?id=2559161&use=l&cat=p&typeid=i","cat":312392},{"id":211634,"n":"Ravioli Lustucru  Chèvre épinard - 250g","p":2.27,"u":"9,08 €/KG","img":"https://fd5-photos.leclercdrive.fr/image.ashx?id=2974357&use=l&cat=p&typeid=i","cat":333682},{"id":211663,"n":"Mélange fruits de mer Costa 700g","p":16.86,"u":"24,09 €/KG","img":"https://fd5-photos.leclercdrive.fr/image.ashx?id=2559628&use=l&cat=p&typeid=i","cat":319787},{"id":211723,"n":"Gel douche Adidas Active Skin & Mind- Deep Care - 250ml","p":3.12,"u":"12,48 €/L","img":"https://fd5-photos.leclercdrive.fr/image.ashx?id=2990778&use=l&cat=p&typeid=i","cat":284594},{"id":211726,"n":"AOC Comté 13mois 32%MG - 300g","p":7.65,"u":"25,50 €/KG","img":"https://fd5-photos.leclercdrive.fr/image.ashx?id=1239521&use=l&cat=p&typeid=i","cat":314034},{"id":211727,"n":"Gouda frico Cumin  31%MG - 300g","p":4.4,"u":"14,67 €/KG","img":"https://fd5-photos.leclercdrive.fr/image.ashx?id=2559664&use=l&cat=p&typeid=i","cat":314034},{"id":211729,"n":"AOP St-Nectaire 300g","p":4.25,"u":"14,17 €/KG","img":"https://fd5-photos.leclercdrive.fr/image.ashx?id=2559667&use=l&cat=p&typeid=i","cat":329184},{"id":211730,"n":"Bûche de Chèvre  23%MG - 180g","p":3.75,"u":"20,83 €/KG","img":"https://fd5-photos.leclercdrive.fr/image.ashx?id=2559670&use=l&cat=p&typeid=i","cat":314031},{"id":211732,"n":"Tomme de Montagne 27%MG - 300g","p":5.95,"u":"19,83 €/KG","img":"https://fd5-photos.leclercdrive.fr/image.ashx?id=2559676&use=l&cat=p&typeid=i","cat":329184},{"id":211733,"n":"Tomme de brebis Sarde 31%MG - 190g","p":6.2,"u":"32,63 €/KG","img":"https://fd5-photos.leclercdrive.fr/image.ashx?id=2559679&use=l&cat=p&typeid=i","cat":314031},{"id":211736,"n":"Pecorino Pepato 30%MG - 200g","p":8.95,"u":"44,75 €/KG","img":"https://fd5-photos.leclercdrive.fr/image.ashx?id=2559685&use=l&cat=p&typeid=i","cat":314031},{"id":211742,"n":"Sauté de veau aux olives penne Fait maison - 450g","p":6.9,"u":"15,33 €/KG","img":"https://fd5-photos.leclercdrive.fr/image.ashx?id=2559692&use=l&cat=p&typeid=i","cat":333665},{"id":211765,"n":"Saucisson Fuet Iberico César Moroni - 150g","p":2.83,"u":"18,87 €/KG","img":"https://fd5-photos.leclercdrive.fr/image.ashx?id=2560125&use=l&cat=p&typeid=i","cat":316006},{"id":211768,"n":"Tapas lomo César Moroni 18 tranches - 80g","p":2.55,"u":"31,88 €/KG","img":"https://fd5-photos.leclercdrive.fr/image.ashx?id=2560131&use=l&cat=p&typeid=i","cat":316007},{"id":211794,"n":"Chapelure Fait maison - 250g","p":1.75,"u":"7,00 €/KG","img":"https://fd5-photos.leclercdrive.fr/image.ashx?id=2561970&use=l&cat=p&typeid=i","cat":284359},{"id":211795,"n":"Pain italien Fait maison - x1","p":1.15,"img":"https://fd5-photos.leclercdrive.fr/image.ashx?id=2561976&use=l&cat=p&typeid=i","cat":284359},{"id":211796,"n":"Buns Fait maison- 240g","p":3.1,"u":"12,92 €/KG","img":"https://fd5-photos.leclercdrive.fr/image.ashx?id=2561973&use=l&cat=p&typeid=i","cat":284359},{"id":211797,"n":"Jambon fumé tranché Folacci  200g","p":8.15,"u":"40,75 €/KG","img":"https://fd5-photos.leclercdrive.fr/image.ashx?id=2560221&use=l&cat=p&typeid=i","cat":316007},{"id":211804,"n":"Cake  Citron Fait maison","p":6.99,"img":"https://fd5-photos.leclercdrive.fr/image.ashx?id=2560242&use=l&cat=p&typeid=i","cat":284360},{"id":211805,"n":"I Finuchjetti di Maria  x6","p":3.9,"u":"0,65 €/P","img":"https://fd5-photos.leclercdrive.fr/image.ashx?id=2560245&use=l&cat=p&typeid=i","cat":284360},{"id":211806,"n":"I Finuchjetti di Maria Chocolat x6","p":5.95,"u":"0,99 €/P","img":"https://fd5-photos.leclercdrive.fr/image.ashx?id=2560248&use=l&cat=p&typeid=i","cat":284360},{"id":211807,"n":"Bière rubis La Goudale 50cl","p":1.5,"u":"3,00 €/L","img":"https://fd5-photos.leclercdrive.fr/image.ashx?id=2562253&use=l&cat=p&typeid=i","cat":334853},{"id":211808,"n":"Olives Noires Confites Tramier  Dénoyautées 150g","p":1.88,"u":"12,53 €/KG","img":"https://fd5-photos.leclercdrive.fr/image.ashx?id=2840829&use=l&cat=p&typeid=i","cat":284450},{"id":211827,"n":"Céréales bébé BABIVANILLE Vanille 10M+ - 400g","p":3.38,"u":"8,45 €/KG","img":"https://fd5-photos.leclercdrive.fr/image.ashx?id=2562651&use=l&cat=p&typeid=i","cat":312225},{"id":211844,"n":"Pur jus Tropicana Orange sans pulpe - 4x1,5L","p":13.5,"pp":10.12,"u":"1,69 €/L","img":"https://fd5-photos.leclercdrive.fr/image.ashx?id=2562546&use=l&cat=p&typeid=i","cat":284521},{"id":211864,"n":"Nouilles de blé Tien Shan Canard - 2x85g+85g offerts","p":1.9,"u":"7,45 €/KG","img":"https://fd5-photos.leclercdrive.fr/image.ashx?id=2562435&use=l&cat=p&typeid=i","cat":288992},{"id":211865,"n":"Nouilles de blé Tien Shan Crevette - 2x85g+85g offerts","p":1.82,"u":"7,14 €/KG","img":"https://fd5-photos.leclercdrive.fr/image.ashx?id=2562438&use=l&cat=p&typeid=i","cat":288992},{"id":211886,"n":"Jambon fumé tranchées  200g","p":7.2,"u":"36,00 €/KG","img":"https://fd5-photos.leclercdrive.fr/image.ashx?id=2561991&use=l&cat=p&typeid=i","cat":316007},{"id":211887,"n":"Pancetta tranchées  Mont Noire - 260g","p":5.5,"u":"21,15 €/KG","img":"https://fd5-photos.leclercdrive.fr/image.ashx?id=2561982&use=l&cat=p&typeid=i","cat":316007},{"id":211890,"n":"Lonzo tranchée 150g","p":5.55,"u":"37,00 €/KG","img":"https://fd5-photos.leclercdrive.fr/image.ashx?id=2561985&use=l&cat=p&typeid=i","cat":316007},{"id":211891,"n":"Coppa tranchée 150g","p":5.2,"u":"34,67 €/KG","img":"https://fd5-photos.leclercdrive.fr/image.ashx?id=2561988&use=l&cat=p&typeid=i","cat":316007},{"id":211896,"n":"Miel de France Lune de Miel 250g","p":3.17,"u":"12,68 €/KG","img":"https://fd5-photos.leclercdrive.fr/image.ashx?id=2944687&use=l&cat=p&typeid=i","cat":287643},{"id":211897,"n":"Serozinc La Roche-Posay Soluté de sulfate de zinc 150ml","p":9.99,"u":"66,60 €/L","img":"https://fd5-photos.leclercdrive.fr/image.ashx?id=2562528&use=l&cat=p&typeid=i","cat":291166},{"id":211899,"n":"Complément alimentaire Veinoflux - Jambes - x60","p":14.21,"u":"0,24 €/P","img":"https://fd5-photos.leclercdrive.fr/image.ashx?id=2886169&use=l&cat=p&typeid=i","cat":301268},{"id":211913,"n":"Filtres jetables Physiodose x20 - + 2 embouts","p":5.99,"img":"https://fd5-photos.leclercdrive.fr/image.ashx?id=2562555&use=l&cat=p&typeid=i","cat":289435},{"id":211921,"n":"Eau nettoyante Dodie 3-en-1 - 1L","p":9.62,"u":"9,62 €/L","img":"https://fd5-photos.leclercdrive.fr/image.ashx?id=2562588&use=l&cat=p&typeid=i","cat":290425},{"id":211922,"n":"Mouche bébé Braun Electrique - BNA100","p":37.41,"img":"https://fd5-photos.leclercdrive.fr/image.ashx?id=2562621&use=l&cat=p&typeid=i","cat":290385},{"id":211933,"n":"Mouche bébé Physiodose Avec filtre","p":5.89,"u":"310,00 €/KG","img":"https://fd5-photos.leclercdrive.fr/image.ashx?id=2563670&use=l&cat=p&typeid=i","cat":290385},{"id":211934,"n":"1ère huile lavante bébé Uriage 500ml","p":11.89,"u":"23,78 €/L","img":"https://fd5-photos.leclercdrive.fr/image.ashx?id=2562570&use=l&cat=p&typeid=i","cat":290425},{"id":212107,"n":"Brosse à dents Colgate Extra-clean médium - x4","p":1.89,"u":"0,47 €/P","img":"https://fd5-photos.leclercdrive.fr/image.ashx?id=2564309&use=l&cat=p&typeid=i","cat":284614},{"id":212110,"n":"Adoucissant Hyperdou Senteur de provence - 1.9L x 27","p":2.39,"u":"1,26 €/L","img":"https://fd5-photos.leclercdrive.fr/image.ashx?id=2603021&use=l&cat=p&typeid=i","cat":284650},{"id":212112,"n":"Céréales Frosties Kellogg's  330g","p":2.04,"u":"6,18 €/KG","img":"https://fd5-photos.leclercdrive.fr/image.ashx?id=2565362&use=l&cat=p&typeid=i","cat":309513},{"id":212125,"n":"Bière aromatisée Desperados Red - 20x25cl","p":18.42,"u":"3,68 €/L","img":"https://fd5-photos.leclercdrive.fr/image.ashx?id=2656565&use=l&cat=p&typeid=i","cat":334878},{"id":212248,"n":"Crème glacée La Laitière Chocolat avec copeaux - 490g","p":3.24,"pp":2.27,"u":"4,63 €/KG","img":"https://fd5-photos.leclercdrive.fr/image.ashx?id=3000012&use=l&cat=p&typeid=i","cat":284263},{"id":212268,"n":"Crème de soin DermaXPro Hydratation - 145ml","p":5.42,"u":"37,38 €/L","img":"https://fd5-photos.leclercdrive.fr/image.ashx?id=2565431&use=l&cat=p&typeid=i","cat":284608},{"id":212387,"n":"Transiphyt Herbesan 60 gélules","p":9.49,"pp":6.64,"u":"201,21 €/KG","img":"https://fd5-photos.leclercdrive.fr/image.ashx?id=2867092&use=l&cat=p&typeid=i","cat":301268},{"id":212463,"n":"Gel douche Le Petit Marseillais Homme - Orange/Argan - 250ml","p":2.22,"u":"8,88 €/L","img":"https://fd5-photos.leclercdrive.fr/image.ashx?id=2684554&use=l&cat=p&typeid=i","cat":284619},{"id":212465,"n":"Protège-slip Confort Vania Coton Bio - x30","p":2.86,"img":"https://fd5-photos.leclercdrive.fr/image.ashx?id=2735215&use=l&cat=p&typeid=i","cat":284625},{"id":212466,"n":"Protège-slip Protection Vania Long voile Bio - x24","p":2.51,"img":"https://fd5-photos.leclercdrive.fr/image.ashx?id=2735218&use=l&cat=p&typeid=i","cat":284625},{"id":212467,"n":"Protège-slip Protection Vania Large Fresh - x36","p":3.23,"img":"https://fd5-photos.leclercdrive.fr/image.ashx?id=2735233&use=l&cat=p&typeid=i","cat":284625},{"id":212469,"n":"Protège-slip Protection Vania Long Fresh - x40","p":2.57,"img":"https://fd5-photos.leclercdrive.fr/image.ashx?id=2735239&use=l&cat=p&typeid=i","cat":284625},{"id":212473,"n":"Liquide de Rinçage Finish  Citron - 800ml","p":5.87,"u":"7,34 €/L","img":"https://fd5-photos.leclercdrive.fr/image.ashx?id=2881966&use=l&cat=p&typeid=i","cat":284657},{"id":212477,"n":"Déodorant spray Monsavon Compres$sé -  Vanille - 100ml","p":3.09,"u":"30,90 €/L","img":"https://fd5-photos.leclercdrive.fr/image.ashx?id=2566215&use=l&cat=p&typeid=i","cat":284595},{"id":212486,"n":"Film étirable Elembal 50m","p":1.8,"u":"0,04 €/MT","img":"https://fd5-photos.leclercdrive.fr/image.ashx?id=2566146&use=l&cat=p&typeid=i","cat":285194},{"id":212487,"n":"Papier toilette Le Trèfle Maxi douceur - 12+6","p":10.72,"u":"0,60 €/P","img":"https://fd5-photos.leclercdrive.fr/image.ashx?id=2568437&use=l&cat=p&typeid=i","cat":284634},{"id":212530,"n":"Pain nature Gerblé Sans Gluten - 230g","p":2.55,"u":"11,09 €/KG","img":"https://fd5-photos.leclercdrive.fr/image.ashx?id=2662853&use=l&cat=p&typeid=i","cat":325069},{"id":212546,"n":"Macaroni et boulette Côté Table À la tomate - 280g","p":2.04,"u":"7,29 €/KG","img":"https://fd5-photos.leclercdrive.fr/image.ashx?id=2764149&use=l&cat=p&typeid=i","cat":333665},{"id":212582,"n":"Blanquette de poulet Côté Table 300g","p":2.79,"u":"9,30 €/KG","img":"https://fd5-photos.leclercdrive.fr/image.ashx?id=2764146&use=l&cat=p&typeid=i","cat":333665},{"id":212583,"n":"Saucisse de Toulouse purée Côté Table - 290g","p":2.99,"u":"10,31 €/KG","img":"https://fd5-photos.leclercdrive.fr/image.ashx?id=2567613&use=l&cat=p&typeid=i","cat":333665},{"id":212584,"n":"Penne au saumon Côté Table 280g","p":2.68,"u":"9,57 €/KG","img":"https://fd5-photos.leclercdrive.fr/image.ashx?id=2794761&use=l&cat=p&typeid=i","cat":333665},{"id":212585,"n":"Parmentier de canard Côté Table 320g","p":3.29,"u":"10,28 €/KG","img":"https://fd5-photos.leclercdrive.fr/image.ashx?id=2567622&use=l&cat=p&typeid=i","cat":333665},{"id":212588,"n":"Skyr Siggi's  Framboise - 450g","p":3.58,"u":"7,96 €/KG","img":"https://fd5-photos.leclercdrive.fr/image.ashx?id=2664380&use=l&cat=p&typeid=i","cat":315000},{"id":212589,"n":"Skyr Siggi's  Vanille - 450g","p":2.89,"u":"6,42 €/KG","img":"https://fd5-photos.leclercdrive.fr/image.ashx?id=3007951&use=l&cat=p&typeid=i","cat":315000},{"id":212593,"n":"Litière chats Tous mes Amis Triple action blanche - 5L","p":4.2,"u":"0,84 €/L","img":"https://fd5-photos.leclercdrive.fr/image.ashx?id=2568361&use=l&cat=p&typeid=i","cat":284683},{"id":212599,"n":"Amandes décortiquées Couleurs Vives - 200g","p":2.78,"u":"13,90 €/KG","img":"https://fd5-photos.leclercdrive.fr/image.ashx?id=2567592&use=l&cat=p&typeid=i","cat":284357},{"id":212600,"n":"Cranberries Couleurs Vives 200g","p":1.99,"u":"9,95 €/KG","img":"https://fd5-photos.leclercdrive.fr/image.ashx?id=2567595&use=l&cat=p&typeid=i","cat":284357},{"id":212602,"n":"Raisins Golden Couleurs Vives 250g","p":1.89,"u":"7,56 €/KG","img":"https://fd5-photos.leclercdrive.fr/image.ashx?id=2567598&use=l&cat=p&typeid=i","cat":284357},{"id":212603,"n":"Fruits secs Mix croquant Couleurs Vives - 200g","p":2.99,"u":"14,95 €/KG","img":"https://fd5-photos.leclercdrive.fr/image.ashx?id=2567601&use=l&cat=p&typeid=i","cat":284357},{"id":212605,"n":"Mini samoussas Tables du Monde Légumes Crevettes x8 - 240g","p":3.39,"u":"14,13 €/KG","img":"https://fd5-photos.leclercdrive.fr/image.ashx?id=2567651&use=l&cat=p&typeid=i","cat":316003},{"id":212643,"n":"Margarine Planta Fin Doux 100% végétal - 225g","p":1.54,"u":"6,84 €/KG","img":"https://fd5-photos.leclercdrive.fr/image.ashx?id=2989471&use=l&cat=p&typeid=i","cat":315229},{"id":212645,"n":"Margarine Planta Fin Demi-sel 100% végétal - 225g","p":1.82,"u":"8,09 €/KG","img":"https://fd5-photos.leclercdrive.fr/image.ashx?id=2989465&use=l&cat=p&typeid=i","cat":315229},{"id":212646,"n":"Margarine Planta Fin  Doux  100% végétal - 900g","p":5.79,"u":"6,43 €/KG","img":"https://fd5-photos.leclercdrive.fr/image.ashx?id=2989462&use=l&cat=p&typeid=i","cat":315229},{"id":212659,"n":"AOP Muscadet Chateau La Haie - 75cl","p":5.18,"u":"6,91 €/L","img":"https://fd5-photos.leclercdrive.fr/image.ashx?id=2571497&use=l&cat=p&typeid=i","cat":289557},{"id":212667,"n":"Cottage cheese Danone Fromage frais - 200g","p":2.32,"u":"11,60 €/KG","img":"https://fd5-photos.leclercdrive.fr/image.ashx?id=2628341&use=l&cat=p&typeid=i","cat":314029},{"id":212679,"n":"Céréales Coco Pops Chocos Kellogg's - 330g","p":2.81,"u":"8,52 €/KG","img":"https://fd5-photos.leclercdrive.fr/image.ashx?id=2571683&use=l&cat=p&typeid=i","cat":309513},{"id":212750,"n":"Petits pots bébé P'TIT SOUPER Pastasotto 12M+ - 2x200g","p":2.2,"u":"5,50 €/KG","img":"https://fd5-photos.leclercdrive.fr/image.ashx?id=2571863&use=l&cat=p&typeid=i","cat":312239},{"id":212751,"n":"Desserts Lactés P'TIT BRASSE Mini BIO Nature SSA 4M+ - 6x50g","p":2.26,"u":"7,53 €/KG","img":"https://fd5-photos.leclercdrive.fr/image.ashx?id=2593182&use=l&cat=p&typeid=i","cat":312392},{"id":212754,"n":"Soupe chinoise Maggi 60g","p":1.44,"u":"24,00 €/KG","img":"https://fd5-photos.leclercdrive.fr/image.ashx?id=2571869&use=l&cat=p&typeid=i","cat":288992},{"id":212757,"n":"Chocolat L'Atelier  Lait biscuit noisettes - 170g","p":3.93,"u":"23,12 €/KG","img":"https://fd5-photos.leclercdrive.fr/image.ashx?id=2674297&use=l&cat=p&typeid=i","cat":284497},{"id":212759,"n":"Chocolat Pâtissier Nestlé Dessert noisettes - 170g","p":3.41,"u":"20,06 €/KG","img":"https://fd5-photos.leclercdrive.fr/image.ashx?id=2899707&use=l&cat=p&typeid=i","cat":285562},{"id":212762,"n":"Soupe à l'oignons Maggi 61g","p":0.76,"u":"12,46 €/KG","img":"https://fd5-photos.leclercdrive.fr/image.ashx?id=2571872&use=l&cat=p&typeid=i","cat":284463},{"id":212764,"n":"Gelée vin de Madère Maggi x2 - 48g","p":1.25,"u":"26,04 €/KG","img":"https://fd5-photos.leclercdrive.fr/image.ashx?id=2570748&use=l&cat=p&typeid=i","cat":288380},{"id":212770,"n":"Ail & poivre Ducros 45g","p":2.68,"u":"59,56 €/KG","img":"https://fd5-photos.leclercdrive.fr/image.ashx?id=2570166&use=l&cat=p&typeid=i","cat":298297},{"id":212772,"n":"Colle alimentaire Vahiné  23g","p":3.61,"u":"156,96 €/KG","img":"https://fd5-photos.leclercdrive.fr/image.ashx?id=2570184&use=l&cat=p&typeid=i","cat":284504},{"id":212773,"n":"Curry Balti Ducros - 39g","p":2.23,"u":"57,18 €/KG","img":"https://fd5-photos.leclercdrive.fr/image.ashx?id=2570169&use=l&cat=p&typeid=i","cat":298297},{"id":212812,"n":"Skyr Siggi's  Céréales Muesli - 2x140g","p":2.44,"u":"8,71 €/KG","img":"https://fd5-photos.leclercdrive.fr/image.ashx?id=3007954&use=l&cat=p&typeid=i","cat":315000},{"id":212814,"n":"Skyr Siggi's  Céréales Miel & Noix - 2x140g","p":2.42,"u":"8,64 €/KG","img":"https://fd5-photos.leclercdrive.fr/image.ashx?id=2879673&use=l&cat=p&typeid=i","cat":315000},{"id":212815,"n":"Yaourt à la grecque YAOS  Stracciatella - 8x125g","p":4.04,"u":"4,04 €/KG","img":"https://fd5-photos.leclercdrive.fr/image.ashx?id=2570115&use=l&cat=p&typeid=i","cat":314999},{"id":212817,"n":"Nettoyant vitres Ajax Triple action Recharge - 750ml","p":1.49,"u":"1,99 €/L","img":"https://fd5-photos.leclercdrive.fr/image.ashx?id=2842969&use=l&cat=p&typeid=i","cat":325363},{"id":212819,"n":"Préparation moelleux Alsa Chocolat - 500g","p":4.43,"u":"8,86 €/KG","img":"https://fd5-photos.leclercdrive.fr/image.ashx?id=2812663&use=l&cat=p&typeid=i","cat":284504},{"id":212824,"n":"Poivre moulu Sainte Lucie Brésil - 45g","p":2.21,"u":"49,11 €/KG","img":"https://fd5-photos.leclercdrive.fr/image.ashx?id=2975173&use=l&cat=p&typeid=i","cat":284457},{"id":212825,"n":"Safran Sainte Lucie En filaments - 0.20g","p":3.93,"img":"https://fd5-photos.leclercdrive.fr/image.ashx?id=2571173&use=l&cat=p&typeid=i","cat":298297},{"id":212826,"n":"Poivre et épices Ducros 200g","p":9.19,"u":"45,95 €/KG","img":"https://fd5-photos.leclercdrive.fr/image.ashx?id=2571194&use=l&cat=p&typeid=i","cat":284457},{"id":212827,"n":"Petites madeleines Bonne Maman Pur beurre - 235g","p":2.39,"u":"10,17 €/KG","img":"https://fd5-photos.leclercdrive.fr/image.ashx?id=2936269&use=l&cat=p&typeid=i","cat":284492},{"id":212828,"n":"Mélange cajun Sainte Lucie 45g","p":1.98,"u":"44,00 €/KG","img":"https://fd5-photos.leclercdrive.fr/image.ashx?id=2571176&use=l&cat=p&typeid=i","cat":298297},{"id":212829,"n":"Moulin Ducros 5 baies - 24g","p":3.31,"u":"137,92 €/KG","img":"https://fd5-photos.leclercdrive.fr/image.ashx?id=2571197&use=l&cat=p&typeid=i","cat":298297},{"id":212876,"n":"AOP Champagne Moët & Chandon Brut impérial - 75cl","p":37.89,"u":"50,52 €/L","img":"https://fd5-photos.leclercdrive.fr/image.ashx?id=2578951&use=l&cat=p&typeid=i","cat":284542},{"id":212900,"n":"Lames Hydro 5 Wilkinson Skin protect - 10+2","p":25.8,"u":"2,15 €/P","img":"https://fd5-photos.leclercdrive.fr/image.ashx?id=2676810&use=l&cat=p&typeid=i","cat":284616},{"id":212922,"n":"Déboucheur Gel Destop  Spécial Cuisine - 1L","p":3.95,"u":"3,95 €/L","img":"https://fd5-photos.leclercdrive.fr/image.ashx?id=2572278&use=l&cat=p&typeid=i","cat":284908},{"id":212934,"n":"Lait bébé poudre Guigoz Optipro 3ème âge - dès 12 mois - 830g","p":9.93,"u":"11,96 €/KG","img":"https://fd5-photos.leclercdrive.fr/image.ashx?id=2895059&use=l&cat=p&typeid=i","cat":290219},{"id":213020,"n":"Chips Nature Lay's Sel maxi Format - 370g","p":3.22,"u":"8,70 €/KG","img":"https://fd5-photos.leclercdrive.fr/image.ashx?id=2999949&use=l&cat=p&typeid=i","cat":284447},{"id":213023,"n":"Pâtée et morceaux chiens Eco+ Boeuf - 1.2kg","p":1.67,"u":"1,39 €/KG","img":"https://fd5-photos.leclercdrive.fr/image.ashx?id=2815743&use=l&cat=p&typeid=i","cat":288578},{"id":213024,"n":"Boulettes volaille Eco+ 800g","p":1.47,"u":"1,84 €/KG","img":"https://fd5-photos.leclercdrive.fr/image.ashx?id=2815734&use=l&cat=p&typeid=i","cat":285601},{"id":213025,"n":"Boulettes à la volaille Eco+ 1.2kg","p":1.54,"u":"1,28 €/KG","img":"https://fd5-photos.leclercdrive.fr/image.ashx?id=2815737&use=l&cat=p&typeid=i","cat":288578},{"id":213037,"n":"Culottes Drynites Huggies  4/7ans - x16","p":10.81,"u":"0,68 €/P","img":"https://fd5-photos.leclercdrive.fr/image.ashx?id=2844730&use=l&cat=p&typeid=i","cat":290633},{"id":213176,"n":"Nouilles à la chinoise Marie Au Poulet - 900g","p":4.93,"u":"5,48 €/KG","img":"https://fd5-photos.leclercdrive.fr/image.ashx?id=2996773&use=l&cat=p&typeid=i","cat":284254},{"id":213189,"n":"Milky fromage enfant à tartiner Les Croisés 24 portions - 432g","p":3.59,"u":"8,31 €/KG","img":"https://fd5-photos.leclercdrive.fr/image.ashx?id=2791899&use=l&cat=p&typeid=i","cat":314030},{"id":213190,"n":"Milky fromage enfant à tartiner Les Croisés 12 portions - 216g","p":1.85,"u":"8,56 €/KG","img":"https://fd5-photos.leclercdrive.fr/image.ashx?id=2791914&use=l&cat=p&typeid=i","cat":314030},{"id":213200,"n":"Gaufrettes Quadro Cémoi Choco noisettes - 187g","p":1.94,"u":"10,37 €/KG","img":"https://fd5-photos.leclercdrive.fr/image.ashx?id=2654731&use=l&cat=p&typeid=i","cat":284488},{"id":213213,"n":"Pastis de Marseille Duval  45%vol - 20cl","p":4.48,"u":"22,40 €/L","img":"https://fd5-photos.leclercdrive.fr/image.ashx?id=2686663&use=l&cat=p&typeid=i","cat":284548},{"id":213242,"n":"Céréales Coco Pops Kellogg's Original - 330g","p":2.91,"u":"8,82 €/KG","img":"https://fd5-photos.leclercdrive.fr/image.ashx?id=2577099&use=l&cat=p&typeid=i","cat":309513},{"id":213300,"n":"Bain de bouche bio Bionaïa  500ml","p":2.49,"u":"4,98 €/L","img":"https://fd5-photos.leclercdrive.fr/image.ashx?id=2577200&use=l&cat=p&typeid=i","cat":284613},{"id":213366,"n":"Toast nature Harrys Tranches épaisses - 250g","p":1.75,"u":"7,00 €/KG","img":"https://fd5-photos.leclercdrive.fr/image.ashx?id=2581253&use=l&cat=p&typeid=i","cat":285454},{"id":213394,"n":"Gel-Crème Hydratant Mixa Hypoallergénique - 50ml","p":7.82,"u":"15,64 €/L","img":"https://fd5-photos.leclercdrive.fr/image.ashx?id=2585804&use=l&cat=p&typeid=i","cat":325345},{"id":213396,"n":"Crème céramide Mixa 400ml","p":7.54,"u":"18,85 €/L","img":"https://fd5-photos.leclercdrive.fr/image.ashx?id=2579029&use=l&cat=p&typeid=i","cat":325350},{"id":213397,"n":"Lait Nourrissant Céramide Mixa Peaux sèches, sensibles - 250ml","p":5.49,"u":"21,96 €/L","img":"https://fd5-photos.leclercdrive.fr/image.ashx?id=2579035&use=l&cat=p&typeid=i","cat":325350},{"id":213403,"n":"Crème panthénol Mixa 400ml","p":7.81,"u":"19,53 €/L","img":"https://fd5-photos.leclercdrive.fr/image.ashx?id=2579026&use=l&cat=p&typeid=i","cat":325350},{"id":213404,"n":"Crème cica Mixa Réparation - 400ml","p":7.84,"u":"19,60 €/L","img":"https://fd5-photos.leclercdrive.fr/image.ashx?id=2579023&use=l&cat=p&typeid=i","cat":325350},{"id":213425,"n":"Brossettes Oral-B 3D White 2x4","p":57.47,"u":"7,18 €/P","img":"https://fd5-photos.leclercdrive.fr/image.ashx?id=2740319&use=l&cat=p&typeid=i","cat":297133},{"id":213432,"n":"Gel Corps et Cheveux Cadum Hypoallergenique - 750ml","p":4.72,"u":"6,29 €/L","img":"https://fd5-photos.leclercdrive.fr/image.ashx?id=2581798&use=l&cat=p&typeid=i","cat":284594},{"id":213443,"n":"Après-Shampoing Franck Provost Expert nutrition - 450ml","p":4.06,"u":"9,02 €/L","img":"https://fd5-photos.leclercdrive.fr/image.ashx?id=2581807&use=l&cat=p&typeid=i","cat":284607},{"id":213454,"n":"Petits pois Eco+ 1kg","p":1.52,"u":"1,52 €/KG","img":"https://fd5-photos.leclercdrive.fr/image.ashx?id=2699874&use=l&cat=p&typeid=i","cat":319805},{"id":213455,"n":"Champignons Eco+ 1kg","p":1.45,"u":"1,45 €/KG","img":"https://fd5-photos.leclercdrive.fr/image.ashx?id=2593339&use=l&cat=p&typeid=i","cat":319805},{"id":213456,"n":"Quart de jambon sec Eco+ 14 tranches - 200g","p":2.33,"u":"11,65 €/KG","img":"https://fd5-photos.leclercdrive.fr/image.ashx?id=2579219&use=l&cat=p&typeid=i","cat":316007},{"id":213458,"n":"Dés de poulet Eco+ 150g","p":1.69,"u":"11,27 €/KG","img":"https://fd5-photos.leclercdrive.fr/image.ashx?id=2930939&use=l&cat=p&typeid=i","cat":316011},{"id":213461,"n":"Fromage à Tartiner Tartare  Herbes de Provence - 250g","p":2.96,"u":"11,84 €/KG","img":"https://fd5-photos.leclercdrive.fr/image.ashx?id=2883955&use=l&cat=p&typeid=i","cat":314029},{"id":213464,"n":"Panés Spécial Burger Père Dodu  Chapelure Corn Flakes - x2 - 18","p":3.43,"pp":2.26,"u":"12,56 €/KG","img":"https://fd5-photos.leclercdrive.fr/image.ashx?id=2957221&use=l&cat=p&typeid=i","cat":333684},{"id":213466,"n":"Saucisson sec Saint-Azay 32 tranches - 100g","p":1.99,"u":"19,90 €/P","img":"https://fd5-photos.leclercdrive.fr/image.ashx?id=2579405&use=l&cat=p&typeid=i","cat":316007},{"id":213478,"n":"Chocolat instantané Ethiquable 50% CI/Haïti/Togo Bio 425g","p":6.34,"u":"14,92 €/KG","img":"https://fd5-photos.leclercdrive.fr/image.ashx?id=2876893&use=l&cat=p&typeid=i","cat":293235},{"id":213487,"n":"Crème semi-épaisse UHT Délisse Entière - 30% MG - 2x25cl","p":3.21,"u":"6,42 €/L","img":"https://fd5-photos.leclercdrive.fr/image.ashx?id=2579396&use=l&cat=p&typeid=i","cat":284381},{"id":213496,"n":"Boisson Noisette choco Végé 1L Végé - 200g","p":1.99,"u":"1,99 €/L","img":"https://fd5-photos.leclercdrive.fr/image.ashx?id=2903974&use=l&cat=p&typeid=i","cat":316067},{"id":213528,"n":"Gel WC Canard 100% Détartrant - 750ml","p":2.47,"u":"3,29 €/L","img":"https://fd5-photos.leclercdrive.fr/image.ashx?id=2580194&use=l&cat=p&typeid=i","cat":284662},{"id":213537,"n":"Glace Viennetta Façon Cappuccino - 320g","p":2.58,"u":"8,06 €/KG","img":"https://fd5-photos.leclercdrive.fr/image.ashx?id=2580239&use=l&cat=p&typeid=i","cat":284266},{"id":213550,"n":"Litière chats Tous mes Amis Agglomérante charbon actif - 5L","p":3.5,"u":"0,70 €/L","img":"https://fd5-photos.leclercdrive.fr/image.ashx?id=2580258&use=l&cat=p&typeid=i","cat":284683},{"id":213555,"n":"Shampoing Nutrition Elsève Cheveux Fins, Secs - 300ml","p":3.77,"u":"12,57 €/L","img":"https://fd5-photos.leclercdrive.fr/image.ashx?id=2582243&use=l&cat=p&typeid=i","cat":284606},{"id":213570,"n":"Gel douche Le Petit Marseillais Bois de cade & fougère  - 250ml","p":2.07,"u":"8,28 €/MT","img":"https://fd5-photos.leclercdrive.fr/image.ashx?id=2684545&use=l&cat=p&typeid=i","cat":284619},{"id":213581,"n":"Gel douche Cadum Crème d'amande - 450ml","p":3.37,"u":"7,49 €/L","img":"https://fd5-photos.leclercdrive.fr/image.ashx?id=2582273&use=l&cat=p&typeid=i","cat":284594},{"id":213582,"n":"Crème Douche surgras Bio Cadum Karité - 450ml","p":2.69,"u":"5,98 €/L","img":"https://fd5-photos.leclercdrive.fr/image.ashx?id=2580801&use=l&cat=p&typeid=i","cat":284594},{"id":213594,"n":"Tablette de chocolat Lindt  Noir pailleté gaufrette - 100g","p":2.5,"u":"25,00 €/KG","img":"https://fd5-photos.leclercdrive.fr/image.ashx?id=2750390&use=l&cat=p&typeid=i","cat":284956},{"id":213600,"n":"Crème Douche Nourrissante Cadum Huile de Coco Bio - 450ml","p":3.37,"u":"7,49 €/L","img":"https://fd5-photos.leclercdrive.fr/image.ashx?id=2582276&use=l&cat=p&typeid=i","cat":284594},{"id":213602,"n":"Crème Douche Nourrissante Cadum Miel de Fleurs bio - 450ml","p":3.59,"u":"7,98 €/L","img":"https://fd5-photos.leclercdrive.fr/image.ashx?id=2582279&use=l&cat=p&typeid=i","cat":284594},{"id":213604,"n":"Crème Douche Hydratation Cadum Huile d'Amandes Douces - 450ml","p":2.85,"u":"6,33 €/L","img":"https://fd5-photos.leclercdrive.fr/image.ashx?id=2582282&use=l&cat=p&typeid=i","cat":284594},{"id":213605,"n":"Crème de douche Cadum Fleur de coton - 450ml","p":3.28,"u":"7,29 €/L","img":"https://fd5-photos.leclercdrive.fr/image.ashx?id=2582285&use=l&cat=p&typeid=i","cat":284594},{"id":213606,"n":"Gel Douche Sans Savon Bio Cadum Huile d'Amandes Douces - 450ml","p":2.66,"u":"5,91 €/L","img":"https://fd5-photos.leclercdrive.fr/image.ashx?id=2582288&use=l&cat=p&typeid=i","cat":284594},{"id":213614,"n":"Lentilles corail Notre Jardin 500g","p":1.72,"u":"3,44 €/KG","img":"https://fd5-photos.leclercdrive.fr/image.ashx?id=2610726&use=l&cat=p&typeid=i","cat":284430},{"id":213625,"n":"Miel d'acacia Lune de Miel fleurs -  500g","p":5.64,"u":"11,28 €/KG","img":"https://fd5-photos.leclercdrive.fr/image.ashx?id=2730910&use=l&cat=p&typeid=i","cat":287643},{"id":213632,"n":"Eau Volvic Zest  Fraise 1.5L","p":1.36,"u":"0,91 €/L","img":"https://fd5-photos.leclercdrive.fr/image.ashx?id=2785442&use=l&cat=p&typeid=i","cat":284537},{"id":213635,"n":"Eau Volvic Zest Fraise - 6x50cl","p":3.15,"u":"1,05 €/L","img":"https://fd5-photos.leclercdrive.fr/image.ashx?id=2730289&use=l&cat=p&typeid=i","cat":284537},{"id":213687,"n":"Shampoing karité Franck Provost Cheveux Secs, très secs - 500ml","p":4.06,"u":"8,12 €/L","img":"https://fd5-photos.leclercdrive.fr/image.ashx?id=2581804&use=l&cat=p&typeid=i","cat":284606},{"id":213688,"n":"Shampoing Karité Franck Provost Cheveux Très Secs épais - 500ml","p":4.06,"u":"8,12 €/L","img":"https://fd5-photos.leclercdrive.fr/image.ashx?id=2582312&use=l&cat=p&typeid=i","cat":284606},{"id":213690,"n":"Shampoing Franck Provost Cheveux abîmés cassants - 500ml","p":4.06,"u":"8,12 €/L","img":"https://fd5-photos.leclercdrive.fr/image.ashx?id=2582315&use=l&cat=p&typeid=i","cat":284606},{"id":213691,"n":"Après-Shampooing Franck Provost Expert réparation - 450ml","p":4.06,"u":"9,02 €/L","img":"https://fd5-photos.leclercdrive.fr/image.ashx?id=2582318&use=l&cat=p&typeid=i","cat":284607},{"id":213692,"n":"Shampooing Franck Provost Cheveux colorés - 500ml","p":4.06,"u":"8,12 €/L","img":"https://fd5-photos.leclercdrive.fr/image.ashx?id=2582321&use=l&cat=p&typeid=i","cat":284606},{"id":213695,"n":"Recharge Gel douche Cadum Sans Sulfate - 500ml","p":3.0,"u":"6,00 €/L","img":"https://fd5-photos.leclercdrive.fr/image.ashx?id=2581810&use=l&cat=p&typeid=i","cat":284594},{"id":213703,"n":"Gel Corps et Cheveux Cadum Sans Sulfate - 400ml","p":2.95,"u":"7,38 €/L","img":"https://fd5-photos.leclercdrive.fr/image.ashx?id=2582270&use=l&cat=p&typeid=i","cat":284594},{"id":213722,"n":"Madeleine St Michel -30% de sucre 400g","p":2.54,"u":"6,35 €/KG","img":"https://fd5-photos.leclercdrive.fr/image.ashx?id=2962305&use=l&cat=p&typeid=i","cat":284492},{"id":213724,"n":"Bouchée pour chien Eco+ Boeuf, pâtes, carottes - 1.2kg","p":1.93,"u":"1,61 €/KG","img":"https://fd5-photos.leclercdrive.fr/image.ashx?id=2815728&use=l&cat=p&typeid=i","cat":288578},{"id":213725,"n":"Douceur de chèvre Le Petit Basque - Nature - 4x100g","p":3.18,"u":"7,95 €/KG","img":"https://fd5-photos.leclercdrive.fr/image.ashx?id=2582198&use=l&cat=p&typeid=i","cat":314998},{"id":213749,"n":"Bière blonde Pélican 6x33cl","p":7.72,"u":"3,90 €/L","img":"https://fd5-photos.leclercdrive.fr/image.ashx?id=2946922&use=l&cat=p&typeid=i","cat":334872},{"id":213776,"n":"Boisson Mogu Mogu Litchi 32cl","p":1.58,"u":"4,94 €/L","img":"https://fd5-photos.leclercdrive.fr/image.ashx?id=2639852&use=l&cat=p&typeid=i","cat":295018},{"id":213793,"n":"Burger Bacon Marie Boeuf Charolais Emmental - 190g","p":3.37,"u":"17,74 €/KG","img":"https://fd5-photos.leclercdrive.fr/image.ashx?id=2858615&use=l&cat=p&typeid=i","cat":333671},{"id":213795,"n":"Burger Savoyard Marie Boeuf Charolais Raclette - 190g","p":2.88,"u":"15,16 €/KG","img":"https://fd5-photos.leclercdrive.fr/image.ashx?id=2858624&use=l&cat=p&typeid=i","cat":333671},{"id":213814,"n":"Sérum réparateur Elsève 150ml","p":11.81,"u":"78,73 €/L","img":"https://fd5-photos.leclercdrive.fr/image.ashx?id=2584635&use=l&cat=p&typeid=i","cat":284608},{"id":213817,"n":"Croquettes chats Perfect Fit Stérilisés, saumon - 1.4kg","p":6.06,"u":"4,33 €/KG","img":"https://fd5-photos.leclercdrive.fr/image.ashx?id=2619163&use=l&cat=p&typeid=i","cat":284680},{"id":213818,"n":"Croquettes chats Perfect Fit Stérilisés, dinde - 1.4kg","p":7.43,"u":"5,31 €/KG","img":"https://fd5-photos.leclercdrive.fr/image.ashx?id=2619166&use=l&cat=p&typeid=i","cat":284680},{"id":213821,"n":"Brosse à dents Signal Soins gencives Extra souple x4","p":3.03,"u":"0,76 €/P","img":"https://fd5-photos.leclercdrive.fr/image.ashx?id=2805690&use=l&cat=p&typeid=i","cat":284614},{"id":213830,"n":"Adoucissant Soupline concentré  3D Grand air - 1,35L","p":5.47,"u":"4,05 €/L","img":"https://fd5-photos.leclercdrive.fr/image.ashx?id=2924950&use=l&cat=p&typeid=i","cat":284650},{"id":213831,"n":"Spray Savon marseille La Croix 500ml","p":2.77,"u":"5,54 €/L","img":"https://fd5-photos.leclercdrive.fr/image.ashx?id=2583530&use=l&cat=p&typeid=i","cat":325357},{"id":213833,"n":"Colgate Chloro intense  75ml","p":1.31,"u":"17,47 €/L","img":"https://fd5-photos.leclercdrive.fr/image.ashx?id=2964231&use=l&cat=p&typeid=i","cat":284612},{"id":213834,"n":"Brosse à dents Colgate Extra-clean souple - x4","p":2.06,"u":"0,52 €/P","img":"https://fd5-photos.leclercdrive.fr/image.ashx?id=3011950&use=l&cat=p&typeid=i","cat":284614},{"id":213836,"n":"Dentifrice Colgate Ultra Brite  Haleine Fraîche - 75ml","p":1.33,"u":"17,73 €/L","img":"https://fd5-photos.leclercdrive.fr/image.ashx?id=2802845&use=l&cat=p&typeid=i","cat":284612},{"id":213857,"n":"Recharges WC Canard Fresh Disc  Fraîcheur Marine - 2x6 disques","p":5.28,"u":"2,64 €/P","img":"https://fd5-photos.leclercdrive.fr/image.ashx?id=2754824&use=l&cat=p&typeid=i","cat":284662},{"id":213861,"n":"Mélange à l'Orientale Ducros 32g","p":2.49,"u":"77,81 €/KG","img":"https://fd5-photos.leclercdrive.fr/image.ashx?id=2583335&use=l&cat=p&typeid=i","cat":298297},{"id":213881,"n":"Soupe pot au feu Maggi  Aux vermicelles - 57g","p":0.65,"u":"11,40 €/KG","img":"https://fd5-photos.leclercdrive.fr/image.ashx?id=2614362&use=l&cat=p&typeid=i","cat":284463},{"id":213910,"n":"Taboulé Oriental  Garbit - 525g","p":2.53,"u":"4,82 €/KG","img":"https://fd5-photos.leclercdrive.fr/image.ashx?id=2901899&use=l&cat=p&typeid=i","cat":284429},{"id":213914,"n":"Nettoyant sol Carolin Savon de Marseille - 1L","p":3.71,"u":"3,71 €/L","img":"https://fd5-photos.leclercdrive.fr/image.ashx?id=2584566&use=l&cat=p&typeid=i","cat":284907},{"id":213930,"n":"Fromage enfant La Vache qui rit Original 24P à tartiner - 384g","p":3.7,"u":"9,64 €/KG","img":"https://fd5-photos.leclercdrive.fr/image.ashx?id=2945451&use=l&cat=p&typeid=i","cat":314030},{"id":213934,"n":"Jambon végétal nature La Vie 120g","p":3.59,"u":"29,92 €/KG","img":"https://fd5-photos.leclercdrive.fr/image.ashx?id=2887167&use=l&cat=p&typeid=i","cat":316036},{"id":213938,"n":"Fromage RichesMonts Raclette  Duo Sans Croute Fumée - 420g","p":6.56,"u":"15,62 €/KG","img":"https://fd5-photos.leclercdrive.fr/image.ashx?id=2953833&use=l&cat=p&typeid=i","cat":314037},{"id":213953,"n":"Recharges WC Canard fresh disc Citron - 2x6 disques","p":5.53,"u":"2,77 €/P","img":"https://fd5-photos.leclercdrive.fr/image.ashx?id=2754821&use=l&cat=p&typeid=i","cat":284662},{"id":213954,"n":"Protège-slips Vania Pocket Normal - x30","p":2.3,"u":"0,08 €/P","img":"https://fd5-photos.leclercdrive.fr/image.ashx?id=2735245&use=l&cat=p&typeid=i","cat":284625},{"id":213956,"n":"Brosse à Dents Signal 4D Expert Medium x1","p":2.93,"img":"https://fd5-photos.leclercdrive.fr/image.ashx?id=2769287&use=l&cat=p&typeid=i","cat":284614},{"id":213958,"n":"Crème Corps Hydratante Mixa Peau très Sèche, terne - 400ml","p":6.95,"u":"17,38 €/L","img":"https://fd5-photos.leclercdrive.fr/image.ashx?id=2595767&use=l&cat=p&typeid=i","cat":325350},{"id":213959,"n":"Nettoyant ménager Pliz Fée du logis - 250ml","p":1.98,"u":"7,92 €/L","img":"https://fd5-photos.leclercdrive.fr/image.ashx?id=2585540&use=l&cat=p&typeid=i","cat":325364},{"id":213961,"n":"Terrine chiens Tous Mes Amis Viandes carottes - 1.2kg","p":1.95,"u":"1,63 €/KG","img":"https://fd5-photos.leclercdrive.fr/image.ashx?id=2815755&use=l&cat=p&typeid=i","cat":288578},{"id":213962,"n":"Patée pour chiens Eco+ Volaille - 150g","p":0.47,"u":"3,13 €/KG","img":"https://fd5-photos.leclercdrive.fr/image.ashx?id=2584913&use=l&cat=p&typeid=i","cat":284673},{"id":213963,"n":"Patée pour chiens Eco+ Boeuf - 150g","p":0.47,"u":"3,13 €/KG","img":"https://fd5-photos.leclercdrive.fr/image.ashx?id=2586360&use=l&cat=p&typeid=i","cat":284673},{"id":213964,"n":"Nettoyant ménager Ajax Maison pure Sureau - 1.25L","p":2.66,"u":"2,13 €/L","img":"https://fd5-photos.leclercdrive.fr/image.ashx?id=2585555&use=l&cat=p&typeid=i","cat":284907},{"id":213965,"n":"Adoucissant Eco+ Fraîcheur - 1.5L - x60","p":1.64,"u":"1,09 €/L","img":"https://fd5-photos.leclercdrive.fr/image.ashx?id=2967543&use=l&cat=p&typeid=i","cat":284650},{"id":213968,"n":"Eau minérale naturelle Vittel 6L","p":2.46,"u":"0,41 €/L","img":"https://fd5-photos.leclercdrive.fr/image.ashx?id=2585843&use=l&cat=p&typeid=i","cat":284535},{"id":214004,"n":"Yaourts allégés Sveltesse  Pistache - 4x125g","p":1.65,"u":"3,30 €/KG","img":"https://fd5-photos.leclercdrive.fr/image.ashx?id=2585456&use=l&cat=p&typeid=i","cat":285041},{"id":214070,"n":"Sauceline Maizena Sauce Brune - 250g","p":1.94,"u":"7,76 €/KG","img":"https://fd5-photos.leclercdrive.fr/image.ashx?id=2866813&use=l&cat=p&typeid=i","cat":318430},{"id":214071,"n":"Sauce champignons Maggi 27g","p":0.65,"u":"24,07 €/KG","img":"https://fd5-photos.leclercdrive.fr/image.ashx?id=3000426&use=l&cat=p&typeid=i","cat":318430},{"id":214074,"n":"Riz Basmatti Gallo Bonta Pronte - 250g","p":2.71,"u":"10,84 €/KG","img":"https://fd5-photos.leclercdrive.fr/image.ashx?id=2593071&use=l&cat=p&typeid=i","cat":284953},{"id":214076,"n":"Céréales Frosties Kellogg's Miel & cacahuètes - 375g","p":3.14,"u":"8,37 €/KG","img":"https://fd5-photos.leclercdrive.fr/image.ashx?id=2601169&use=l&cat=p&typeid=i","cat":309513},{"id":214083,"n":"Moutarde de Dijon Rustica Fine et forte - 200g","p":1.29,"u":"6,45 €/KG","img":"https://fd5-photos.leclercdrive.fr/image.ashx?id=2954388&use=l&cat=p&typeid=i","cat":288850},{"id":214087,"n":"Soda Coca-Cola Original Bouteille - 1,75L","p":2.37,"u":"1,35 €/L","img":"https://fd5-photos.leclercdrive.fr/image.ashx?id=2971745&use=l&cat=p&typeid=i","cat":284530},{"id":214103,"n":"Toasts Aromates spécial saumon Tranches épaisses Harrys 250G","p":1.75,"u":"7,00 €/KG","img":"https://fd5-photos.leclercdrive.fr/image.ashx?id=2587578&use=l&cat=p&typeid=i","cat":285454},{"id":214104,"n":"Toasts Seigle spécial huîtres Tranches épaisses Harrys 250G","p":1.75,"u":"7,00 €/KG","img":"https://fd5-photos.leclercdrive.fr/image.ashx?id=2599200&use=l&cat=p&typeid=i","cat":285454},{"id":214105,"n":"Toast Brioché spécial foie gras Tranches épaisses Harrys 250G","p":1.75,"u":"7,00 €/KG","img":"https://fd5-photos.leclercdrive.fr/image.ashx?id=2587581&use=l&cat=p&typeid=i","cat":285454},{"id":214291,"n":"Os pressé Tous mes amis 14cm - x2","p":3.19,"img":"https://fd5-photos.leclercdrive.fr/image.ashx?id=2600300&use=l&cat=p&typeid=i","cat":294527},{"id":214292,"n":"Os pressé Tous mes amis 21cm - x1","p":3.95,"img":"https://fd5-photos.leclercdrive.fr/image.ashx?id=2600303&use=l&cat=p&typeid=i","cat":294527},{"id":214293,"n":"Os de jambon Tous mes amis Taille M - x1","p":2.1,"img":"https://fd5-photos.leclercdrive.fr/image.ashx?id=2600306&use=l&cat=p&typeid=i","cat":294527},{"id":214321,"n":"Déodorant bille Dove Grenade - Anti-transpirant 50ml","p":3.4,"u":"68,00 €/L","img":"https://fd5-photos.leclercdrive.fr/image.ashx?id=2867341&use=l&cat=p&typeid=i","cat":284595},{"id":214326,"n":"Déodorant spray Dovd Grenade anti-transpirant 200ml","p":3.04,"u":"15,20 €/L","img":"https://fd5-photos.leclercdrive.fr/image.ashx?id=2987035&use=l&cat=p&typeid=i","cat":284595},{"id":214328,"n":"Déodorant Spray compressé Dove Anti-Transpirant Original 200ml","p":2.28,"u":"11,40 €/L","img":"https://fd5-photos.leclercdrive.fr/image.ashx?id=2877250&use=l&cat=p&typeid=i","cat":284595},{"id":214332,"n":"Chili Cheese Nuggets Pickers By McCain - 230g","p":3.99,"u":"17,35 €/KG","img":"https://fd5-photos.leclercdrive.fr/image.ashx?id=2958678&use=l&cat=p&typeid=i","cat":319822},{"id":214389,"n":"Lame OneBlade Philips QP215/50 - First have - x1","p":15.32,"img":"https://fd5-photos.leclercdrive.fr/image.ashx?id=2589554&use=l&cat=p&typeid=i","cat":284616},{"id":214392,"n":"Gel douche Le Petit Marseillais Homme - Minéraux & bois - 250ml","p":2.23,"u":"8,92 €/L","img":"https://fd5-photos.leclercdrive.fr/image.ashx?id=2684548&use=l&cat=p&typeid=i","cat":284619},{"id":214393,"n":"Gel douche Le Petit Marseillais Homme - Pin & eucalyptus 250ml","p":2.01,"u":"8,04 €/L","img":"https://fd5-photos.leclercdrive.fr/image.ashx?id=2684551&use=l&cat=p&typeid=i","cat":284619},{"id":214394,"n":"Crème de douche Le Petit Marseillais Fleur coton 400ml","p":2.61,"u":"6,53 €/L","img":"https://fd5-photos.leclercdrive.fr/image.ashx?id=2947045&use=l&cat=p&typeid=i","cat":284594},{"id":214403,"n":"Lessive liquide Bonux L'original 50 Lavages - 2.25L","p":9.19,"u":"4,08 €/L","img":"https://fd5-photos.leclercdrive.fr/image.ashx?id=2881993&use=l&cat=p&typeid=i","cat":284640},{"id":214407,"n":"Lessive liquide Ariel +Ultra détachant - x22 - 1L","p":8.7,"u":"8,70 €/L","img":"https://fd5-photos.leclercdrive.fr/image.ashx?id=2589545&use=l&cat=p&typeid=i","cat":284640},{"id":214419,"n":"Lames Gillette Mach3 - Classique - x6","p":18.69,"u":"3,12 €/P","img":"https://fd5-photos.leclercdrive.fr/image.ashx?id=2859908&use=l&cat=p&typeid=i","cat":284616},{"id":214454,"n":"Piles rechargeables Foxter Accus Rtu HR03 850mah - x4","p":8.5,"u":"2,13 €/P","img":"https://fd5-photos.leclercdrive.fr/image.ashx?id=2594881&use=l&cat=p&typeid=i","cat":300572},{"id":214455,"n":"Piles rechargeables Foxter Accus - RTU - HR06 2350 mAh x4","p":6.99,"u":"1,75 €/P","img":"https://fd5-photos.leclercdrive.fr/image.ashx?id=2594884&use=l&cat=p&typeid=i","cat":300572},{"id":214456,"n":"Pile rechargeable Foxter Accu - HR22 - 200mAh - x1","p":4.75,"img":"https://fd5-photos.leclercdrive.fr/image.ashx?id=2639296&use=l&cat=p&typeid=i","cat":300572},{"id":214457,"n":"Pile rechargeable Foxter Accus - RTU - HR14 - 3000mAh x2","p":7.99,"u":"4,00 €/P","img":"https://fd5-photos.leclercdrive.fr/image.ashx?id=2639293&use=l&cat=p&typeid=i","cat":300572},{"id":214505,"n":"Dentifrice Colgate Max White Cristaux Blancheur - 3x75ml","p":6.01,"u":"26,71 €/L","img":"https://fd5-photos.leclercdrive.fr/image.ashx?id=2738458&use=l&cat=p&typeid=i","cat":284612},{"id":214507,"n":"Liégeois au chocolat Andros Au lait d'amande x6 - 540g","p":2.79,"u":"5,17 €/KG","img":"https://fd5-photos.leclercdrive.fr/image.ashx?id=2590815&use=l&cat=p&typeid=i","cat":316071},{"id":214509,"n":"Fromage à raclette RichesMonts Classique 420g + 20% offerts","p":7.9,"u":"15,67 €/KG","img":"https://fd5-photos.leclercdrive.fr/image.ashx?id=2969085&use=l&cat=p&typeid=i","cat":314037},{"id":214511,"n":"Saucisson Le Généreux Cochonou 365g","p":5.78,"u":"15,84 €/KG","img":"https://fd5-photos.leclercdrive.fr/image.ashx?id=2948938&use=l&cat=p&typeid=i","cat":316006},{"id":214512,"n":"Saucisson Le Classique Cochonou 240g","p":4.07,"u":"16,96 €/P","img":"https://fd5-photos.leclercdrive.fr/image.ashx?id=2798117&use=l&cat=p&typeid=i","cat":316006},{"id":214513,"n":"Après-shampooing Nuxe Hair prodigieux - 200ml","p":21.89,"u":"109,45 €/L","img":"https://fd5-photos.leclercdrive.fr/image.ashx?id=2651561&use=l&cat=p&typeid=i","cat":290398},{"id":214514,"n":"Masque Nuxe Hair prodigieux - 125ml","p":24.49,"u":"195,92 €/L","img":"https://fd5-photos.leclercdrive.fr/image.ashx?id=2651564&use=l&cat=p&typeid=i","cat":290399},{"id":214516,"n":"Pâte à pizza Herta Épaisse et ronde - 450g","p":2.49,"u":"5,53 €/KG","img":"https://fd5-photos.leclercdrive.fr/image.ashx?id=2813917&use=l&cat=p&typeid=i","cat":333681},{"id":214518,"n":"Pâte à pizza Herta Épaisse et rectangulaire - 540g","p":2.71,"u":"5,02 €/KG","img":"https://fd5-photos.leclercdrive.fr/image.ashx?id=2731405&use=l&cat=p&typeid=i","cat":333681},{"id":214519,"n":"Shampooing Nuxe Hair Prodigieux 200ml","p":13.12,"u":"65,60 €/L","img":"https://fd5-photos.leclercdrive.fr/image.ashx?id=2651567&use=l&cat=p&typeid=i","cat":290400},{"id":214527,"n":"Baume lèvre Nuxe Very rose - 15g","p":7.49,"u":"499,33 €/KG","img":"https://fd5-photos.leclercdrive.fr/image.ashx?id=2670740&use=l&cat=p&typeid=i","cat":291172},{"id":214558,"n":"Café en grains Bio Méo Espresso - 1kg","p":15.35,"u":"15,35 €/KG","img":"https://fd5-photos.leclercdrive.fr/image.ashx?id=2593980&use=l&cat=p&typeid=i","cat":293237},{"id":214567,"n":"Bonbon à sucer Ricola Framboise sans sucre - 50g","p":2.12,"u":"42,40 €/KG","img":"https://fd5-photos.leclercdrive.fr/image.ashx?id=2593014&use=l&cat=p&typeid=i","cat":304252},{"id":214594,"n":"Garage voiture 2 niveaux Kidway Dès 3 ans","p":11.9,"img":"https://fd5-photos.leclercdrive.fr/image.ashx?id=2593483&use=l&cat=p&typeid=i","cat":334382},{"id":214595,"n":"Manon set docteur Kidway Dès 2 ans","p":12.9,"u":"Dont 0,10 € d'éco-part.","img":"https://fd5-photos.leclercdrive.fr/image.ashx?id=2593851&use=l&cat=p&typeid=i","cat":334379},{"id":214599,"n":"Morgan pédiatre Kidway Dès 3 ans","p":8.9,"img":"https://fd5-photos.leclercdrive.fr/image.ashx?id=2593848&use=l&cat=p&typeid=i","cat":334379},{"id":214613,"n":"Station de secours Kidway Dès 3 ans","p":19.9,"u":"Dont 0,22 € d'éco-part.","img":"https://fd5-photos.leclercdrive.fr/image.ashx?id=2593854&use=l&cat=p&typeid=i","cat":334382},{"id":214648,"n":"Nouilles Banzai Noodle bœuf  cup - 67g","p":1.2,"u":"17,91 €/KG","img":"https://fd5-photos.leclercdrive.fr/image.ashx?id=2730001&use=l&cat=p&typeid=i","cat":288992},{"id":214723,"n":"Biscuit bébé Kiddylicious  Wafers fraise dès 6 mois 4x2p","p":1.65,"u":"103,13 €/KG","img":"https://fd5-photos.leclercdrive.fr/image.ashx?id=2929152&use=l&cat=p&typeid=i","cat":312394},{"id":214724,"n":"Biscuit bébé Kiddylicious Wafers Banane dès 6 mois (4x2p)","p":1.29,"u":"80,63 €/KG","img":"https://fd5-photos.leclercdrive.fr/image.ashx?id=2929149&use=l&cat=p&typeid=i","cat":312394},{"id":214726,"n":"Biscuits bébé Kiddylicious  Saveur Fromage dès 9mois 4x12g","p":2.83,"u":"58,96 €/KG","img":"https://fd5-photos.leclercdrive.fr/image.ashx?id=2929143&use=l&cat=p&typeid=i","cat":312394},{"id":214728,"n":"Biscuits bébé Kiddylicious Saveur légumes dès 9 mois 4x12g","p":2.54,"u":"52,92 €/KG","img":"https://fd5-photos.leclercdrive.fr/image.ashx?id=2929140&use=l&cat=p&typeid=i","cat":312394},{"id":214752,"n":"Lait bébé 2A NIDAL 2  dès 6 mois - 2x600g","p":12.95,"u":"18,50 €/KG","img":"https://fd5-photos.leclercdrive.fr/image.ashx?id=2855786&use=l&cat=p&typeid=i","cat":284727},{"id":214756,"n":"Feuilleté de Mousse La Laitière Menthe - 4x57g","p":1.65,"u":"7,24 €/KG","img":"https://fd5-photos.leclercdrive.fr/image.ashx?id=3007960&use=l&cat=p&typeid=i","cat":284417},{"id":214758,"n":"Haché végétal Happyvore 200g","p":3.36,"u":"16,80 €/KG","img":"https://fd5-photos.leclercdrive.fr/image.ashx?id=2768246&use=l&cat=p&typeid=i","cat":316036},{"id":214762,"n":"Nouilles Banzai Noodle poulet  cup - 67g","p":1.21,"u":"18,06 €/KG","img":"https://fd5-photos.leclercdrive.fr/image.ashx?id=2730004&use=l&cat=p&typeid=i","cat":288992},{"id":214778,"n":"Lait en poudre bio Modilac 2ème âge - 800g","p":19.31,"u":"24,14 €/KG","img":"https://fd5-photos.leclercdrive.fr/image.ashx?id=2981172&use=l&cat=p&typeid=i","cat":284727},{"id":214779,"n":"Lait en poudre bio Modilac Croissance - 800g","p":16.55,"u":"20,69 €/KG","img":"https://fd5-photos.leclercdrive.fr/image.ashx?id=2981175&use=l&cat=p&typeid=i","cat":290219},{"id":214783,"n":"Petits pots bébé P'TITE RECETTE Bio Pot au feu 8M+ - 2x190g","p":2.43,"u":"6,39 €/KG","img":"https://fd5-photos.leclercdrive.fr/image.ashx?id=2658096&use=l&cat=p&typeid=i","cat":312236},{"id":214800,"n":"Croquettes petit chien   Pedigree au bœuf - 2kg","p":6.94,"u":"3,47 €/KG","img":"https://fd5-photos.leclercdrive.fr/image.ashx?id=2876995&use=l&cat=p&typeid=i","cat":294526},{"id":214801,"n":"Croquettes petit chien   Pedigree à la volaille - 2kg","p":6.94,"u":"3,47 €/KG","img":"https://fd5-photos.leclercdrive.fr/image.ashx?id=2832323&use=l&cat=p&typeid=i","cat":294526},{"id":214808,"n":"Capsule Nescafé Dolce Gusto Neo  Espresso - x12","p":4.28,"pp":2.82,"u":"42,73 €/KG","img":"https://fd5-photos.leclercdrive.fr/image.ashx?id=2774709&use=l&cat=p&typeid=i","cat":293241},{"id":214809,"n":"Capsule Nescafé Dolce Gusto Neo  Lungo - x12","p":4.21,"pp":2.78,"u":"40,29 €/KG","img":"https://fd5-photos.leclercdrive.fr/image.ashx?id=2775041&use=l&cat=p&typeid=i","cat":293241},{"id":214810,"n":"Capsule Nescafé Dolce Gusto Neo  Grande - x12","p":4.32,"pp":2.85,"u":"33,93 €/KG","img":"https://fd5-photos.leclercdrive.fr/image.ashx?id=2947225&use=l&cat=p&typeid=i","cat":293241},{"id":214811,"n":"Capsule Nescafé Dolce Gusto Neo  Hot Chocolate - x12","p":4.33,"pp":2.86,"u":"13,24 €/KG","img":"https://fd5-photos.leclercdrive.fr/image.ashx?id=2927702&use=l&cat=p&typeid=i","cat":293241},{"id":214812,"n":"Capsule Nescafé Dolce Gusto Neo  Cappuccino - x6 - 122g","p":4.31,"pp":2.84,"u":"23,28 €/KG","img":"https://fd5-photos.leclercdrive.fr/image.ashx?id=2947228&use=l&cat=p&typeid=i","cat":293241},{"id":214813,"n":"Capsule Nescafé Dolce Gusto Neo Starbucks Caramel Macchiato x12","p":4.97,"pp":3.28,"u":"27,33 €/KG","img":"https://fd5-photos.leclercdrive.fr/image.ashx?id=2595824&use=l&cat=p&typeid=i","cat":293241},{"id":214814,"n":"Ail en semoule Ducro 335g","p":7.08,"u":"21,13 €/KG","img":"https://fd5-photos.leclercdrive.fr/image.ashx?id=2595665&use=l&cat=p&typeid=i","cat":298297},{"id":214815,"n":"Lait en poudre bio Modilac 1er âge - 800g","p":19.53,"u":"24,41 €/KG","img":"https://fd5-photos.leclercdrive.fr/image.ashx?id=2981169&use=l&cat=p&typeid=i","cat":284726},{"id":214849,"n":"Shampooing Head & Shoulders DermaxPro revitalisant - 450ml","p":9.24,"u":"20,53 €/L","img":"https://fd5-photos.leclercdrive.fr/image.ashx?id=2595413&use=l&cat=p&typeid=i","cat":284606},{"id":214862,"n":"Compote Charles & Alice Passion Sans sucres ajoutés - 6x97g","p":2.16,"u":"3,71 €/KG","img":"https://fd5-photos.leclercdrive.fr/image.ashx?id=2595263&use=l&cat=p&typeid=i","cat":284416},{"id":215000,"n":"Crème de Marron Clement Faugier 992g","p":4.59,"u":"4,63 €/KG","img":"https://fd5-photos.leclercdrive.fr/image.ashx?id=3004393&use=l&cat=p&typeid=i","cat":284481},{"id":215016,"n":"Croutons nature Tipiak 220g","p":3.04,"u":"13,82 €/KG","img":"https://fd5-photos.leclercdrive.fr/image.ashx?id=2842061&use=l&cat=p&typeid=i","cat":284464},{"id":215017,"n":"Croutons ail Tipiak 220g","p":2.83,"u":"12,86 €/KG","img":"https://fd5-photos.leclercdrive.fr/image.ashx?id=2688872&use=l&cat=p&typeid=i","cat":284464},{"id":215018,"n":"Purée Mousline Maggi Nature - 125g","p":1.06,"u":"8,48 €/KG","img":"https://fd5-photos.leclercdrive.fr/image.ashx?id=3004417&use=l&cat=p&typeid=i","cat":284431},{"id":215020,"n":"Purée Mousline Maggi au lait entier -  4x31,25g","p":1.68,"u":"13,44 €/KG","img":"https://fd5-photos.leclercdrive.fr/image.ashx?id=3015332&use=l&cat=p&typeid=i","cat":284431},{"id":215023,"n":"Purée Mousline Crème et noix muscade 4x31,25g","p":1.65,"u":"13,20 €/KG","img":"https://fd5-photos.leclercdrive.fr/image.ashx?id=3011731&use=l&cat=p&typeid=i","cat":284431},{"id":215030,"n":"Poulpe mariné Baltic Poivre et piment - 150g","p":4.05,"u":"27,00 €/KG","img":"https://fd5-photos.leclercdrive.fr/image.ashx?id=2845919&use=l&cat=p&typeid=i","cat":285191},{"id":215089,"n":"Friandises chien Pedigree Rodeo bœuf fromage x7 - 123g","p":2.29,"u":"18,62 €/KG","img":"https://fd5-photos.leclercdrive.fr/image.ashx?id=2753277&use=l&cat=p&typeid=i","cat":294527},{"id":215122,"n":"Pâtes Alpina Perle - 500g","p":1.51,"u":"3,02 €/KG","img":"https://fd5-photos.leclercdrive.fr/image.ashx?id=2789859&use=l&cat=p&typeid=i","cat":284427},{"id":215125,"n":"Caramel Fudges Vahiné 70g","p":3.7,"u":"52,86 €/KG","img":"https://fd5-photos.leclercdrive.fr/image.ashx?id=2596868&use=l&cat=p&typeid=i","cat":284504},{"id":215129,"n":"Mélange à l'Indienne Ducros 50g","p":2.5,"u":"50,00 €/KG","img":"https://fd5-photos.leclercdrive.fr/image.ashx?id=2596853&use=l&cat=p&typeid=i","cat":298297},{"id":215137,"n":"Les Légumes Cuisinés d'Aucy Petits pois carotte jaune 300g","p":4.63,"u":"15,43 €/KG","img":"https://fd5-photos.leclercdrive.fr/image.ashx?id=2596808&use=l&cat=p&typeid=i","cat":319805},{"id":215138,"n":"Les Légumes Gratinés d'Aucy Épinards pomme de terre - 300g","p":3.22,"u":"10,73 €/KG","img":"https://fd5-photos.leclercdrive.fr/image.ashx?id=2596814&use=l&cat=p&typeid=i","cat":319802},{"id":215139,"n":"Steak haché Tendre & Plus Façon bouchère 15%MG x8 - 1kg","p":11.9,"u":"11,90 €/KG","img":"https://fd5-photos.leclercdrive.fr/image.ashx?id=2748362&use=l&cat=p&typeid=i","cat":319778},{"id":215172,"n":"Gambas ASC Pêche Océan Décortiquées & cuites - 110g","p":3.65,"u":"33,18 €/KG","img":"https://fd5-photos.leclercdrive.fr/image.ashx?id=2953656&use=l&cat=p&typeid=i","cat":284343},{"id":215176,"n":"Mini nems Tables du Monde Crevettes légumes x10 - 220g","p":2.99,"u":"13,59 €/KG","img":"https://fd5-photos.leclercdrive.fr/image.ashx?id=2908864&use=l&cat=p&typeid=i","cat":333673},{"id":215209,"n":"Spray nettoyant La Croix Bicarbonate de soude - 500ml","p":2.6,"u":"5,20 €/L","img":"https://fd5-photos.leclercdrive.fr/image.ashx?id=2597609&use=l&cat=p&typeid=i","cat":325357},{"id":215213,"n":"Sérum visage repulpant Garnier Acide Hyaluronique & Aloe Vera","p":7.45,"u":"248,33 €/L","img":"https://fd5-photos.leclercdrive.fr/image.ashx?id=2979911&use=l&cat=p&typeid=i","cat":325345},{"id":215214,"n":"Brossettes Oral-B Pro Sensitive clean - x2","p":11.41,"u":"5,71 €/PRT","img":"https://fd5-photos.leclercdrive.fr/image.ashx?id=2909254&use=l&cat=p&typeid=i","cat":297133},{"id":215215,"n":"Rasoir électrique Wilkinson Intuition Bikini - x1","p":16.66,"u":"Dont 0,10 € d'éco-part.","img":"https://fd5-photos.leclercdrive.fr/image.ashx?id=2597531&use=l&cat=p&typeid=i","cat":325352},{"id":215216,"n":"Lames rasoir Wilkinson Intuition - 2 en 1 - 3 lames","p":10.75,"u":"3,58 €/P","img":"https://fd5-photos.leclercdrive.fr/image.ashx?id=2849427&use=l&cat=p&typeid=i","cat":325352},{"id":215228,"n":"Melange garam masala Ducros 40g","p":3.54,"u":"88,50 €/KG","img":"https://fd5-photos.leclercdrive.fr/image.ashx?id=2597384&use=l&cat=p&typeid=i","cat":298297},{"id":215231,"n":"Petites gambas Fleury Ichon À la persillade - 280g","p":4.35,"u":"15,54 €/KG","img":"https://fd5-photos.leclercdrive.fr/image.ashx?id=2889499&use=l&cat=p&typeid=i","cat":333665},{"id":215233,"n":"Compotes Charles & Alice Pommes morceaux vanille x4 388g","p":2.06,"u":"5,31 €/KG","img":"https://fd5-photos.leclercdrive.fr/image.ashx?id=2757650&use=l&cat=p&typeid=i","cat":284416},{"id":215235,"n":"Foin Tous Mes amis 1kg","p":1.96,"u":"1,96 €/KG","img":"https://fd5-photos.leclercdrive.fr/image.ashx?id=2652332&use=l&cat=p&typeid=i","cat":284677},{"id":215236,"n":"Compotes Charles & Alice Pomme morceau châtaigne x4 388g","p":1.91,"u":"4,92 €/KG","img":"https://fd5-photos.leclercdrive.fr/image.ashx?id=2757656&use=l&cat=p&typeid=i","cat":284416},{"id":215238,"n":"Menu complet Lapin 3KG","p":6.6,"u":"2,20 €/KG","img":"https://fd5-photos.leclercdrive.fr/image.ashx?id=2646815&use=l&cat=p&typeid=i","cat":284677},{"id":215239,"n":"Menu complet Tous Mes Amis 800g","p":1.88,"u":"2,35 €/KG","img":"https://fd5-photos.leclercdrive.fr/image.ashx?id=2646812&use=l&cat=p&typeid=i","cat":284677},{"id":215240,"n":"Menu complet Tous Mes Amis Cochon d'Inde - 3kg","p":6.6,"u":"2,20 €/KG","img":"https://fd5-photos.leclercdrive.fr/image.ashx?id=2664731&use=l&cat=p&typeid=i","cat":284677},{"id":215242,"n":"Tomates séchées bio Gusti Amo 280g","p":4.11,"u":"14,68 €/KG","img":"https://fd5-photos.leclercdrive.fr/image.ashx?id=2598181&use=l&cat=p&typeid=i","cat":312608},{"id":215249,"n":"Bière blonde Jade Bio - 75cl","p":2.88,"u":"3,84 €/L","img":"https://fd5-photos.leclercdrive.fr/image.ashx?id=2601064&use=l&cat=p&typeid=i","cat":334873},{"id":215261,"n":"Apéritif Suze Tonic 0% - 3x25cl","p":4.42,"u":"5,89 €/L","img":"https://fd5-photos.leclercdrive.fr/image.ashx?id=3011125&use=l&cat=p&typeid=i","cat":284913},{"id":215278,"n":"Bonbons Copains Copines Bouée bi-goût acide - 250 g","p":1.59,"u":"6,36 €/KG","img":"https://fd5-photos.leclercdrive.fr/image.ashx?id=2934763&use=l&cat=p&typeid=i","cat":304250},{"id":215281,"n":"Bonbons Copains Copines Soda fruit acide - 200 g","p":1.19,"u":"5,95 €/KG","img":"https://fd5-photos.leclercdrive.fr/image.ashx?id=2934766&use=l&cat=p&typeid=i","cat":304250},{"id":215282,"n":"Bonbons Copains Copines Unicone - 200 g","p":1.29,"u":"6,45 €/KG","img":"https://fd5-photos.leclercdrive.fr/image.ashx?id=2934769&use=l&cat=p&typeid=i","cat":304250},{"id":215283,"n":"Bonbons DinoAcid' Copains Copines - 200g","p":1.19,"u":"5,95 €/KG","img":"https://fd5-photos.leclercdrive.fr/image.ashx?id=2597345&use=l&cat=p&typeid=i","cat":304250},{"id":215294,"n":"Gel nettoyant Nivea Fraîcheur - 150ml","p":5.08,"u":"33,87 €/L","img":"https://fd5-photos.leclercdrive.fr/image.ashx?id=2597513&use=l&cat=p&typeid=i","cat":284603},{"id":215311,"n":"P'tit biscuit Nestlé 180g","p":2.2,"u":"12,22 €/KG","img":"https://fd5-photos.leclercdrive.fr/image.ashx?id=2737225&use=l&cat=p&typeid=i","cat":312227},{"id":215377,"n":"Fromage Persillée Bresse Bleu Le véritable - 200g","p":2.73,"u":"13,65 €/KG","img":"https://fd5-photos.leclercdrive.fr/image.ashx?id=2927486&use=l&cat=p&typeid=i","cat":314032},{"id":215378,"n":"Sérum Visage Post-Acné Nivea Anti-taches Luminous - 30ml","p":16.74,"u":"558,00 €/L","img":"https://fd5-photos.leclercdrive.fr/image.ashx?id=2836124&use=l&cat=p&typeid=i","cat":325345},{"id":215379,"n":"Sérum Visage Anti-âge Nivea Anti-taches Luminous - 30ml","p":22.91,"u":"763,67 €/L","img":"https://fd5-photos.leclercdrive.fr/image.ashx?id=2985492&use=l&cat=p&typeid=i","cat":325345},{"id":215381,"n":"Sérum visage Nivea Cellular Liftant - 3 zones - 30ml","p":15.63,"u":"521,00 €/L","img":"https://fd5-photos.leclercdrive.fr/image.ashx?id=3014614&use=l&cat=p&typeid=i","cat":325345},{"id":215405,"n":"Rasoirs Wilkinson Xtreme 3 Ultimate comfort - 2x8","p":16.98,"u":"1,06 €/P","img":"https://fd5-photos.leclercdrive.fr/image.ashx?id=2861716&use=l&cat=p&typeid=i","cat":284616},{"id":215442,"n":"Panettone emballé main Pasticceria del Casato - 750g","p":8.26,"u":"11,01 €/KG","img":"https://fd5-photos.leclercdrive.fr/image.ashx?id=2600021&use=l&cat=p&typeid=i","cat":289010},{"id":215483,"n":"Girolles Borde 110g","p":2.8,"u":"25,45 €/KG","img":"https://fd5-photos.leclercdrive.fr/image.ashx?id=2598780&use=l&cat=p&typeid=i","cat":312610},{"id":215581,"n":"Bouchées chocolats mon chéri  x30 - 315g","p":8.35,"u":"26,51 €/KG","img":"https://fd5-photos.leclercdrive.fr/image.ashx?id=2952923&use=l&cat=p&typeid=i","cat":327601},{"id":215600,"n":"Boîte Ferrero collection  42 pièces - 431g","p":16.14,"u":"37,45 €/KG","img":"https://fd5-photos.leclercdrive.fr/image.ashx?id=2899752&use=l&cat=p&typeid=i","cat":327595},{"id":215615,"n":"Motta panettone prémium  Marrons Glacés 750g","p":16.69,"u":"22,25 €/KG","img":"https://fd5-photos.leclercdrive.fr/image.ashx?id=2679275&use=l&cat=p&typeid=i","cat":327607},{"id":215617,"n":"Bauli creazioni di panettone Pistacchio 750g","p":11.46,"u":"15,28 €/KG","img":"https://fd5-photos.leclercdrive.fr/image.ashx?id=2740304&use=l&cat=p&typeid=i","cat":327607},{"id":215618,"n":"Bauli creazioni di panettone Nocciola Piemonte IGP 750g","p":10.09,"u":"13,45 €/KG","img":"https://fd5-photos.leclercdrive.fr/image.ashx?id=2740307&use=l&cat=p&typeid=i","cat":327607},{"id":215749,"n":"Authentique Revillon Noir et  Lait- 360g","p":8.23,"u":"22,86 €/KG","img":"https://fd5-photos.leclercdrive.fr/image.ashx?id=2618399&use=l&cat=p&typeid=i","cat":327597},{"id":215789,"n":"Marrons entiers Mont d'Or 800g","p":6.64,"u":"8,30 €/KG","img":"https://fd5-photos.leclercdrive.fr/image.ashx?id=2600815&use=l&cat=p&typeid=i","cat":289010},{"id":215873,"n":"Pompe de vidange Foxter Manuelle - x1","p":19.99,"img":"https://fd5-photos.leclercdrive.fr/image.ashx?id=2602056&use=l&cat=p&typeid=i","cat":298252},{"id":215878,"n":"Embouts de gonflage Foxter x1","p":2.9,"img":"https://fd5-photos.leclercdrive.fr/image.ashx?id=2602071&use=l&cat=p&typeid=i","cat":298252},{"id":215879,"n":"Indicateur de pression Foxter x1","p":10.4,"img":"https://fd5-photos.leclercdrive.fr/image.ashx?id=2602074&use=l&cat=p&typeid=i","cat":298252},{"id":215882,"n":"Jauge dépaisseur Foxter 18 lames - x1","p":4.9,"img":"https://fd5-photos.leclercdrive.fr/image.ashx?id=2602083&use=l&cat=p&typeid=i","cat":298252},{"id":215890,"n":"Piles alcalines Varta V23GA - x2","p":5.2,"u":"2,60 €/P","img":"https://fd5-photos.leclercdrive.fr/image.ashx?id=2600770&use=l&cat=p&typeid=i","cat":300572},{"id":215910,"n":"Bain de bouche Expert Dentamyl Blanche - 500ml","p":1.97,"u":"3,94 €/L","img":"https://fd5-photos.leclercdrive.fr/image.ashx?id=2600627&use=l&cat=p&typeid=i","cat":284613},{"id":215917,"n":"Liquide de Rinçage Finish  800ml","p":4.78,"u":"5,98 €/L","img":"https://fd5-photos.leclercdrive.fr/image.ashx?id=2864678&use=l&cat=p&typeid=i","cat":284657},{"id":215951,"n":"Film étirable Alfapac Vegetal origin - 40m","p":2.15,"img":"https://fd5-photos.leclercdrive.fr/image.ashx?id=2986353&use=l&cat=p&typeid=i","cat":285194},{"id":215981,"n":"Petits pois D'Aucy Extra tendres - 3x560g","p":6.69,"u":"3,98 €/KG","img":"https://fd5-photos.leclercdrive.fr/image.ashx?id=2601404&use=l&cat=p&typeid=i","cat":312607},{"id":216007,"n":"Petits pots bébé P'TIT SOUPER Quinotto carottes 8M+ - 2x200g","p":1.93,"u":"4,83 €/KG","img":"https://fd5-photos.leclercdrive.fr/image.ashx?id=2737762&use=l&cat=p&typeid=i","cat":312239},{"id":216014,"n":"Feta bio Bio Village 150g","p":2.49,"u":"16,60 €/KG","img":"https://fd5-photos.leclercdrive.fr/image.ashx?id=2615813&use=l&cat=p&typeid=i","cat":314026},{"id":216017,"n":"Dessert Lacté P'TIT BRASSE BIO  Végétal Coco Kiwi 6M+ - 4X90g","p":2.48,"u":"6,89 €/KG","img":"https://fd5-photos.leclercdrive.fr/image.ashx?id=2601812&use=l&cat=p&typeid=i","cat":312392},{"id":216018,"n":"Desserts Lactés P'TIT BRASSE BIO Vanille  6M+ - 4X90g","p":2.25,"u":"6,25 €/KG","img":"https://fd5-photos.leclercdrive.fr/image.ashx?id=2601208&use=l&cat=p&typeid=i","cat":312392},{"id":216021,"n":"Desserts Lactés P'TIT ONCTUEUX  Mini Fraise 6M+ - 6x50g","p":2.06,"u":"6,87 €/KG","img":"https://fd5-photos.leclercdrive.fr/image.ashx?id=2601881&use=l&cat=p&typeid=i","cat":312392},{"id":216055,"n":"Plateau charcuterie Corse Folacci - 400g","p":14.95,"u":"37,38 €/KG","img":"https://fd5-photos.leclercdrive.fr/image.ashx?id=2604280&use=l&cat=p&typeid=i","cat":316007},{"id":216071,"n":"Beurre Président  Doux - 60% MG - 200g","p":1.53,"u":"7,65 €/KG","img":"https://fd5-photos.leclercdrive.fr/image.ashx?id=2887683&use=l&cat=p&typeid=i","cat":284379},{"id":216093,"n":"Chips Tortilla Doritos Goût barbecue style - 160g","p":1.88,"u":"11,75 €/KG","img":"https://fd5-photos.leclercdrive.fr/image.ashx?id=2880718&use=l&cat=p&typeid=i","cat":287899},{"id":216095,"n":"Chips Tortilla Doritos Goût nacho cheese - 160g","p":1.56,"u":"9,75 €/KG","img":"https://fd5-photos.leclercdrive.fr/image.ashx?id=2990478&use=l&cat=p&typeid=i","cat":287899},{"id":216096,"n":"Chips Tortilla Doritos Goût Nature Sel - 160g","p":1.78,"u":"11,13 €/KG","img":"https://fd5-photos.leclercdrive.fr/image.ashx?id=2880715&use=l&cat=p&typeid=i","cat":287899},{"id":216097,"n":"Chips Tortilla Doritos Goût paprika - 160g","p":1.78,"u":"11,13 €/KG","img":"https://fd5-photos.leclercdrive.fr/image.ashx?id=2890091&use=l&cat=p&typeid=i","cat":287899},{"id":216098,"n":"Chips Tortilla Doritos Goût sweet chili - 160g","p":1.78,"u":"11,13 €/KG","img":"https://fd5-photos.leclercdrive.fr/image.ashx?id=2990475&use=l&cat=p&typeid=i","cat":287899},{"id":216099,"n":"Chips Tortilla Doritos Goût sour cream - 160g","p":1.88,"u":"11,75 €/KG","img":"https://fd5-photos.leclercdrive.fr/image.ashx?id=2890088&use=l&cat=p&typeid=i","cat":287899},{"id":216110,"n":"Compotes Materne Pomme Pêche de vigne - 4x100g","p":1.9,"u":"4,75 €/KG","img":"https://fd5-photos.leclercdrive.fr/image.ashx?id=3003110&use=l&cat=p&typeid=i","cat":284416},{"id":216112,"n":"Yaourt Fruits Panier de Yoplait Fraise Framboise - 4x125g","p":1.79,"u":"3,58 €/KG","img":"https://fd5-photos.leclercdrive.fr/image.ashx?id=2884471&use=l&cat=p&typeid=i","cat":284410},{"id":216113,"n":"Yaourt Fruits Panier de Yoplait Mûre Myrtille - 4x125g","p":1.79,"u":"3,58 €/KG","img":"https://fd5-photos.leclercdrive.fr/image.ashx?id=2884480&use=l&cat=p&typeid=i","cat":284410},{"id":216114,"n":"Yaourt Fruits Panier de Yoplait Abricot Nectarine - 4x125g","p":1.76,"u":"3,52 €/KG","img":"https://fd5-photos.leclercdrive.fr/image.ashx?id=2884474&use=l&cat=p&typeid=i","cat":284410},{"id":216115,"n":"Yaourt Fruits Panier de Yoplait Cerise - 4x125g","p":1.7,"u":"3,70 €/P","img":"https://fd5-photos.leclercdrive.fr/image.ashx?id=2884483&use=l&cat=p&typeid=i","cat":284410},{"id":216121,"n":"Yaourt Fruits Panier de Yoplait Coco Mangue Ananas - 8x125g","p":2.7,"u":"2,70 €/KG","img":"https://fd5-photos.leclercdrive.fr/image.ashx?id=2733742&use=l&cat=p&typeid=i","cat":284410},{"id":216122,"n":"Yaourt Fruits Panier de Yoplait Panaché - 12x125g","p":4.35,"u":"2,90 €/KG","img":"https://fd5-photos.leclercdrive.fr/image.ashx?id=2884486&use=l&cat=p&typeid=i","cat":284410},{"id":216123,"n":"Yaourt Fruits Panier de Yoplait Panaché - 16x125g","p":4.08,"u":"2,04 €/KG","img":"https://fd5-photos.leclercdrive.fr/image.ashx?id=2884489&use=l&cat=p&typeid=i","cat":284410},{"id":216124,"n":"Yaourt Fruits Panier de Yoplait Crémeux Panaché - 16x125g","p":4.23,"u":"2,12 €/KG","img":"https://fd5-photos.leclercdrive.fr/image.ashx?id=2830402&use=l&cat=p&typeid=i","cat":284410},{"id":216126,"n":"Yaourt Panier de Yoplait Fruits Rouges 0%Mg - 8x125g","p":2.69,"u":"2,69 €/KG","img":"https://fd5-photos.leclercdrive.fr/image.ashx?id=2830399&use=l&cat=p&typeid=i","cat":284410},{"id":216127,"n":"Yaourts Panier de Yoplait  0% Panachés - 12x125g","p":4.69,"u":"3,13 €/KG","img":"https://fd5-photos.leclercdrive.fr/image.ashx?id=2884492&use=l&cat=p&typeid=i","cat":284410},{"id":216128,"n":"Yaourt Fruits Panier de Yoplait Panaché 0%Mg - 16x125g","p":3.92,"u":"1,96 €/KG","img":"https://fd5-photos.leclercdrive.fr/image.ashx?id=2884495&use=l&cat=p&typeid=i","cat":284410},{"id":216259,"n":"Coulis de mangue Sainte-Lucie - 110g","p":2.49,"u":"22,64 €/KG","img":"https://fd5-photos.leclercdrive.fr/image.ashx?id=2604608&use=l&cat=p&typeid=i","cat":284504},{"id":216273,"n":"Nettoyant multi-surfaces Pliz Pistolet - 500ml","p":3.39,"u":"6,78 €/L","img":"https://fd5-photos.leclercdrive.fr/image.ashx?id=2604828&use=l&cat=p&typeid=i","cat":325357},{"id":216275,"n":"Gel wc action intense menthe Canard WC - 750ml","p":1.65,"u":"2,20 €/L","img":"https://fd5-photos.leclercdrive.fr/image.ashx?id=2604831&use=l&cat=p&typeid=i","cat":284662},{"id":216276,"n":"Canard Fresh disc eucalyptus 2 recharges","p":5.07,"u":"2,54 €/P","img":"https://fd5-photos.leclercdrive.fr/image.ashx?id=2754827&use=l&cat=p&typeid=i","cat":284662},{"id":216277,"n":"Piège anti mites Raid Mites alimentaires  - x3","p":4.72,"u":"1,57 €/P","img":"https://fd5-photos.leclercdrive.fr/image.ashx?id=2604837&use=l&cat=p&typeid=i","cat":298368},{"id":216278,"n":"Piège mouches sticker fenêtres Pyrel - x6","p":5.58,"u":"0,93 €/P","img":"https://fd5-photos.leclercdrive.fr/image.ashx?id=2604834&use=l&cat=p&typeid=i","cat":298368},{"id":216303,"n":"Riz Méditerranée Ben's original  Express 2mn - 220g","p":1.26,"u":"5,04 €/KG","img":"https://fd5-photos.leclercdrive.fr/image.ashx?id=2995301&use=l&cat=p&typeid=i","cat":287600},{"id":216325,"n":"Gel douche Adidas Active Skin & Mind - Energy Kick - 250ml","p":3.17,"u":"12,68 €/L","img":"https://fd5-photos.leclercdrive.fr/image.ashx?id=2990784&use=l&cat=p&typeid=i","cat":284619},{"id":216350,"n":"Émincés de porc au curry L'Atelier Boucherie - 300g","p":4.59,"u":"15,30 €/KG","img":"https://fd5-photos.leclercdrive.fr/image.ashx?id=2854279&use=l&cat=p&typeid=i","cat":284331},{"id":216351,"n":"Émincés de porc Cacahuète L'Atelier Boucherie - 300g","p":4.59,"u":"15,30 €/KG","img":"https://fd5-photos.leclercdrive.fr/image.ashx?id=2854291&use=l&cat=p&typeid=i","cat":284331},{"id":216352,"n":"Émincés de porc thaï L'Atelier Boucherie - 300g","p":4.59,"u":"15,30 €/KG","img":"https://fd5-photos.leclercdrive.fr/image.ashx?id=2854294&use=l&cat=p&typeid=i","cat":284331},{"id":216353,"n":"Émincés de porc caramel L'Atelier Boucherie - 300g","p":4.59,"u":"15,30 €/KG","img":"https://fd5-photos.leclercdrive.fr/image.ashx?id=2854297&use=l&cat=p&typeid=i","cat":284331},{"id":216381,"n":"Émincés de boeuf Tex-Mex L'Atelier Boucherie - 200g","p":4.79,"u":"23,95 €/KG","img":"https://fd5-photos.leclercdrive.fr/image.ashx?id=2854282&use=l&cat=p&typeid=i","cat":284328},{"id":216383,"n":"Émincés de boeuf chinois L'Atelier Boucherie - 200g","p":4.79,"u":"23,95 €/KG","img":"https://fd5-photos.leclercdrive.fr/image.ashx?id=2854288&use=l&cat=p&typeid=i","cat":284328},{"id":216386,"n":"Riz extra long Taureau Ailé 450g","p":2.78,"u":"6,18 €/KG","img":"https://fd5-photos.leclercdrive.fr/image.ashx?id=2895924&use=l&cat=p&typeid=i","cat":284428},{"id":216389,"n":"Riz extra long Taureau Ailé Blanc - 450g","p":2.55,"u":"5,67 €/KG","img":"https://fd5-photos.leclercdrive.fr/image.ashx?id=2895921&use=l&cat=p&typeid=i","cat":284428},{"id":216392,"n":"Rhum Bacardi Reserva 8 ans 40%vol. - 70cl","p":29.84,"u":"42,63 €/L","img":"https://fd5-photos.leclercdrive.fr/image.ashx?id=2606406&use=l&cat=p&typeid=i","cat":284550},{"id":216395,"n":"Émincés de veau Tomates Herbes L'Atelier Boucherie - 200g","p":4.79,"u":"23,95 €/KG","img":"https://fd5-photos.leclercdrive.fr/image.ashx?id=2854285&use=l&cat=p&typeid=i","cat":284329},{"id":216462,"n":"Spray Prêt à l'emploi St Marc  Acide Citrique - 500ml","p":2.29,"u":"4,58 €/L","img":"https://fd5-photos.leclercdrive.fr/image.ashx?id=2653867&use=l&cat=p&typeid=i","cat":325357},{"id":216463,"n":"Lingettes désinfectantes St  Marc Anti-Bactériennes - x80","p":2.65,"u":"0,03 €/P","img":"https://fd5-photos.leclercdrive.fr/image.ashx?id=2811341&use=l&cat=p&typeid=i","cat":325358},{"id":216464,"n":"Tablette de chocolat Poulain Blanc biscuit - 195g","p":3.72,"u":"19,58 €/KG","img":"https://fd5-photos.leclercdrive.fr/image.ashx?id=2607125&use=l&cat=p&typeid=i","cat":284957},{"id":216465,"n":"Gâteaux P'tit moelleux Savane 135g","p":1.52,"u":"11,26 €/KG","img":"https://fd5-photos.leclercdrive.fr/image.ashx?id=2881458&use=l&cat=p&typeid=i","cat":284495},{"id":216472,"n":"Lait de croissance GUIGOZ 3  liquide dès 1 an - 6x500ml","p":8.27,"u":"2,76 €/L","img":"https://fd5-photos.leclercdrive.fr/image.ashx?id=2606415&use=l&cat=p&typeid=i","cat":284728},{"id":216477,"n":"Spray nasal Prorhinel Jet tonique - Adulte - 100ml","p":6.99,"u":"69,90 €/L","img":"https://fd5-photos.leclercdrive.fr/image.ashx?id=2917864&use=l&cat=p&typeid=i","cat":284630},{"id":216480,"n":"Infusion La Tisanière  Bio fruits rouges  Hibiscus 32g","p":3.01,"u":"94,06 €/KG","img":"https://fd5-photos.leclercdrive.fr/image.ashx?id=2606903&use=l&cat=p&typeid=i","cat":293234},{"id":216505,"n":"Eau de javel concentrée 9.6% Mieuxa - 5L","p":6.65,"u":"1,33 €/L","img":"https://fd5-photos.leclercdrive.fr/image.ashx?id=2607011&use=l&cat=p&typeid=i","cat":300576},{"id":216512,"n":"Bioflam Mieuxa - 1L","p":5.45,"u":"5,45 €/L","img":"https://fd5-photos.leclercdrive.fr/image.ashx?id=2606987&use=l&cat=p&typeid=i","cat":300576},{"id":216519,"n":"Skyr Siggi's  Stracciatella - 2x140g","p":1.96,"u":"7,00 €/KG","img":"https://fd5-photos.leclercdrive.fr/image.ashx?id=2606885&use=l&cat=p&typeid=i","cat":315000},{"id":216520,"n":"Skyr Siggi's  Noix de Coco - 2x140g","p":2.39,"u":"8,54 €/KG","img":"https://fd5-photos.leclercdrive.fr/image.ashx?id=2938623&use=l&cat=p&typeid=i","cat":315000},{"id":216521,"n":"Yaourt à la grecque YAOS  Nature - 850g","p":2.93,"u":"3,45 €/KG","img":"https://fd5-photos.leclercdrive.fr/image.ashx?id=2729776&use=l&cat=p&typeid=i","cat":314999},{"id":216525,"n":"Nesquik Chocoballs 4x120g","p":2.12,"u":"4,42 €/KG","img":"https://fd5-photos.leclercdrive.fr/image.ashx?id=2606876&use=l&cat=p&typeid=i","cat":284414},{"id":216546,"n":"Chocolats Chesterfield Hamlet 250g","p":9.99,"u":"39,96 €/KG","img":"https://fd5-photos.leclercdrive.fr/image.ashx?id=2978895&use=l&cat=p&typeid=i","cat":327595},{"id":216596,"n":"Pâte à tartiner Andros be nuts Cacahuète croquant - 325g","p":3.28,"u":"10,09 €/KG","img":"https://fd5-photos.leclercdrive.fr/image.ashx?id=2906484&use=l&cat=p&typeid=i","cat":284481},{"id":216597,"n":"Pâte à tartiner Andros be nuts Cacahuète crémeux - 325g","p":2.94,"u":"9,05 €/KG","img":"https://fd5-photos.leclercdrive.fr/image.ashx?id=2916201&use=l&cat=p&typeid=i","cat":284481},{"id":216629,"n":"Soda Twist Pik Haribo Sachet bonbons acidulés - 190g","p":1.95,"u":"10,26 €/KG","img":"https://fd5-photos.leclercdrive.fr/image.ashx?id=2984958&use=l&cat=p&typeid=i","cat":304250},{"id":216634,"n":"Infusion La Tisanière  Bio citron","p":3.05,"u":"101,67 €/KG","img":"https://fd5-photos.leclercdrive.fr/image.ashx?id=2608605&use=l&cat=p&typeid=i","cat":293234},{"id":216746,"n":"Sauce tomate Gusti Amo Bio ricotta - 350g","p":2.63,"u":"7,51 €/KG","img":"https://fd5-photos.leclercdrive.fr/image.ashx?id=2608869&use=l&cat=p&typeid=i","cat":288384},{"id":216749,"n":"Sauce pesto Gusti Amo Bio Pesto verde - 130g","p":2.55,"u":"19,62 €/KG","img":"https://fd5-photos.leclercdrive.fr/image.ashx?id=2608875&use=l&cat=p&typeid=i","cat":299047},{"id":216772,"n":"Desserts Lactés P'TIT ONCTUEUX Pomme 6M+ - 4x90g","p":2.27,"u":"6,31 €/KG","img":"https://fd5-photos.leclercdrive.fr/image.ashx?id=2737765&use=l&cat=p&typeid=i","cat":312392},{"id":216810,"n":"Plat à four 35x22cm - x1","p":4.88,"img":"https://fd5-photos.leclercdrive.fr/image.ashx?id=2611669&use=l&cat=p&typeid=i","cat":298490},{"id":216999,"n":"Pétales céréales Grainea Nature - 750g","p":2.99,"u":"3,99 €/KG","img":"https://fd5-photos.leclercdrive.fr/image.ashx?id=2927869&use=l&cat=p&typeid=i","cat":309512},{"id":217003,"n":"Céréales coco pops Kellogg's Au chocolat - 550g","p":3.54,"u":"6,44 €/KG","img":"https://fd5-photos.leclercdrive.fr/image.ashx?id=2611080&use=l&cat=p&typeid=i","cat":309513},{"id":217015,"n":"AOP Pouilly fumé Domaine du Petit Soumard - 75cl","p":14.9,"u":"19,87 €/L","img":"https://fd5-photos.leclercdrive.fr/image.ashx?id=2897916&use=l&cat=p&typeid=i","cat":289557},{"id":217042,"n":"Bitter Amaro Voltano Saveur orange 25% vol - 70cl","p":13.99,"u":"19,99 €/L","img":"https://fd5-photos.leclercdrive.fr/image.ashx?id=2613738&use=l&cat=p&typeid=i","cat":284913},{"id":217068,"n":"Panettone Motta Caramel beurre salé - 750g","p":16.69,"u":"22,25 €/KG","img":"https://fd5-photos.leclercdrive.fr/image.ashx?id=2679278&use=l&cat=p&typeid=i","cat":327607},{"id":217145,"n":"Rhum Don Papa Baroko  40% vol. - 70cl","p":36.9,"u":"52,71 €/L","img":"https://fd5-photos.leclercdrive.fr/image.ashx?id=2654017&use=l&cat=p&typeid=i","cat":284550},{"id":217184,"n":"Culotte menstruelle Nana Noir - Taille M","p":13.04,"u":"26,08 €/L","img":"https://fd5-photos.leclercdrive.fr/image.ashx?id=2986894&use=l&cat=p&typeid=i","cat":284624},{"id":217189,"n":"Gel visage L'Oréal Men Expert Hydratant Désaltérant - 50ml","p":7.56,"u":"151,20 €/L","img":"https://fd5-photos.leclercdrive.fr/image.ashx?id=2830567&use=l&cat=p&typeid=i","cat":284622},{"id":217256,"n":"Champignons de Paris blancs Panier du Primeur - 400g","p":2.39,"u":"5,98 €/KG","img":"https://fd5-photos.leclercdrive.fr/image.ashx?id=2610765&use=l&cat=p&typeid=i","cat":284352},{"id":217365,"n":"Capepelletti Colomba A la viande - 450g","p":6.49,"u":"14,42 €/KG","img":"https://fd5-photos.leclercdrive.fr/image.ashx?id=2058900&use=l&cat=p&typeid=i","cat":333682},{"id":217368,"n":"Tagliatelles Colomba 380g","p":5.04,"u":"13,26 €/KG","img":"https://fd5-photos.leclercdrive.fr/image.ashx?id=2059029&use=l&cat=p&typeid=i","cat":333682},{"id":217369,"n":"Spaghetti Colomba 380g","p":5.73,"u":"15,08 €/KG","img":"https://fd5-photos.leclercdrive.fr/image.ashx?id=1241566&use=l&cat=p&typeid=i","cat":333682},{"id":217370,"n":"Gnocchi Colomba 420g","p":4.32,"u":"10,29 €/KG","img":"https://fd5-photos.leclercdrive.fr/image.ashx?id=2058897&use=l&cat=p&typeid=i","cat":333682},{"id":217394,"n":"Effiloché en gelée Marvo Poulet - 80g","p":0.96,"u":"0,01 €/P","img":"https://fd5-photos.leclercdrive.fr/image.ashx?id=2616452&use=l&cat=p&typeid=i","cat":285286},{"id":217403,"n":"Baume B5+ La Roche-Posay Cicaplast - 40ml","p":6.98,"u":"174,50 €/L","img":"https://fd5-photos.leclercdrive.fr/image.ashx?id=2846006&use=l&cat=p&typeid=i","cat":290421},{"id":217405,"n":"Pansements ampoules Compeed Talon - Sport - x5","p":7.79,"u":"1,56 €/P","img":"https://fd5-photos.leclercdrive.fr/image.ashx?id=2612679&use=l&cat=p&typeid=i","cat":291163},{"id":217406,"n":"Pansements ampoules Compeed Moyen format - x10","p":10.96,"u":"1,10 €/P","img":"https://fd5-photos.leclercdrive.fr/image.ashx?id=2612706&use=l&cat=p&typeid=i","cat":291163},{"id":217421,"n":"Soin Effaclar La Roche-Posay Duo + - 40ml","p":13.0,"u":"325,00 €/L","img":"https://fd5-photos.leclercdrive.fr/image.ashx?id=2613486&use=l&cat=p&typeid=i","cat":291166},{"id":217457,"n":"Patchs invisibles Compeed Bouton de fièvre - x15","p":8.5,"u":"0,57 €/P","img":"https://fd5-photos.leclercdrive.fr/image.ashx?id=2613582&use=l&cat=p&typeid=i","cat":291172},{"id":217468,"n":"Complément alimentaire Supraflor - x30","p":13.39,"u":"0,45 €/P","img":"https://fd5-photos.leclercdrive.fr/image.ashx?id=2613510&use=l&cat=p&typeid=i","cat":301268},{"id":217470,"n":"Parmentier de canard confit Fleury Michon - 300g","p":4.12,"u":"13,73 €/KG","img":"https://fd5-photos.leclercdrive.fr/image.ashx?id=3003257&use=l&cat=p&typeid=i","cat":333665},{"id":217537,"n":"Raclette Gratte Givre Tech9 Orange - 1 pièce","p":2.55,"img":"https://fd5-photos.leclercdrive.fr/image.ashx?id=2613212&use=l&cat=p&typeid=i","cat":298252},{"id":217538,"n":"Raclette Gratte Givre Tech9 Bleu - 1 pièce","p":2.55,"img":"https://fd5-photos.leclercdrive.fr/image.ashx?id=2613215&use=l&cat=p&typeid=i","cat":298252},{"id":217570,"n":"Complément alimentaire Chondrostéo+ - x180 - 2 mois","p":18.49,"u":"120,06 €/KG","img":"https://fd5-photos.leclercdrive.fr/image.ashx?id=2613561&use=l&cat=p&typeid=i","cat":301268},{"id":217572,"n":"Complément alimentaire Chondrostéo+ - 3x90","p":25.99,"u":"0,10 €/P","img":"https://fd5-photos.leclercdrive.fr/image.ashx?id=3002114&use=l&cat=p&typeid=i","cat":301268},{"id":217575,"n":"Spray Arkorelax Sommeil flash - 20ml","p":7.99,"u":"399,50 €/L","img":"https://fd5-photos.leclercdrive.fr/image.ashx?id=2614170&use=l&cat=p&typeid=i","cat":301265},{"id":217584,"n":"Complément alimentaire Arkorelax - Moral+ - x60","p":20.99,"u":"0,35 €/P","img":"https://fd5-photos.leclercdrive.fr/image.ashx?id=2614185&use=l&cat=p&typeid=i","cat":301268},{"id":217610,"n":"Café en grain  Bio Village Bio Pur arabica - 500g","p":8.39,"u":"16,78 €/KG","img":"https://fd5-photos.leclercdrive.fr/image.ashx?id=2615376&use=l&cat=p&typeid=i","cat":293237},{"id":217611,"n":"Chataigne Bio Village Bio - 195g","p":3.71,"u":"19,03 €/KG","img":"https://fd5-photos.leclercdrive.fr/image.ashx?id=2613747&use=l&cat=p&typeid=i","cat":312612},{"id":217612,"n":"Café en grain Plantation Pur arabica - 1kg","p":13.06,"u":"13,06 €/KG","img":"https://fd5-photos.leclercdrive.fr/image.ashx?id=2824307&use=l&cat=p&typeid=i","cat":293237},{"id":217613,"n":"Café en grain Plantation Ethiopie - 500g","p":7.99,"u":"15,98 €/KG","img":"https://fd5-photos.leclercdrive.fr/image.ashx?id=2824310&use=l&cat=p&typeid=i","cat":293237},{"id":217614,"n":"Chips  Bugles 3D Lay's Format familiale - 150g","p":1.35,"u":"9,00 €/KG","img":"https://fd5-photos.leclercdrive.fr/image.ashx?id=2917420&use=l&cat=p&typeid=i","cat":284449},{"id":217706,"n":"Brossettes Oral-B Pro Sensitive","p":64.21,"img":"https://fd5-photos.leclercdrive.fr/image.ashx?id=2615191&use=l&cat=p&typeid=i","cat":297133},{"id":217719,"n":"Déodorant spray Dove  Advanced Care - 2x100ml","p":5.56,"u":"27,80 €/L","img":"https://fd5-photos.leclercdrive.fr/image.ashx?id=2903872&use=l&cat=p&typeid=i","cat":284595},{"id":217721,"n":"Déodorant spray Dove Invisible Dry - 2x100ml","p":5.56,"u":"27,80 €/L","img":"https://fd5-photos.leclercdrive.fr/image.ashx?id=2903875&use=l&cat=p&typeid=i","cat":284595},{"id":217907,"n":"Mix croquant Tramier Natura 175g","p":4.24,"u":"24,23 €/KG","img":"https://fd5-photos.leclercdrive.fr/image.ashx?id=2985624&use=l&cat=p&typeid=i","cat":284357},{"id":217917,"n":"IGP Nids d'Alsace 500g","p":2.69,"u":"5,38 €/KG","img":"https://fd5-photos.leclercdrive.fr/image.ashx?id=2856624&use=l&cat=p&typeid=i","cat":284427},{"id":217920,"n":"Spaguetti  Nos Régions ont du talent 500g","p":1.99,"u":"3,98 €/KG","img":"https://fd5-photos.leclercdrive.fr/image.ashx?id=2856621&use=l&cat=p&typeid=i","cat":284427},{"id":217934,"n":"Gel douche Adidas Active Skin & Mind - Cool Down - 250ml","p":2.63,"u":"10,52 €/L","img":"https://fd5-photos.leclercdrive.fr/image.ashx?id=2990775&use=l&cat=p&typeid=i","cat":284619},{"id":217935,"n":"Désodorisant diffuseur Airwick  Active Fresh Coton - 75ml","p":4.13,"u":"55,07 €/L","img":"https://fd5-photos.leclercdrive.fr/image.ashx?id=2616186&use=l&cat=p&typeid=i","cat":311629},{"id":217936,"n":"Désodorisant diffuseur Airwick  Active Fresh Magnolia - 75ml","p":3.51,"u":"46,80 €/L","img":"https://fd5-photos.leclercdrive.fr/image.ashx?id=2616435&use=l&cat=p&typeid=i","cat":311629},{"id":217946,"n":"Détachant textile Texil Multi-usage - 500g","p":2.8,"u":"5,60 €/KG","img":"https://fd5-photos.leclercdrive.fr/image.ashx?id=2988132&use=l&cat=p&typeid=i","cat":284651},{"id":217961,"n":"Brossettes Oral-B Pro Precision clean - x2","p":10.12,"u":"5,06 €/P","img":"https://fd5-photos.leclercdrive.fr/image.ashx?id=2957692&use=l&cat=p&typeid=i","cat":297133},{"id":217973,"n":"Culottes Huggies® Extra Care® Taille 4 x26 (9-14 kg)","p":11.05,"u":"0,43 €/P","img":"https://fd5-photos.leclercdrive.fr/image.ashx?id=2831405&use=l&cat=p&typeid=i","cat":290633},{"id":217982,"n":"Dentifrice Integral 8 Signal Complet Effet Prébiotique 75ml","p":2.35,"u":"31,33 €/L","img":"https://fd5-photos.leclercdrive.fr/image.ashx?id=2974665&use=l&cat=p&typeid=i","cat":284612},{"id":217987,"n":"Dentifrice Signal Integral 8 Prébiotique complet - 100ml","p":3.86,"u":"38,60 €/L","img":"https://fd5-photos.leclercdrive.fr/image.ashx?id=2738668&use=l&cat=p&typeid=i","cat":284612},{"id":217989,"n":"Dentifrice Integral 8 Signal HaleineFraîche Prébiotique 75ml","p":2.2,"u":"29,33 €/L","img":"https://fd5-photos.leclercdrive.fr/image.ashx?id=2985660&use=l&cat=p&typeid=i","cat":284612},{"id":217991,"n":"Dentifrice Signal Integral 8 Nettoyage intense - 75ml","p":2.4,"u":"32,00 €/L","img":"https://fd5-photos.leclercdrive.fr/image.ashx?id=2818190&use=l&cat=p&typeid=i","cat":284612},{"id":217993,"n":"Dentifrice Integral 8 Signal Blancheur Prébiotique 75ml","p":1.96,"u":"26,13 €/L","img":"https://fd5-photos.leclercdrive.fr/image.ashx?id=2974668&use=l&cat=p&typeid=i","cat":284612},{"id":217995,"n":"Dentifrice Signal Integral 8 Resist +Prébiotique - 75ml","p":2.48,"u":"33,07 €/L","img":"https://fd5-photos.leclercdrive.fr/image.ashx?id=2818199&use=l&cat=p&typeid=i","cat":284612},{"id":218000,"n":"Dentifrice Signal Système Blancheur 1 semaine - 75ml","p":1.78,"u":"23,73 €/L","img":"https://fd5-photos.leclercdrive.fr/image.ashx?id=2777516&use=l&cat=p&typeid=i","cat":284612},{"id":218001,"n":"Dentifrice Signal Système Blancheur - Charbon - 75ml","p":2.29,"u":"30,53 €/L","img":"https://fd5-photos.leclercdrive.fr/image.ashx?id=2981421&use=l&cat=p&typeid=i","cat":284612},{"id":218002,"n":"Dentifrice Signal Système Blancheur Eclat brillance 75ml","p":2.16,"u":"28,80 €/L","img":"https://fd5-photos.leclercdrive.fr/image.ashx?id=2981424&use=l&cat=p&typeid=i","cat":284612},{"id":218003,"n":"Brosse à dents Signal Integral  8 - Noir - Souple - x1","p":2.18,"img":"https://fd5-photos.leclercdrive.fr/image.ashx?id=2748707&use=l&cat=p&typeid=i","cat":284614},{"id":218033,"n":"Menu complet Hamster 800g","p":1.88,"u":"2,35 €/KG","img":"https://fd5-photos.leclercdrive.fr/image.ashx?id=2646809&use=l&cat=p&typeid=i","cat":284677},{"id":218042,"n":"Saumon naturel Pêche Océan ASC 112g","p":3.1,"u":"27,68 €/KG","img":"https://fd5-photos.leclercdrive.fr/image.ashx?id=2615937&use=l&cat=p&typeid=i","cat":305147},{"id":218055,"n":"Soupe vietnamienne Maggi 40g","p":1.48,"u":"37,00 €/KG","img":"https://fd5-photos.leclercdrive.fr/image.ashx?id=2838078&use=l&cat=p&typeid=i","cat":288992},{"id":218059,"n":"Coquillettes d'Alsace IGP Nos Régions ont du talent -500g","p":2.49,"u":"4,98 €/KG","img":"https://fd5-photos.leclercdrive.fr/image.ashx?id=2856627&use=l&cat=p&typeid=i","cat":284427},{"id":218100,"n":"Lait bébé 1A NIDAL 1  dès la Naissance - 2x600g","p":15.29,"u":"12,74 €/KG","img":"https://fd5-photos.leclercdrive.fr/image.ashx?id=2855783&use=l&cat=p&typeid=i","cat":284726},{"id":218178,"n":"Nuggets de dinde Côté Croc 1kg","p":5.99,"img":"https://fd5-photos.leclercdrive.fr/image.ashx?id=2837072&use=l&cat=p&typeid=i","cat":333684},{"id":218197,"n":"Foie gras de canard Larnaudie Selection - Entier - 120g","p":11.99,"u":"99,92 €/KG","img":"https://fd5-photos.leclercdrive.fr/image.ashx?id=2620089&use=l&cat=p&typeid=i","cat":305148},{"id":218198,"n":"Foie gras canard Larnaudie Entier - Ma création - 120g","p":11.99,"u":"99,92 €/KG","img":"https://fd5-photos.leclercdrive.fr/image.ashx?id=2617825&use=l&cat=p&typeid=i","cat":305148},{"id":218199,"n":"Foie gras de canard Larnaudie Entier - 70 ans - 120g","p":11.99,"u":"99,92 €/KG","img":"https://fd5-photos.leclercdrive.fr/image.ashx?id=2620092&use=l&cat=p&typeid=i","cat":305148},{"id":218200,"n":"Foie gras canard Larnaudie Français comme jamais - 120g","p":11.99,"u":"99,92 €/KG","img":"https://fd5-photos.leclercdrive.fr/image.ashx?id=2620095&use=l&cat=p&typeid=i","cat":305148},{"id":218204,"n":"Foie gras de canard Larnaudie Entier France emblematique 120g","p":11.99,"u":"99,92 €/KG","img":"https://fd5-photos.leclercdrive.fr/image.ashx?id=2617828&use=l&cat=p&typeid=i","cat":305148},{"id":218226,"n":"Assaisonnement Viandox Knorr 665ml","p":5.03,"u":"7,56 €/L","img":"https://fd5-photos.leclercdrive.fr/image.ashx?id=2729935&use=l&cat=p&typeid=i","cat":288383},{"id":218231,"n":"Bonbons Krema Fruits rouges - 240g","p":2.07,"u":"8,63 €/KG","img":"https://fd5-photos.leclercdrive.fr/image.ashx?id=2618047&use=l&cat=p&typeid=i","cat":304250},{"id":218251,"n":"Bonbons Dooo & Fizz Lutti 450g","p":5.35,"u":"11,89 €/KG","img":"https://fd5-photos.leclercdrive.fr/image.ashx?id=2964459&use=l&cat=p&typeid=i","cat":304250},{"id":218304,"n":"Cordon bleu de dinde Côté Croc 1kg","p":5.99,"u":"5,99 €/KG","img":"https://fd5-photos.leclercdrive.fr/image.ashx?id=2617319&use=l&cat=p&typeid=i","cat":333683},{"id":218305,"n":"Saucisses de Montbéliard IGP NRT - 500g","p":5.99,"u":"11,98 €/KG","img":"https://fd5-photos.leclercdrive.fr/image.ashx?id=2991509&use=l&cat=p&typeid=i","cat":316012},{"id":218311,"n":"Pain de mie Epi d'Or Cérales & Graines - 580g","p":2.54,"u":"4,38 €/KG","img":"https://fd5-photos.leclercdrive.fr/image.ashx?id=2728270&use=l&cat=p&typeid=i","cat":284477},{"id":218316,"n":"Infusion La Tisanière  verveine menthe - 24g","p":2.85,"u":"118,75 €/KG","img":"https://fd5-photos.leclercdrive.fr/image.ashx?id=2881293&use=l&cat=p&typeid=i","cat":293234},{"id":218330,"n":"Mini croque-monsieur Côté Table Truffe x12 - 100g","p":4.99,"u":"49,90 €/KG","img":"https://fd5-photos.leclercdrive.fr/image.ashx?id=2617383&use=l&cat=p&typeid=i","cat":319774},{"id":218333,"n":"Yakitori poulet Ajinomoto Sauce Teriaki - 200g","p":4.91,"u":"24,55 €/KG","img":"https://fd5-photos.leclercdrive.fr/image.ashx?id=2692596&use=l&cat=p&typeid=i","cat":319774},{"id":218336,"n":"Bûche glacée Erhard Marron vanille - 420g","p":9.97,"pp":6.98,"u":"16,62 €/KG","img":"https://fd5-photos.leclercdrive.fr/image.ashx?id=2631135&use=l&cat=p&typeid=i","cat":284266},{"id":218414,"n":"Foie gras Maison Montfort De canard - 160g","p":12.95,"u":"80,94 €/KG","img":"https://fd5-photos.leclercdrive.fr/image.ashx?id=2887626&use=l&cat=p&typeid=i","cat":305148},{"id":218415,"n":"Foie gras Maison Montfort Sauternes - 160g","p":12.95,"u":"80,94 €/KG","img":"https://fd5-photos.leclercdrive.fr/image.ashx?id=2887629&use=l&cat=p&typeid=i","cat":305148},{"id":218417,"n":"Foie gras Maison Montfort De canard - 160g","p":12.95,"u":"80,94 €/KG","img":"https://fd5-photos.leclercdrive.fr/image.ashx?id=2887632&use=l&cat=p&typeid=i","cat":305148},{"id":218418,"n":"Foie gras Maison Montfort De canard sale & poivre  - 160g","p":12.95,"u":"80,94 €/KG","img":"https://fd5-photos.leclercdrive.fr/image.ashx?id=2887635&use=l&cat=p&typeid=i","cat":305148},{"id":218424,"n":"Milky fromage enfant à tartiner Les Croisés 8 portions - 144g","p":1.76,"u":"12,22 €/KG","img":"https://fd5-photos.leclercdrive.fr/image.ashx?id=2791908&use=l&cat=p&typeid=i","cat":314030},{"id":218435,"n":"Tiramisu Saporit  500g","p":6.19,"u":"12,38 €/KG","img":"https://fd5-photos.leclercdrive.fr/image.ashx?id=2619157&use=l&cat=p&typeid=i","cat":284266},{"id":218454,"n":"Velouté La Potagère Butternut & Lentilles Corail - 75cl","p":2.14,"u":"2,85 €/L","img":"https://fd5-photos.leclercdrive.fr/image.ashx?id=2973036&use=l&cat=p&typeid=i","cat":284462},{"id":218457,"n":"Velouté La Potagère Tomates & Lentilles corail - 75cl","p":1.78,"u":"2,37 €/L","img":"https://fd5-photos.leclercdrive.fr/image.ashx?id=2973039&use=l&cat=p&typeid=i","cat":284462},{"id":218467,"n":"Onglet de boeuf Charal 140g","p":5.84,"u":"41,71 €/KG","img":"https://fd5-photos.leclercdrive.fr/image.ashx?id=2618918&use=l&cat=p&typeid=i","cat":284328},{"id":218472,"n":"Compote Fruit Intense Materne Pomme myrtille sauvage - 400g","p":1.9,"u":"4,75 €/KG","img":"https://fd5-photos.leclercdrive.fr/image.ashx?id=3003113&use=l&cat=p&typeid=i","cat":284416},{"id":218475,"n":"Compote Fruit Intense Materne Pomme cerise noire - 400g","p":1.88,"u":"4,70 €/KG","img":"https://fd5-photos.leclercdrive.fr/image.ashx?id=3003116&use=l&cat=p&typeid=i","cat":284416},{"id":218492,"n":"Brisures de saumon fumé Eco+ 150g","p":3.06,"u":"20,40 €/KG","img":"https://fd5-photos.leclercdrive.fr/image.ashx?id=3005528&use=l&cat=p&typeid=i","cat":285188},{"id":218494,"n":"Panés aux poissons Eco+ 200g","p":1.55,"u":"7,75 €/KG","img":"https://fd5-photos.leclercdrive.fr/image.ashx?id=2618706&use=l&cat=p&typeid=i","cat":284344},{"id":218505,"n":"Bouchées vapeur Tables du Monde 320g","p":4.99,"u":"15,59 €/KG","img":"https://fd5-photos.leclercdrive.fr/image.ashx?id=2618381&use=l&cat=p&typeid=i","cat":316003},{"id":218560,"n":"Tortillas Old El Paso de blé  nature familial x12 - 489g","p":3.1,"u":"0,26 €/P","img":"https://fd5-photos.leclercdrive.fr/image.ashx?id=2737669&use=l&cat=p&typeid=i","cat":288993},{"id":218563,"n":"Sauce Tomates Cuisinées Panzani - 650G","p":2.23,"u":"3,43 €/KG","img":"https://fd5-photos.leclercdrive.fr/image.ashx?id=2977936&use=l&cat=p&typeid=i","cat":287599},{"id":218572,"n":"Sauce Pesto Barilla Basilic et citron - 190g","p":2.5,"u":"13,16 €/KG","img":"https://fd5-photos.leclercdrive.fr/image.ashx?id=2620758&use=l&cat=p&typeid=i","cat":287599},{"id":218582,"n":"Biscuits Tentation Delacre Chocolat Boîte - 150g","p":2.77,"u":"18,47 €/KG","img":"https://fd5-photos.leclercdrive.fr/image.ashx?id=2673142&use=l&cat=p&typeid=i","cat":284490},{"id":218584,"n":"Curry madras 45G - DUCROS","p":2.01,"u":"44,67 €/KG","img":"https://fd5-photos.leclercdrive.fr/image.ashx?id=2620131&use=l&cat=p&typeid=i","cat":298297},{"id":218586,"n":"Curry korma 42G- DUCROS","p":2.1,"u":"50,00 €/KG","img":"https://fd5-photos.leclercdrive.fr/image.ashx?id=2620134&use=l&cat=p&typeid=i","cat":298297},{"id":218587,"n":"Curry tandoori 37G - DUCROS","p":2.55,"u":"68,92 €/KG","img":"https://fd5-photos.leclercdrive.fr/image.ashx?id=2620137&use=l&cat=p&typeid=i","cat":298297},{"id":218589,"n":"Colorants alimentaires 20G 2x10G - VAHINE","p":3.86,"u":"193,00 €/KG","img":"https://fd5-photos.leclercdrive.fr/image.ashx?id=2983237&use=l&cat=p&typeid=i","cat":284504},{"id":218599,"n":"Lait bébé 2A GUIGOZ OPTIPRO  6-12M - 2x600g","p":17.32,"u":"14,43 €/KG","img":"https://fd5-photos.leclercdrive.fr/image.ashx?id=2737756&use=l&cat=p&typeid=i","cat":284727},{"id":218670,"n":"Mini roulés feuilletés  Côté Table x36 - 432g","p":5.28,"u":"12,22 €/KG","img":"https://fd5-photos.leclercdrive.fr/image.ashx?id=2619856&use=l&cat=p&typeid=i","cat":319774},{"id":218800,"n":"Croquettes chat Perfect Fit  Stérilisé Anti Hairball - 1,4kg","p":6.53,"u":"4,66 €/KG","img":"https://fd5-photos.leclercdrive.fr/image.ashx?id=2622756&use=l&cat=p&typeid=i","cat":284680},{"id":218803,"n":"Croquettes chat sénior Perfect  Fit 11+ au poulet - 1,4kg","p":6.72,"u":"4,80 €/KG","img":"https://fd5-photos.leclercdrive.fr/image.ashx?id=2871076&use=l&cat=p&typeid=i","cat":284680},{"id":218804,"n":"Croquettes chat Perfect Fit Boeuf Stérilisés Adulte 1.4kg","p":6.13,"u":"4,38 €/KG","img":"https://fd5-photos.leclercdrive.fr/image.ashx?id=2622792&use=l&cat=p&typeid=i","cat":284680},{"id":218807,"n":"Croquettes chat Perfect Fit Poulet stérilisés - 1.4kg","p":6.72,"u":"4,80 €/KG","img":"https://fd5-photos.leclercdrive.fr/image.ashx?id=2622795&use=l&cat=p&typeid=i","cat":284680},{"id":218819,"n":"Croquettes chat sénior Perfect  Fit 7+ au poulet - 1,4kg","p":5.95,"u":"4,25 €/KG","img":"https://fd5-photos.leclercdrive.fr/image.ashx?id=2624332&use=l&cat=p&typeid=i","cat":284680},{"id":218829,"n":"Skyr Bio Les 2 vaches Nature 0%mg - 825g","p":4.74,"u":"5,75 €/KG","img":"https://fd5-photos.leclercdrive.fr/image.ashx?id=2624305&use=l&cat=p&typeid=i","cat":315000},{"id":218865,"n":"Gel Douche Le Petit Marseillais Pour homme Pin maritime 3x250ml","p":4.35,"u":"5,80 €/L","img":"https://fd5-photos.leclercdrive.fr/image.ashx?id=2625211&use=l&cat=p&typeid=i","cat":284619},{"id":218931,"n":"Foie gras de canard entier  Piment Maison Montfort 180g","p":18.0,"u":"100,00 €/KG","img":"https://fd5-photos.leclercdrive.fr/image.ashx?id=2893399&use=l&cat=p&typeid=i","cat":305148},{"id":219039,"n":"Pétales de céréales Grainea Chocolat noir - 550g","p":2.73,"u":"4,96 €/KG","img":"https://fd5-photos.leclercdrive.fr/image.ashx?id=2917672&use=l&cat=p&typeid=i","cat":309512},{"id":219041,"n":"Pétales de céréales Grainea Chocolat au lait - 550g","p":2.58,"u":"4,69 €/KG","img":"https://fd5-photos.leclercdrive.fr/image.ashx?id=2917669&use=l&cat=p&typeid=i","cat":309512},{"id":219069,"n":"Sauce Pesto Barilla Alla Calabrese - 190g","p":2.27,"u":"11,95 €/KG","img":"https://fd5-photos.leclercdrive.fr/image.ashx?id=2624751&use=l&cat=p&typeid=i","cat":287599},{"id":219070,"n":"Poivre saveur & épices 40g","p":2.77,"u":"69,25 €/KG","img":"https://fd5-photos.leclercdrive.fr/image.ashx?id=2624592&use=l&cat=p&typeid=i","cat":284457},{"id":219125,"n":"Liquide vaisselle Uni Vert Ecologique - Rose - 500ml","p":1.25,"u":"2,50 €/L","img":"https://fd5-photos.leclercdrive.fr/image.ashx?id=2999520&use=l&cat=p&typeid=i","cat":284655},{"id":219142,"n":"Lessive liquide Chanteclair Musc Blanc - 1800ml","p":7.77,"u":"4,32 €/L","img":"https://fd5-photos.leclercdrive.fr/image.ashx?id=2997298&use=l&cat=p&typeid=i","cat":284640},{"id":219283,"n":"Granola extra cookie Chocolat - 6x184g","p":10.5,"pp":7.35,"u":"6,66 €/KG","img":"https://fd5-photos.leclercdrive.fr/image.ashx?id=2629719&use=l&cat=p&typeid=i","cat":284488},{"id":219427,"n":"Fine crêpe Kambly 98g","p":2.04,"u":"20,82 €/KG","img":"https://fd5-photos.leclercdrive.fr/image.ashx?id=2629710&use=l&cat=p&typeid=i","cat":284487},{"id":219601,"n":"Petits pains grillés Pasquier Blé complet - 225g","p":1.97,"u":"8,76 €/KG","img":"https://fd5-photos.leclercdrive.fr/image.ashx?id=2834452&use=l&cat=p&typeid=i","cat":284479},{"id":219602,"n":"Petits pains grillés Pasquier Froment - 225g","p":1.56,"u":"6,93 €/KG","img":"https://fd5-photos.leclercdrive.fr/image.ashx?id=2834455&use=l&cat=p&typeid=i","cat":284479},{"id":219689,"n":"Farine de châtaigne Corse Blanwalhin - 1kg","p":29.19,"u":"29,19 €/KG","img":"https://fd5-photos.leclercdrive.fr/image.ashx?id=2626883&use=l&cat=p&typeid=i","cat":284503},{"id":219690,"n":"Haricot  Soissons  700grs","p":10.25,"u":"14,64 €/KG","img":"https://fd5-photos.leclercdrive.fr/image.ashx?id=2626886&use=l&cat=p&typeid=i","cat":284352},{"id":219692,"n":"Cake aux Pommes  Fait maison","p":6.99,"img":"https://fd5-photos.leclercdrive.fr/image.ashx?id=2626892&use=l&cat=p&typeid=i","cat":284360},{"id":219693,"n":"Lentilles Saucisses  Fait Maison - 450g","p":6.9,"u":"15,33 €/KG","img":"https://fd5-photos.leclercdrive.fr/image.ashx?id=2626901&use=l&cat=p&typeid=i","cat":333665},{"id":219694,"n":"Endives Jambon   Fait Maison - 450g","p":6.9,"u":"15,33 €/KG","img":"https://fd5-photos.leclercdrive.fr/image.ashx?id=2626895&use=l&cat=p&typeid=i","cat":304458},{"id":219695,"n":"Poulet Tandoori Riz Fait Maison - 450g","p":6.9,"u":"15,33 €/KG","img":"https://fd5-photos.leclercdrive.fr/image.ashx?id=2626898&use=l&cat=p&typeid=i","cat":333665},{"id":219720,"n":"Oeufs de truite Ronde des Mers 80g","p":4.69,"u":"58,63 €/KG","img":"https://fd5-photos.leclercdrive.fr/image.ashx?id=2653092&use=l&cat=p&typeid=i","cat":285191},{"id":219770,"n":"Châtaignes sèches Corse Blanwalhin  - 1kg","p":29.19,"u":"29,19 €/KG","img":"https://fd5-photos.leclercdrive.fr/image.ashx?id=2637601&use=l&cat=p&typeid=i","cat":284357},{"id":219786,"n":"Pruneaux d'Agen IGP Nos Régions ont du Talent 375g","p":2.99,"u":"7,97 €/KG","img":"https://fd5-photos.leclercdrive.fr/image.ashx?id=2627398&use=l&cat=p&typeid=i","cat":284357},{"id":219861,"n":"Bûche roulée crème pâtissière Vanille - 6 parts","p":10.95,"img":"https://fd5-photos.leclercdrive.fr/image.ashx?id=1544289&use=l&cat=p&typeid=i","cat":284360},{"id":219862,"n":"Bûche roulée crème pâtissière Chocolat - 6 parts","p":10.95,"u":"1,83 €/PRT","img":"https://fd5-photos.leclercdrive.fr/image.ashx?id=1271683&use=l&cat=p&typeid=i","cat":284360},{"id":219863,"n":"Buche roulée crème pâtissière Praliné - 6 parts","p":10.95,"u":"1,83 €/PRT","img":"https://fd5-photos.leclercdrive.fr/image.ashx?id=1271683&use=l&cat=p&typeid=i","cat":284360},{"id":219864,"n":"Bûche Fraisier 6/8 Parts","p":18.95,"img":"https://fd5-photos.leclercdrive.fr/image.ashx?id=1539229&use=l&cat=p&typeid=i","cat":284360},{"id":219865,"n":"Bûche fruité  6/8 parts","p":17.95,"img":"https://fd5-photos.leclercdrive.fr/image.ashx?id=2267544&use=l&cat=p&typeid=i","cat":284360},{"id":219867,"n":"Bûche charlotte fraises  6/8 personnes","p":19.95,"img":"https://fd5-photos.leclercdrive.fr/image.ashx?id=1544207&use=l&cat=p&typeid=i","cat":284360},{"id":219868,"n":"Bûche Rocher Praliné  6/8  parts","p":24.95,"img":"https://fd5-photos.leclercdrive.fr/image.ashx?id=2637567&use=l&cat=p&typeid=i","cat":284360},{"id":219869,"n":"Bûche 3 Chocolats 6 parts","p":24.95,"img":"https://fd5-photos.leclercdrive.fr/image.ashx?id=2637598&use=l&cat=p&typeid=i","cat":284360},{"id":219921,"n":"Saumon fumé Ronde des Mers Islande 4 tranches - 140g","p":4.99,"u":"35,64 €/KG","img":"https://fd5-photos.leclercdrive.fr/image.ashx?id=2833138&use=l&cat=p&typeid=i","cat":285188},{"id":219963,"n":"Marinade Basque Aymard  Piment d'Espelette - 170g","p":3.62,"u":"21,29 €/KG","img":"https://fd5-photos.leclercdrive.fr/image.ashx?id=2631759&use=l&cat=p&typeid=i","cat":318431},{"id":219973,"n":"Marinade Indienne Aymard Curry - 170g","p":3.62,"u":"21,29 €/KG","img":"https://fd5-photos.leclercdrive.fr/image.ashx?id=2631762&use=l&cat=p&typeid=i","cat":318431},{"id":219974,"n":"Marinade Tex Mex Aymard 170g","p":3.65,"u":"21,47 €/KG","img":"https://fd5-photos.leclercdrive.fr/image.ashx?id=2631756&use=l&cat=p&typeid=i","cat":318431},{"id":219978,"n":"Marinade Ail des ours Aymard 170g","p":3.58,"u":"21,06 €/KG","img":"https://fd5-photos.leclercdrive.fr/image.ashx?id=2631768&use=l&cat=p&typeid=i","cat":318431},{"id":220027,"n":"Miel Soutenons nos agriculteurs Liquide - 500 g","p":5.59,"u":"11,18 €/KG","img":"https://fd5-photos.leclercdrive.fr/image.ashx?id=2925710&use=l&cat=p&typeid=i","cat":287643},{"id":220033,"n":"Gaufre de Liège Lotus Chocolat au lait - 518g","p":3.53,"u":"6,81 €/KG","img":"https://fd5-photos.leclercdrive.fr/image.ashx?id=2656898&use=l&cat=p&typeid=i","cat":294777},{"id":220198,"n":"Bâtonnets Pop'Polo Multi parfums x10 - 700g","p":4.09,"u":"5,84 €/KG","img":"https://fd5-photos.leclercdrive.fr/image.ashx?id=2634286&use=l&cat=p&typeid=i","cat":284265},{"id":220200,"n":"Mini bâtonnets bio Pop'Polo Fraise mangue - 8x35g","p":4.89,"u":"17,46 €/KG","img":"https://fd5-photos.leclercdrive.fr/image.ashx?id=2634746&use=l&cat=p&typeid=i","cat":284265},{"id":220216,"n":"Bâtonnets Pop'Polo Menthe x5 - 350g","p":2.96,"u":"8,46 €/KG","img":"https://fd5-photos.leclercdrive.fr/image.ashx?id=2634280&use=l&cat=p&typeid=i","cat":284265},{"id":220222,"n":"Bâtonnets Pop Fruit Sorbet Mangue x4 - 280g","p":3.41,"u":"12,18 €/KG","img":"https://fd5-photos.leclercdrive.fr/image.ashx?id=2658072&use=l&cat=p&typeid=i","cat":284265},{"id":220240,"n":"Sachet fraîcheur chiot Pedigree Mixte en gelée - 12x100g","p":6.83,"u":"5,69 €/KG","img":"https://fd5-photos.leclercdrive.fr/image.ashx?id=2876125&use=l&cat=p&typeid=i","cat":284673},{"id":220243,"n":"Croquettes chien  Pedigree au bœuf - 3kg","p":7.72,"u":"2,57 €/KG","img":"https://fd5-photos.leclercdrive.fr/image.ashx?id=2634328&use=l&cat=p&typeid=i","cat":284672},{"id":220245,"n":"Croquettes chien  Pedigree à la volaille - 7kg","p":18.3,"u":"2,61 €/KG","img":"https://fd5-photos.leclercdrive.fr/image.ashx?id=2813495&use=l&cat=p&typeid=i","cat":284672},{"id":220252,"n":"Croquettes chien  Pedigree à la volaille - 3kg","p":7.72,"u":"2,57 €/KG","img":"https://fd5-photos.leclercdrive.fr/image.ashx?id=2832320&use=l&cat=p&typeid=i","cat":284672},{"id":220254,"n":"Croquettes chien  Pedigree au bœuf - 7kg","p":20.41,"u":"2,92 €/KG","img":"https://fd5-photos.leclercdrive.fr/image.ashx?id=2981286&use=l&cat=p&typeid=i","cat":284672},{"id":220258,"n":"Sachet fraîcheur chat Sheba  Volaille en sauce - 40x85g","p":14.72,"u":"4,33 €/KG","img":"https://fd5-photos.leclercdrive.fr/image.ashx?id=2642729&use=l&cat=p&typeid=i","cat":285286},{"id":220269,"n":"Friandises chat Catisfactions  Herbe à chat - 60g","p":1.1,"u":"18,33 €/KG","img":"https://fd5-photos.leclercdrive.fr/image.ashx?id=2914765&use=l&cat=p&typeid=i","cat":285285},{"id":220272,"n":"Sachet fraîcheur chat Whiskas  Carte mixte en gelée - 12x85g","p":5.31,"u":"5,21 €/KG","img":"https://fd5-photos.leclercdrive.fr/image.ashx?id=2902990&use=l&cat=p&typeid=i","cat":285286},{"id":220286,"n":"Sachet fraîcheur chat Whiskas Festins volaille sauce - 24x85g","p":11.16,"u":"5,47 €/KG","img":"https://fd5-photos.leclercdrive.fr/image.ashx?id=2633881&use=l&cat=p&typeid=i","cat":285286},{"id":220293,"n":"Stevia en bûchettes x50 - 50g","p":1.29,"u":"25,80 €/KG","img":"https://fd5-photos.leclercdrive.fr/image.ashx?id=2632683&use=l&cat=p&typeid=i","cat":324846},{"id":220296,"n":"Boîte chat Whiskas  Gelée du marché - 4x390g","p":5.48,"u":"3,51 €/KG","img":"https://fd5-photos.leclercdrive.fr/image.ashx?id=2730490&use=l&cat=p&typeid=i","cat":285601},{"id":220298,"n":"Bonbons Tubes Acid'  Copains Copines - 180g","p":1.39,"u":"7,72 €/KG","img":"https://fd5-photos.leclercdrive.fr/image.ashx?id=2934775&use=l&cat=p&typeid=i","cat":304250},{"id":220350,"n":"Stevia en comprimés Edulcorel x100 - 7g","p":0.99,"u":"141,43 €/KG","img":"https://fd5-photos.leclercdrive.fr/image.ashx?id=2632915&use=l&cat=p&typeid=i","cat":324846},{"id":220353,"n":"Foie gras de canard entier  Larnaudie Selection - 160g","p":20.84,"u":"130,25 €/KG","img":"https://fd5-photos.leclercdrive.fr/image.ashx?id=2633929&use=l&cat=p&typeid=i","cat":305148},{"id":220434,"n":"AOC Bordeaux blanc La Grande Bastide - 75cl","p":6.98,"u":"9,31 €/L","img":"https://fd5-photos.leclercdrive.fr/image.ashx?id=2639017&use=l&cat=p&typeid=i","cat":289557},{"id":220512,"n":"Dentifrice Signal Integral 8  Blancheur - 3x75ml","p":5.45,"u":"24,22 €/L","img":"https://fd5-photos.leclercdrive.fr/image.ashx?id=2971461&use=l&cat=p&typeid=i","cat":284612},{"id":220521,"n":"Fenouil Corse  1p","p":1.35,"img":"https://fd5-photos.leclercdrive.fr/image.ashx?id=612612&use=l&cat=p&typeid=i","cat":284352},{"id":220541,"n":"Raisin rosé sans pépins Panier du Primeur - 500g","p":3.99,"u":"7,98 €/KG","img":"https://fd5-photos.leclercdrive.fr/image.ashx?id=2858144&use=l&cat=p&typeid=i","cat":284356},{"id":220546,"n":"Raisin blanc sans pépins Panier du Primeur - 500g","p":3.99,"u":"7,98 €/KG","img":"https://fd5-photos.leclercdrive.fr/image.ashx?id=2858132&use=l&cat=p&typeid=i","cat":284356},{"id":220563,"n":"Dentifrice Signal Intégral 8 Interdentaire - 3x75ml","p":5.59,"u":"24,84 €/L","img":"https://fd5-photos.leclercdrive.fr/image.ashx?id=2639846&use=l&cat=p&typeid=i","cat":284612},{"id":220564,"n":"Dentifrice Signal Intégral 8 Haleine fraîche - 3x75ml","p":5.37,"u":"71,60 €/L","img":"https://fd5-photos.leclercdrive.fr/image.ashx?id=2971464&use=l&cat=p&typeid=i","cat":284612},{"id":220567,"n":"Foie gras de canard entier Maison Montfort - 250g","p":21.47,"u":"85,88 €/KG","img":"https://fd5-photos.leclercdrive.fr/image.ashx?id=2731057&use=l&cat=p&typeid=i","cat":316008},{"id":220578,"n":"Foie gras de canard entier Maison Montfort - Torchon 250g","p":21.47,"u":"85,88 €/KG","img":"https://fd5-photos.leclercdrive.fr/image.ashx?id=2731063&use=l&cat=p&typeid=i","cat":316008},{"id":220689,"n":"Dentifrice Integral 8 Signal Interdentaire Prébiotique 75ml","p":2.39,"u":"31,87 €/L","img":"https://fd5-photos.leclercdrive.fr/image.ashx?id=2940654&use=l&cat=p&typeid=i","cat":284612},{"id":220742,"n":"Savon Le Petit Marseillais  Recharge antibacterien - 250ml","p":1.6,"u":"6,40 €/L","img":"https://fd5-photos.leclercdrive.fr/image.ashx?id=2684230&use=l&cat=p&typeid=i","cat":284597},{"id":220783,"n":"Coloration Permanente Olia 6.0 Chatain Très Clair","p":8.88,"img":"https://fd5-photos.leclercdrive.fr/image.ashx?id=2635958&use=l&cat=p&typeid=i","cat":288899},{"id":220784,"n":"Lait Fluide SPF30 Garnier Ambre Solaire - 175ml","p":12.21,"u":"69,77 €/L","img":"https://fd5-photos.leclercdrive.fr/image.ashx?id=2638313&use=l&cat=p&typeid=i","cat":325355},{"id":220786,"n":"Papier toilette humide Lotus Confort - x38","p":1.85,"u":"0,05 €/P","img":"https://fd5-photos.leclercdrive.fr/image.ashx?id=2864843&use=l&cat=p&typeid=i","cat":284634},{"id":220788,"n":"Recharge crème lavante mains Le Petit Marseillais Lait 250ml","p":0.82,"u":"3,28 €/L","img":"https://fd5-photos.leclercdrive.fr/image.ashx?id=2735242&use=l&cat=p&typeid=i","cat":284597},{"id":220789,"n":"Coloration Permanente Olia 5.15 Chocolat Glacé","p":8.88,"img":"https://fd5-photos.leclercdrive.fr/image.ashx?id=2635961&use=l&cat=p&typeid=i","cat":288899},{"id":220791,"n":"Après-shampooing Garnier Cheveu coloré ou méché - 250ml","p":3.05,"u":"12,20 €/L","img":"https://fd5-photos.leclercdrive.fr/image.ashx?id=2828049&use=l&cat=p&typeid=i","cat":284607},{"id":220792,"n":"Crème corps nutrition Superfood Mangue Vitamine C - 380ml","p":6.69,"u":"17,61 €/L","img":"https://fd5-photos.leclercdrive.fr/image.ashx?id=2645212&use=l&cat=p&typeid=i","cat":325350},{"id":220794,"n":"Sérum Éclat La Provençale Bio Jouvence à la Vitamine C - 30ml","p":14.22,"u":"474,00 €/L","img":"https://fd5-photos.leclercdrive.fr/image.ashx?id=2950363&use=l&cat=p&typeid=i","cat":325345},{"id":220799,"n":"Rasoirs rechargeables Bic Hybrid Flex 5 - Hommes - x4","p":8.4,"u":"2,10 €/P","img":"https://fd5-photos.leclercdrive.fr/image.ashx?id=2636069&use=l&cat=p&typeid=i","cat":284616},{"id":220813,"n":"Rasoirs rechargeables Homme Bic Hybrid 5 Flex - 1+ x4recharges","p":8.07,"u":"2,02 €/P","img":"https://fd5-photos.leclercdrive.fr/image.ashx?id=3004822&use=l&cat=p&typeid=i","cat":284616},{"id":220821,"n":"Crème lavante mains Le Petit Marseillais - Amande - 250ml","p":0.96,"u":"3,84 €/L","img":"https://fd5-photos.leclercdrive.fr/image.ashx?id=2684209&use=l&cat=p&typeid=i","cat":284597},{"id":220822,"n":"Gel lavant mains Le Petit Marseillais Antibactérien 300ml","p":2.42,"u":"8,07 €/L","img":"https://fd5-photos.leclercdrive.fr/image.ashx?id=2684557&use=l&cat=p&typeid=i","cat":284597},{"id":220823,"n":"Gel lavant mains Le Petit Marseillais - Lavande - 300ml","p":1.88,"u":"6,27 €/L","img":"https://fd5-photos.leclercdrive.fr/image.ashx?id=2684221&use=l&cat=p&typeid=i","cat":284597},{"id":220824,"n":"Crème lavante mains Le Petit Marseillais - Lait - 300ml","p":1.83,"u":"6,10 €/L","img":"https://fd5-photos.leclercdrive.fr/image.ashx?id=2684224&use=l&cat=p&typeid=i","cat":284597},{"id":220826,"n":"Gel lavant mains Le Petit  Marseillais Le cuisinier 250ml","p":1.36,"u":"5,44 €/L","img":"https://fd5-photos.leclercdrive.fr/image.ashx?id=2684560&use=l&cat=p&typeid=i","cat":284597},{"id":220827,"n":"Sérum Autobronzant Garnier Natural Bronzer visage - 30ml","p":10.89,"u":"363,00 €/L","img":"https://fd5-photos.leclercdrive.fr/image.ashx?id=2669280&use=l&cat=p&typeid=i","cat":325355},{"id":220828,"n":"Farine de châtaigne Corse Renno - 1kg","p":26.9,"u":"26,90 €/KG","img":"https://fd5-photos.leclercdrive.fr/image.ashx?id=2636154&use=l&cat=p&typeid=i","cat":284503},{"id":220851,"n":"Saumon fumé Ronde des Mers Écosse - 14 tranches - 490g","p":17.49,"u":"35,69 €/KG","img":"https://fd5-photos.leclercdrive.fr/image.ashx?id=2976303&use=l&cat=p&typeid=i","cat":285188},{"id":220957,"n":"Courges cubes fraiche découpe  300g","p":3.2,"u":"10,67 €/KG","img":"https://fd5-photos.leclercdrive.fr/image.ashx?id=2638360&use=l&cat=p&typeid=i","cat":290299},{"id":221109,"n":"Huile Solaire SPF50 Garnier Sublimatrice - 150ml","p":10.7,"u":"71,33 €/L","img":"https://fd5-photos.leclercdrive.fr/image.ashx?id=2669274&use=l&cat=p&typeid=i","cat":325355},{"id":221111,"n":"Huile solaire Ambre Solaire Ideal Bronze Milk SPF30 - 150ml","p":10.26,"u":"68,40 €/L","img":"https://fd5-photos.leclercdrive.fr/image.ashx?id=2640611&use=l&cat=p&typeid=i","cat":325355},{"id":221193,"n":"Gressins sésame  Eco+ 120g","p":1.04,"u":"8,32 €/KG","img":"https://fd5-photos.leclercdrive.fr/image.ashx?id=2640004&use=l&cat=p&typeid=i","cat":297000},{"id":221203,"n":"Jus multivitamines Andros 1,5L","p":4.02,"u":"2,68 €/L","img":"https://fd5-photos.leclercdrive.fr/image.ashx?id=2904269&use=l&cat=p&typeid=i","cat":284917},{"id":221205,"n":"Fromage fondu Burger Eco+ x10 - 200g","p":1.15,"u":"5,75 €/KG","img":"https://fd5-photos.leclercdrive.fr/image.ashx?id=2956960&use=l&cat=p&typeid=i","cat":314028},{"id":221207,"n":"Dessert liégeois Andros Pomme banane chocolat  - 400g","p":2.49,"u":"6,23 €/KG","img":"https://fd5-photos.leclercdrive.fr/image.ashx?id=2642660&use=l&cat=p&typeid=i","cat":285042},{"id":221208,"n":"Disques à démaquiller x120","p":0.39,"img":"https://fd5-photos.leclercdrive.fr/image.ashx?id=2640119&use=l&cat=p&typeid=i","cat":285593},{"id":221210,"n":"Dessert liégeois Andros Pomme fraise cassis - 400g","p":2.1,"u":"5,25 €/KG","img":"https://fd5-photos.leclercdrive.fr/image.ashx?id=2642663&use=l&cat=p&typeid=i","cat":285042},{"id":221211,"n":"Milky goûter fromage enfants  Les Croisés 8 portions 280g","p":2.99,"u":"10,68 €/KG","img":"https://fd5-photos.leclercdrive.fr/image.ashx?id=2714897&use=l&cat=p&typeid=i","cat":314030},{"id":221215,"n":"Nectar de poire Pauline  1L","p":3.15,"u":"3,15 €/L","img":"https://fd5-photos.leclercdrive.fr/image.ashx?id=2733868&use=l&cat=p&typeid=i","cat":284915},{"id":221221,"n":"Mini croustis Frenchy Bonduelle Epinards courgette chèvre -240g","p":3.4,"img":"https://fd5-photos.leclercdrive.fr/image.ashx?id=2979656&use=l&cat=p&typeid=i","cat":319822},{"id":221222,"n":"Mini croustis Italian Bonduelle Aubergine poivron mozza - 240g","p":3.43,"u":"14,29 €/KG","img":"https://fd5-photos.leclercdrive.fr/image.ashx?id=2960708&use=l&cat=p&typeid=i","cat":319822},{"id":221241,"n":"Dessert Cappuccino Equador Mousse au café - 2x90g","p":2.11,"u":"11,72 €/KG","img":"https://fd5-photos.leclercdrive.fr/image.ashx?id=2640215&use=l&cat=p&typeid=i","cat":284419},{"id":221279,"n":"Cerneaux de noix Eco+ 400g","p":4.59,"u":"11,48 €/KG","img":"https://fd5-photos.leclercdrive.fr/image.ashx?id=2768454&use=l&cat=p&typeid=i","cat":284357},{"id":221280,"n":"Nems au poulet Eco+ x4 - 300g","p":1.67,"u":"5,57 €/KG","img":"https://fd5-photos.leclercdrive.fr/image.ashx?id=2640206&use=l&cat=p&typeid=i","cat":316003},{"id":221340,"n":"AOP Feta affinée En fût - 150g","p":2.9,"u":"19,33 €/KG","img":"https://fd5-photos.leclercdrive.fr/image.ashx?id=2856359&use=l&cat=p&typeid=i","cat":314026},{"id":221398,"n":"Riz Tradizioni d'Italia Carnaroli - 500g","p":2.39,"u":"4,78 €/KG","img":"https://fd5-photos.leclercdrive.fr/image.ashx?id=2913793&use=l&cat=p&typeid=i","cat":284428},{"id":221401,"n":"Saumon fumé Ronde des Mers Norvège 14 tranches - 490g","p":17.49,"u":"35,69 €/KG","img":"https://fd5-photos.leclercdrive.fr/image.ashx?id=2976300&use=l&cat=p&typeid=i","cat":285188},{"id":221493,"n":"Stevia en comprimés Eco+ x650 - 42,25g","p":1.52,"u":"36,19 €/KG","img":"https://fd5-photos.leclercdrive.fr/image.ashx?id=2641789&use=l&cat=p&typeid=i","cat":284502},{"id":221498,"n":"Infusion nuit tranquille miel Elephant - x20 - 30g","p":2.33,"u":"77,67 €/KG","img":"https://fd5-photos.leclercdrive.fr/image.ashx?id=2655650&use=l&cat=p&typeid=i","cat":293234},{"id":221506,"n":"Crème lavante mains Fleur d'oranger Bio - 250ml","p":0.96,"u":"3,62 €/L","img":"https://fd5-photos.leclercdrive.fr/image.ashx?id=2684542&use=l&cat=p&typeid=i","cat":284597},{"id":221507,"n":"Infusion nuit tranquille  Elephant - x20 - 30g","p":1.58,"u":"52,67 €/KG","img":"https://fd5-photos.leclercdrive.fr/image.ashx?id=2655647&use=l&cat=p&typeid=i","cat":293234},{"id":221508,"n":"Gel lavant mains Le Petit Marseillais Huile d'olive 300ml","p":1.88,"u":"6,27 €/L","img":"https://fd5-photos.leclercdrive.fr/image.ashx?id=2684218&use=l&cat=p&typeid=i","cat":284597},{"id":221513,"n":"Gel lavant mains Le Petit Marseillais - Olive - 250ml","p":0.96,"img":"https://fd5-photos.leclercdrive.fr/image.ashx?id=2684227&use=l&cat=p&typeid=i","cat":284597},{"id":221593,"n":"Bois d'allumage Flamino 20L","p":4.05,"u":"0,20 €/L","img":"https://fd5-photos.leclercdrive.fr/image.ashx?id=2802500&use=l&cat=p&typeid=i","cat":300577},{"id":221595,"n":"Queues de crevettes ASC L'Atelier Poissonnerie - 220g","p":5.99,"u":"27,23 €/KG","img":"https://fd5-photos.leclercdrive.fr/image.ashx?id=2644283&use=l&cat=p&typeid=i","cat":284343},{"id":221596,"n":"Fromage bleu truffe blanche été L'Origine du Goût - 170g","p":6.5,"u":"38,24 €/KG","img":"https://fd5-photos.leclercdrive.fr/image.ashx?id=2817175&use=l&cat=p&typeid=i","cat":314032},{"id":221711,"n":"Queues de langoustines Savigny 400g","p":8.77,"u":"21,93 €/KG","img":"https://fd5-photos.leclercdrive.fr/image.ashx?id=2666186&use=l&cat=p&typeid=i","cat":319787},{"id":221714,"n":"Mangue ananas Fresh Cueillette 500g","p":4.44,"u":"8,88 €/KG","img":"https://fd5-photos.leclercdrive.fr/image.ashx?id=2818721&use=l&cat=p&typeid=i","cat":284268},{"id":221726,"n":"Estragon Les Crudettes 11g","p":1.23,"u":"111,82 €/KG","img":"https://fd5-photos.leclercdrive.fr/image.ashx?id=2654635&use=l&cat=p&typeid=i","cat":293607},{"id":221873,"n":"Brochettes Deli's World Poulet Yakitori - 190g","p":4.92,"u":"25,89 €/KG","img":"https://fd5-photos.leclercdrive.fr/image.ashx?id=2647143&use=l&cat=p&typeid=i","cat":284254},{"id":221875,"n":"Brochettes Deli's World Poulet Satay x7 - 190g","p":3.85,"u":"20,26 €/KG","img":"https://fd5-photos.leclercdrive.fr/image.ashx?id=2647146&use=l&cat=p&typeid=i","cat":284254},{"id":221884,"n":"Haricots verts extra fins Bonduelle - 3 x 440g","p":5.82,"u":"4,41 €/KG","img":"https://fd5-photos.leclercdrive.fr/image.ashx?id=2856967&use=l&cat=p&typeid=i","cat":312606},{"id":221892,"n":"Semainier culottes menstruelles Classique - Taille L - x7","p":19.31,"u":"2,76 €/P","img":"https://fd5-photos.leclercdrive.fr/image.ashx?id=2647591&use=l&cat=p&typeid=i","cat":284624},{"id":221933,"n":"Dentifrice Oral-B 3D White Advanced Luxe blancheur 2x75ml","p":7.99,"u":"53,27 €/L","img":"https://fd5-photos.leclercdrive.fr/image.ashx?id=2795914&use=l&cat=p&typeid=i","cat":284612},{"id":221934,"n":"Dentifrice Oral-B 3D White Advanced Luxe perfection 2x75ml","p":8.04,"u":"53,60 €/L","img":"https://fd5-photos.leclercdrive.fr/image.ashx?id=2745334&use=l&cat=p&typeid=i","cat":284612},{"id":221955,"n":"Shampooing Nature Box Huile de melon d'eau - 385ml","p":5.13,"u":"13,32 €/L","img":"https://fd5-photos.leclercdrive.fr/image.ashx?id=2647486&use=l&cat=p&typeid=i","cat":284606},{"id":222002,"n":"Nouilles Nature Udon Suzi Wan - 2x150g","p":2.86,"u":"9,53 €/KG","img":"https://fd5-photos.leclercdrive.fr/image.ashx?id=2990883&use=l&cat=p&typeid=i","cat":288992},{"id":222033,"n":"Yaourt à boire Actimel Nature 0% - 8x100g","p":3.2,"u":"4,00 €/KG","img":"https://fd5-photos.leclercdrive.fr/image.ashx?id=2648127&use=l&cat=p&typeid=i","cat":284415},{"id":222034,"n":"Rasoir Wilkinson Intuition complete + 1 lame","p":11.7,"img":"https://fd5-photos.leclercdrive.fr/image.ashx?id=2648304&use=l&cat=p&typeid=i","cat":325352},{"id":222043,"n":"Brossettes Oral-B Pro Cross action - x12","p":96.32,"u":"8,03 €/P","img":"https://fd5-photos.leclercdrive.fr/image.ashx?id=2648355&use=l&cat=p&typeid=i","cat":297133},{"id":222044,"n":"Tondeuse Gillette Corps Styler - x1","p":44.85,"pp":26.91,"img":"https://fd5-photos.leclercdrive.fr/image.ashx?id=2955221&use=l&cat=p&typeid=i","cat":284616},{"id":222047,"n":"Déodorant Axe Copper santal - 2x150ml","p":7.86,"u":"26,20 €/L","img":"https://fd5-photos.leclercdrive.fr/image.ashx?id=2860004&use=l&cat=p&typeid=i","cat":284618},{"id":222056,"n":"Citron vert  1p","p":0.6,"img":"https://fd5-photos.leclercdrive.fr/image.ashx?id=1628331&use=l&cat=p&typeid=i","cat":284356},{"id":222059,"n":"Oranges à déguster  1p","p":0.71,"img":"https://fd5-photos.leclercdrive.fr/image.ashx?id=1629690&use=l&cat=p&typeid=i","cat":284356},{"id":222061,"n":"Pomelo rouge 1p","p":1.09,"img":"https://fd5-photos.leclercdrive.fr/image.ashx?id=1636326&use=l&cat=p&typeid=i","cat":284356},{"id":222073,"n":"Ananas Victoria 1p","p":6.55,"img":"https://fd5-photos.leclercdrive.fr/image.ashx?id=571059&use=l&cat=p&typeid=i","cat":284356},{"id":222082,"n":"Shampoing nutrition Ultra Doux Argan et Camélia - 600ml","p":4.72,"u":"7,87 €/L","img":"https://fd5-photos.leclercdrive.fr/image.ashx?id=2648781&use=l&cat=p&typeid=i","cat":284606},{"id":222083,"n":"Shampoing illuminant Ultra Doux Camomille Miel - 600ml","p":4.67,"u":"7,78 €/L","img":"https://fd5-photos.leclercdrive.fr/image.ashx?id=2926602&use=l&cat=p&typeid=i","cat":284606},{"id":222086,"n":"Poire Abate  1p","p":0.99,"img":"https://fd5-photos.leclercdrive.fr/image.ashx?id=1628301&use=l&cat=p&typeid=i","cat":284356},{"id":222089,"n":"Shampoing nutrition Ultra Doux Avocat et Karité - 600ml","p":4.67,"u":"7,78 €/L","img":"https://fd5-photos.leclercdrive.fr/image.ashx?id=2944852&use=l&cat=p&typeid=i","cat":284606},{"id":222090,"n":"Poire Williams   1p","p":0.59,"img":"https://fd5-photos.leclercdrive.fr/image.ashx?id=1636644&use=l&cat=p&typeid=i","cat":284356},{"id":222093,"n":"Pomme Royal Gala  1p","p":0.95,"img":"https://fd5-photos.leclercdrive.fr/image.ashx?id=1630963&use=l&cat=p&typeid=i","cat":284356},{"id":222096,"n":"Pomme Pink Lady  1p","p":0.45,"img":"https://fd5-photos.leclercdrive.fr/image.ashx?id=2121659&use=l&cat=p&typeid=i","cat":284356},{"id":222097,"n":"Pomme Granny Smith  1p","p":0.65,"img":"https://fd5-photos.leclercdrive.fr/image.ashx?id=1630969&use=l&cat=p&typeid=i","cat":284356},{"id":222101,"n":"Melon jaune  1p","p":3.69,"img":"https://fd5-photos.leclercdrive.fr/image.ashx?id=1636377&use=l&cat=p&typeid=i","cat":284356},{"id":222111,"n":"Radis noir  1p","p":1.95,"img":"https://fd5-photos.leclercdrive.fr/image.ashx?id=578511&use=l&cat=p&typeid=i","cat":284352},{"id":222113,"n":"Fenouil  1p","p":1.04,"img":"https://fd5-photos.leclercdrive.fr/image.ashx?id=612612&use=l&cat=p&typeid=i","cat":284352},{"id":222116,"n":"Carotte  1p","p":0.22,"img":"https://fd5-photos.leclercdrive.fr/image.ashx?id=1631592&use=l&cat=p&typeid=i","cat":284352},{"id":222123,"n":"Aubergine 1p","p":1.27,"img":"https://fd5-photos.leclercdrive.fr/image.ashx?id=1631421&use=l&cat=p&typeid=i","cat":284352},{"id":222126,"n":"Courgette ronde  1p","p":0.88,"img":"https://fd5-photos.leclercdrive.fr/image.ashx?id=1631976&use=l&cat=p&typeid=i","cat":284352},{"id":222128,"n":"Poivron doux rouge  1p","p":1.95,"img":"https://fd5-photos.leclercdrive.fr/image.ashx?id=1633094&use=l&cat=p&typeid=i","cat":284352},{"id":222131,"n":"Poivron doux vert  1p","p":1.3,"img":"https://fd5-photos.leclercdrive.fr/image.ashx?id=1633202&use=l&cat=p&typeid=i","cat":284352},{"id":222132,"n":"Poivron doux jaune  1p","p":1.3,"img":"https://fd5-photos.leclercdrive.fr/image.ashx?id=1631227&use=l&cat=p&typeid=i","cat":284352},{"id":222146,"n":"Ail blanc  1p","p":1.15,"img":"https://fd5-photos.leclercdrive.fr/image.ashx?id=1631469&use=l&cat=p&typeid=i","cat":284352},{"id":222148,"n":"Echalote longue  La pièce","p":0.25,"img":"https://fd5-photos.leclercdrive.fr/image.ashx?id=1631940&use=l&cat=p&typeid=i","cat":284352},{"id":222150,"n":"Oignon jaune  1p","p":1.58,"img":"https://fd5-photos.leclercdrive.fr/image.ashx?id=764178&use=l&cat=p&typeid=i","cat":284352},{"id":222152,"n":"Oignon rouge  1p","p":1.58,"img":"https://fd5-photos.leclercdrive.fr/image.ashx?id=2910419&use=l&cat=p&typeid=i","cat":284352},{"id":222163,"n":"Fruit de la passion 1p","p":1.29,"img":"https://fd5-photos.leclercdrive.fr/image.ashx?id=1633904&use=l&cat=p&typeid=i","cat":284356},{"id":222169,"n":"Citron  1p","p":0.36,"img":"https://fd5-photos.leclercdrive.fr/image.ashx?id=1628602&use=l&cat=p&typeid=i","cat":284356},{"id":222178,"n":"Pomelo rouge 1p","p":1.09,"img":"https://fd5-photos.leclercdrive.fr/image.ashx?id=1636326&use=l&cat=p&typeid=i","cat":284356},{"id":222182,"n":"Grenade 1p","p":1.89,"img":"https://fd5-photos.leclercdrive.fr/image.ashx?id=1633898&use=l&cat=p&typeid=i","cat":284356},{"id":222223,"n":"Pomme Golden  1p","p":0.48,"img":"https://fd5-photos.leclercdrive.fr/image.ashx?id=1630966&use=l&cat=p&typeid=i","cat":284356},{"id":222277,"n":"Choudou 1p","p":3.51,"img":"https://fd5-photos.leclercdrive.fr/image.ashx?id=2127418&use=l&cat=p&typeid=i","cat":284352},{"id":222334,"n":"Oignon rouge  1p","p":1.58,"img":"https://fd5-photos.leclercdrive.fr/image.ashx?id=2910419&use=l&cat=p&typeid=i","cat":284352},{"id":222341,"n":"IGP Ile de Beauté rouge 75cl","p":7.29,"u":"9,72 €/L","img":"https://fd5-photos.leclercdrive.fr/image.ashx?id=2658845&use=l&cat=p&typeid=i","cat":289556},{"id":222342,"n":"IGP Ile de Beauté blanc 75cl","p":7.29,"u":"9,72 €/L","img":"https://fd5-photos.leclercdrive.fr/image.ashx?id=2658737&use=l&cat=p&typeid=i","cat":289557},{"id":222345,"n":"Séchoir tour Eco+ 28m","p":13.99,"u":"Dont 0,26 € d'éco-part.","img":"https://fd5-photos.leclercdrive.fr/image.ashx?id=2651324&use=l&cat=p&typeid=i","cat":335909},{"id":222384,"n":"Miel de France liquide 375g","p":4.88,"u":"13,01 €/KG","img":"https://fd5-photos.leclercdrive.fr/image.ashx?id=2649966&use=l&cat=p&typeid=i","cat":287643},{"id":222386,"n":"Miel de France Cremeux  375g","p":5.36,"u":"14,29 €/KG","img":"https://fd5-photos.leclercdrive.fr/image.ashx?id=2649963&use=l&cat=p&typeid=i","cat":287643},{"id":222390,"n":"Décor pour gateaux Vahiné Pirate","p":1.46,"img":"https://fd5-photos.leclercdrive.fr/image.ashx?id=2649683&use=l&cat=p&typeid=i","cat":284504},{"id":222455,"n":"Recharge lessive détachante  savon noir 37 lavages - 1,7L","p":5.51,"u":"3,24 €/L","img":"https://fd5-photos.leclercdrive.fr/image.ashx?id=3000782&use=l&cat=p&typeid=i","cat":284640},{"id":222471,"n":"Sachet fraicheur chien Cesar  Sélection en sauce - 12x100g","p":7.66,"u":"0,64 €/KG","img":"https://fd5-photos.leclercdrive.fr/image.ashx?id=2651720&use=l&cat=p&typeid=i","cat":284673},{"id":222472,"n":"Ananas Eco+ Morceaux - Sirop léger - 340g","p":1.06,"u":"3,12 €/KG","img":"https://fd5-photos.leclercdrive.fr/image.ashx?id=2650907&use=l&cat=p&typeid=i","cat":284507},{"id":222479,"n":"Pop corn sucre de canne Vico Micro-ondable 240g","p":1.94,"u":"8,08 €/KG","img":"https://fd5-photos.leclercdrive.fr/image.ashx?id=2651585&use=l&cat=p&typeid=i","cat":304249},{"id":222482,"n":"Mélange oiseaux du ciel Eco+ - 4kg","p":3.38,"u":"0,85 €/KG","img":"https://fd5-photos.leclercdrive.fr/image.ashx?id=2651327&use=l&cat=p&typeid=i","cat":284678},{"id":222499,"n":"Yaourt brassé Yoplait Vanille - Brique 750g","p":1.82,"u":"2,43 €/KG","img":"https://fd5-photos.leclercdrive.fr/image.ashx?id=2985180&use=l&cat=p&typeid=i","cat":284410},{"id":222515,"n":"Chou rouge émincé Notre Jardin 250g","p":0.99,"u":"3,96 €/KG","img":"https://fd5-photos.leclercdrive.fr/image.ashx?id=2651804&use=l&cat=p&typeid=i","cat":284352},{"id":222522,"n":"Complément alimentaire Keraphan Keraphane - 180+60 gélules 107g","p":15.89,"u":"148,50 €/KG","img":"https://fd5-photos.leclercdrive.fr/image.ashx?id=2748557&use=l&cat=p&typeid=i","cat":301266},{"id":222523,"n":"Thon au curry d'aucy 300g","p":3.07,"u":"10,23 €/KG","img":"https://fd5-photos.leclercdrive.fr/image.ashx?id=2651828&use=l&cat=p&typeid=i","cat":284953},{"id":222582,"n":"Shampoing Restaurateur Eslève Glycolic Gloss - 200ml","p":5.9,"u":"29,50 €/L","img":"https://fd5-photos.leclercdrive.fr/image.ashx?id=2657157&use=l&cat=p&typeid=i","cat":284606},{"id":222583,"n":"Soin Cheveux Lamination Elsève Glycolic Gloss - 200ml","p":8.67,"u":"43,35 €/L","img":"https://fd5-photos.leclercdrive.fr/image.ashx?id=2656796&use=l&cat=p&typeid=i","cat":284608},{"id":222584,"n":"Pâte à tartiner Nutella 220g","p":2.42,"u":"11,00 €/KG","img":"https://fd5-photos.leclercdrive.fr/image.ashx?id=2755216&use=l&cat=p&typeid=i","cat":284481},{"id":222586,"n":"Démêlant Cheveux Elsève Glycolic Gloss - 150ml","p":6.28,"u":"41,87 €/L","img":"https://fd5-photos.leclercdrive.fr/image.ashx?id=2657160&use=l&cat=p&typeid=i","cat":284607},{"id":222589,"n":"Sérum Soin Sans Rinçage Elsève Glycolic Gloss - 150ml","p":11.58,"u":"77,20 €/L","img":"https://fd5-photos.leclercdrive.fr/image.ashx?id=2656069&use=l&cat=p&typeid=i","cat":284608},{"id":222591,"n":"Soin anti-tâches L'Oréal Paris Bright Reveal SPF50+ - 50ml","p":13.32,"u":"266,40 €/L","img":"https://fd5-photos.leclercdrive.fr/image.ashx?id=2921879&use=l&cat=p&typeid=i","cat":325345},{"id":222593,"n":"Dentifrice Aquafresh Naturals Blancheur Charbon - 2x75ml","p":2.95,"u":"19,67 €/L","img":"https://fd5-photos.leclercdrive.fr/image.ashx?id=2889289&use=l&cat=p&typeid=i","cat":284612},{"id":222595,"n":"Pur jus d'ananas passion  Jafaden - 90cl","p":2.29,"u":"2,54 €/L","img":"https://fd5-photos.leclercdrive.fr/image.ashx?id=2723189&use=l&cat=p&typeid=i","cat":285435},{"id":222596,"n":"Pur jus de pomme mangue Jafaden - 90cl","p":2.49,"u":"2,77 €/L","img":"https://fd5-photos.leclercdrive.fr/image.ashx?id=2723192&use=l&cat=p&typeid=i","cat":285435},{"id":222597,"n":"Sérum anti-taches L'Oréal Paris Bright Reveal - 30ml","p":17.86,"u":"595,33 €/L","img":"https://fd5-photos.leclercdrive.fr/image.ashx?id=2865881&use=l&cat=p&typeid=i","cat":325345},{"id":222598,"n":"Pur jus de pomme framboise Jafaden - 90cl","p":2.43,"u":"2,70 €/L","img":"https://fd5-photos.leclercdrive.fr/image.ashx?id=2723195&use=l&cat=p&typeid=i","cat":285435},{"id":222599,"n":"Sérum correcteur L'Oréal Paris  Age Perfect - 30ml","p":11.97,"pp":7.9,"u":"263,33 €/L","img":"https://fd5-photos.leclercdrive.fr/image.ashx?id=2664491&use=l&cat=p&typeid=i","cat":325345},{"id":222608,"n":"Jambon cru Serrano Aoste  6 tranches + 3 offertes - 150g","p":3.63,"u":"24,20 €/KG","img":"https://fd5-photos.leclercdrive.fr/image.ashx?id=2653669&use=l&cat=p&typeid=i","cat":316007},{"id":222631,"n":"Gâteau Savane Brossard Max Barr' Pocket x14 - 420g","p":5.33,"u":"12,69 €/KG","img":"https://fd5-photos.leclercdrive.fr/image.ashx?id=2964721&use=l&cat=p&typeid=i","cat":294776},{"id":222644,"n":"Compote de pomme Valade Sans sucre ajouté - 630g","p":1.56,"u":"2,48 €/KG","img":"https://fd5-photos.leclercdrive.fr/image.ashx?id=2731633&use=l&cat=p&typeid=i","cat":284508},{"id":222646,"n":"Compote pomme poire Valade Sans sucre ajoutés - 630g","p":1.61,"u":"2,56 €/KG","img":"https://fd5-photos.leclercdrive.fr/image.ashx?id=2731636&use=l&cat=p&typeid=i","cat":284508},{"id":222647,"n":"Compote pomme vanille Valade Sans sucre ajoutés - 630g","p":1.83,"u":"2,90 €/KG","img":"https://fd5-photos.leclercdrive.fr/image.ashx?id=2731639&use=l&cat=p&typeid=i","cat":284508},{"id":222649,"n":"Confiture clémentine Valade 320g","p":3.1,"u":"9,69 €/KG","img":"https://fd5-photos.leclercdrive.fr/image.ashx?id=2661262&use=l&cat=p&typeid=i","cat":284480},{"id":222667,"n":"Tablette Chocolat Noir Crunch x2- 200g","p":3.06,"u":"15,30 €/KG","img":"https://fd5-photos.leclercdrive.fr/image.ashx?id=2899737&use=l&cat=p&typeid=i","cat":284956},{"id":222691,"n":"Truite normande fumée William & James - 4tr - 100g","p":7.39,"u":"73,90 €/KG","img":"https://fd5-photos.leclercdrive.fr/image.ashx?id=2653708&use=l&cat=p&typeid=i","cat":285188},{"id":222702,"n":"Dentifrice Integral 8 Signal Fraîcheur Intense 75ml","p":2.45,"u":"32,67 €/L","img":"https://fd5-photos.leclercdrive.fr/image.ashx?id=2818196&use=l&cat=p&typeid=i","cat":284612},{"id":222703,"n":"Dentifrice Signal Extra fraîcheur blancheur 75ml","p":1.93,"u":"25,73 €/L","img":"https://fd5-photos.leclercdrive.fr/image.ashx?id=2938328&use=l&cat=p&typeid=i","cat":284612},{"id":222704,"n":"Dentifrice Signal Extra fraîcheur intense - 75ml","p":2.25,"u":"30,00 €/L","img":"https://fd5-photos.leclercdrive.fr/image.ashx?id=2654212&use=l&cat=p&typeid=i","cat":284612},{"id":222735,"n":"Déodorant spray Dove 2x100ml","p":5.16,"u":"25,80 €/L","img":"https://fd5-photos.leclercdrive.fr/image.ashx?id=2905714&use=l&cat=p&typeid=i","cat":284595},{"id":222742,"n":"Swiffer wetjet Kit Lavable Système anti-poussière - x1","p":30.48,"pp":18.29,"img":"https://fd5-photos.leclercdrive.fr/image.ashx?id=2927708&use=l&cat=p&typeid=i","cat":325364},{"id":222773,"n":"Sauce piquante chipotle Cholula 150ml","p":2.53,"u":"16,87 €/L","img":"https://fd5-photos.leclercdrive.fr/image.ashx?id=2654725&use=l&cat=p&typeid=i","cat":298298},{"id":222778,"n":"Eau de javel La Croix Traditionnelle désinfectant- 5L","p":3.81,"u":"0,76 €/L","img":"https://fd5-photos.leclercdrive.fr/image.ashx?id=2672740&use=l&cat=p&typeid=i","cat":284661},{"id":222782,"n":"Adoucissant Soupline Lingettes Voile Sèche-linge Grand air-x20","p":2.89,"u":"0,14 €/P","img":"https://fd5-photos.leclercdrive.fr/image.ashx?id=2654435&use=l&cat=p&typeid=i","cat":325302},{"id":222818,"n":"Berocca Energie x40 comprimés - 80g","p":17.89,"u":"223,63 €/KG","img":"https://fd5-photos.leclercdrive.fr/image.ashx?id=2654429&use=l&cat=p&typeid=i","cat":301264},{"id":222819,"n":"Berocca Energie Cassis - x45 comprimés - 290g","p":19.78,"u":"68,21 €/KG","img":"https://fd5-photos.leclercdrive.fr/image.ashx?id=2654432&use=l&cat=p&typeid=i","cat":301264},{"id":222820,"n":"Bonbons Haribo Pocket Assortiment mini sachets - 340g","p":2.71,"u":"7,97 €/KG","img":"https://fd5-photos.leclercdrive.fr/image.ashx?id=2654653&use=l&cat=p&typeid=i","cat":304250},{"id":222824,"n":"Carottes râpées Notre Jardin 250g","p":1.49,"u":"5,96 €/KG","img":"https://fd5-photos.leclercdrive.fr/image.ashx?id=2654489&use=l&cat=p&typeid=i","cat":284353},{"id":222826,"n":"Chou blanc carotte Notre Jardin 250g","p":1.51,"u":"6,04 €/KG","img":"https://fd5-photos.leclercdrive.fr/image.ashx?id=2740975&use=l&cat=p&typeid=i","cat":284353},{"id":222827,"n":"Complément alimentaire Granions Complexe anti-âge - x60 - 54g","p":19.9,"u":"368,52 €/KG","img":"https://fd5-photos.leclercdrive.fr/image.ashx?id=2735953&use=l&cat=p&typeid=i","cat":301266},{"id":222831,"n":"Complément alimentaire Biocyte Hyaluronic forte 300mg x90 53g","p":49.77,"u":"939,06 €/KG","img":"https://fd5-photos.leclercdrive.fr/image.ashx?id=2669313&use=l&cat=p&typeid=i","cat":301266},{"id":222839,"n":"Duo mâche et betterave Notre Jardin - 175g","p":1.32,"u":"7,54 €/KG","img":"https://fd5-photos.leclercdrive.fr/image.ashx?id=2663296&use=l&cat=p&typeid=i","cat":284353},{"id":222841,"n":"Mâche Bio Village Bio - 100g","p":1.89,"u":"18,90 €/KG","img":"https://fd5-photos.leclercdrive.fr/image.ashx?id=2655622&use=l&cat=p&typeid=i","cat":284353},{"id":222842,"n":"Acide citrique Clair 500g","p":2.99,"u":"5,98 €/KG","img":"https://fd5-photos.leclercdrive.fr/image.ashx?id=2822147&use=l&cat=p&typeid=i","cat":325365},{"id":222843,"n":"Liquide vaisselle Uni vert Ecolo amande - 500ml","p":1.15,"u":"2,30 €/L","img":"https://fd5-photos.leclercdrive.fr/image.ashx?id=2999523&use=l&cat=p&typeid=i","cat":284655},{"id":222844,"n":"Gel douche Le Petit Marseillais Fleur de tiaré - 650ml","p":3.66,"u":"5,63 €/L","img":"https://fd5-photos.leclercdrive.fr/image.ashx?id=2656060&use=l&cat=p&typeid=i","cat":284594},{"id":222845,"n":"Gel douche Le Petit Marseillais Cocombre rose bio - 250ml","p":1.99,"u":"7,96 €/L","img":"https://fd5-photos.leclercdrive.fr/image.ashx?id=2685195&use=l&cat=p&typeid=i","cat":284594},{"id":222846,"n":"Gel douche Le Petit Marseillais Cerise & jasmin - 250ml","p":1.6,"u":"6,40 €/L","img":"https://fd5-photos.leclercdrive.fr/image.ashx?id=2685198&use=l&cat=p&typeid=i","cat":284594},{"id":222848,"n":"Mélange de jeunes pousses Notre Jardin - 175g","p":1.76,"u":"10,06 €/KG","img":"https://fd5-photos.leclercdrive.fr/image.ashx?id=2655610&use=l&cat=p&typeid=i","cat":284353},{"id":222849,"n":"Mélange gourmand Notre Jardin 320g","p":1.58,"u":"4,94 €/KG","img":"https://fd5-photos.leclercdrive.fr/image.ashx?id=2657990&use=l&cat=p&typeid=i","cat":284353},{"id":222854,"n":"Lingette lavable Swiffer Wetj Wetjet - Microfibre - x1","p":8.65,"pp":5.19,"img":"https://fd5-photos.leclercdrive.fr/image.ashx?id=2656240&use=l&cat=p&typeid=i","cat":325364},{"id":222895,"n":"Fromage à raclette Richesmonts Duo - 420g +20% offerts","p":7.14,"u":"17,00 €/KG","img":"https://fd5-photos.leclercdrive.fr/image.ashx?id=2953839&use=l&cat=p&typeid=i","cat":314037},{"id":222899,"n":"Dentifrice Sensodyne Email renforcé - 75ml","p":6.62,"u":"88,27 €/L","img":"https://fd5-photos.leclercdrive.fr/image.ashx?id=2997208&use=l&cat=p&typeid=i","cat":284612},{"id":222912,"n":"Sauce soja sucrée Suzi Wan 250ml","p":2.64,"u":"10,56 €/L","img":"https://fd5-photos.leclercdrive.fr/image.ashx?id=2886217&use=l&cat=p&typeid=i","cat":288992},{"id":222913,"n":"Sauce pour nems Suzi Wan 250ml","p":2.59,"u":"10,36 €/L","img":"https://fd5-photos.leclercdrive.fr/image.ashx?id=2990877&use=l&cat=p&typeid=i","cat":288992},{"id":222942,"n":"Les Palmiers snack Tokapi Fromage gouda edam - 75g","p":1.87,"u":"24,93 €/KG","img":"https://fd5-photos.leclercdrive.fr/image.ashx?id=2656396&use=l&cat=p&typeid=i","cat":297000},{"id":222958,"n":"Sérum bio So'Bio Etic Anti-âge global - Argan - 30ml","p":18.31,"u":"610,33 €/L","img":"https://fd5-photos.leclercdrive.fr/image.ashx?id=2977480&use=l&cat=p&typeid=i","cat":325345},{"id":222959,"n":"Soin jour bio So'Bio Etic Anti-tâches - Lys - 50ml","p":19.51,"u":"390,20 €/L","img":"https://fd5-photos.leclercdrive.fr/image.ashx?id=3000207&use=l&cat=p&typeid=i","cat":325345},{"id":222960,"n":"Soin nuit bio So'Bio Etic Peeling - Anti-tâche - Lys 50ml","p":18.31,"u":"366,20 €/L","img":"https://fd5-photos.leclercdrive.fr/image.ashx?id=2997019&use=l&cat=p&typeid=i","cat":325345},{"id":222961,"n":"Soin regard So'Bio Etic Lift Grenade bio - 15ml","p":12.38,"u":"825,33 €/L","img":"https://fd5-photos.leclercdrive.fr/image.ashx?id=2787113&use=l&cat=p&typeid=i","cat":325345},{"id":222964,"n":"Colin d'Alaska MSC Pêche Océan Façon Fish & Chips - 400g","p":2.69,"u":"6,73 €/KG","img":"https://fd5-photos.leclercdrive.fr/image.ashx?id=2856211&use=l&cat=p&typeid=i","cat":319788},{"id":222998,"n":"Jambon de Paris Tradilège Sans nitrite 4 tranches - 140g","p":1.89,"u":"13,50 €/KG","img":"https://fd5-photos.leclercdrive.fr/image.ashx?id=2991530&use=l&cat=p&typeid=i","cat":316009},{"id":223004,"n":"Jambon supérieur Tradilège Sans nitrite 8 tranches - 280g","p":3.7,"u":"13,21 €/KG","img":"https://fd5-photos.leclercdrive.fr/image.ashx?id=2994399&use=l&cat=p&typeid=i","cat":316009},{"id":223023,"n":"Après-shampooing Herbal Essences - Aloe - 200ml","p":4.4,"u":"22,00 €/L","img":"https://fd5-photos.leclercdrive.fr/image.ashx?id=2759739&use=l&cat=p&typeid=i","cat":284607},{"id":223024,"n":"Shampooing Herbal Essences Aloe - 250ml","p":4.33,"u":"17,32 €/L","img":"https://fd5-photos.leclercdrive.fr/image.ashx?id=2748671&use=l&cat=p&typeid=i","cat":284606},{"id":223028,"n":"Shampooing Herbal Essences Coconut - 250ml","p":4.27,"u":"17,08 €/L","img":"https://fd5-photos.leclercdrive.fr/image.ashx?id=2677600&use=l&cat=p&typeid=i","cat":284606},{"id":223030,"n":"Après-shampooing Herbal Essences - Coconut - 200ml","p":4.4,"u":"22,00 €/L","img":"https://fd5-photos.leclercdrive.fr/image.ashx?id=2737813&use=l&cat=p&typeid=i","cat":284606},{"id":223035,"n":"Shampooing Herbal Essences Rose - 250ml","p":3.69,"u":"14,76 €/L","img":"https://fd5-photos.leclercdrive.fr/image.ashx?id=2737819&use=l&cat=p&typeid=i","cat":284606},{"id":223085,"n":"Gel Nettoyant visage Garnier Argile - 250ml","p":4.81,"u":"19,24 €/L","img":"https://fd5-photos.leclercdrive.fr/image.ashx?id=2833741&use=l&cat=p&typeid=i","cat":284603},{"id":223108,"n":"Oeufs frais sol Eco+ x30","p":4.93,"u":"0,16 €/P","img":"https://fd5-photos.leclercdrive.fr/image.ashx?id=2724550&use=l&cat=p&typeid=i","cat":284378},{"id":223130,"n":"Mini fuet L'Origine du Goût - 100g","p":2.69,"u":"26,90 €/KG","img":"https://fd5-photos.leclercdrive.fr/image.ashx?id=2776310&use=l&cat=p&typeid=i","cat":316006},{"id":223151,"n":"Jus ACE Pauline 1L","p":3.07,"u":"3,07 €/L","img":"https://fd5-photos.leclercdrive.fr/image.ashx?id=2675454&use=l&cat=p&typeid=i","cat":284521},{"id":223157,"n":"Vinaigre blanc 5L - 10°","p":3.57,"u":"0,71 €/L","img":"https://fd5-photos.leclercdrive.fr/image.ashx?id=2659792&use=l&cat=p&typeid=i","cat":298543},{"id":223373,"n":"Emmental Président Coeur de Meule - 500g","p":4.99,"u":"9,98 €/KG","img":"https://fd5-photos.leclercdrive.fr/image.ashx?id=2757602&use=l&cat=p&typeid=i","cat":314034},{"id":223394,"n":"Boisson aux fruits Jafun Tropical - 4x20cl","p":1.49,"u":"1,86 €/L","img":"https://fd5-photos.leclercdrive.fr/image.ashx?id=2992576&use=l&cat=p&typeid=i","cat":295018},{"id":223401,"n":"Bâtonnets Manger Main Bio Yooji Fraise banane avoine - 150g","p":3.57,"u":"23,80 €/KG","img":"https://fd5-photos.leclercdrive.fr/image.ashx?id=2662475&use=l&cat=p&typeid=i","cat":290631},{"id":223402,"n":"Bâtonnets Manger Main Bio Yooji Mangue banane avoine - 150g","p":3.1,"u":"20,67 €/KG","img":"https://fd5-photos.leclercdrive.fr/image.ashx?id=2662478&use=l&cat=p&typeid=i","cat":312394},{"id":223431,"n":"Crème dessert protéinée Hipro  Chocolat noisette - 180g","p":1.65,"u":"9,17 €/KG","img":"https://fd5-photos.leclercdrive.fr/image.ashx?id=2800294&use=l&cat=p&typeid=i","cat":285041},{"id":223444,"n":"Shampoing 2en1 Fructis Force et brillance - 300ml","p":3.31,"u":"11,03 €/L","img":"https://fd5-photos.leclercdrive.fr/image.ashx?id=2669268&use=l&cat=p&typeid=i","cat":284606},{"id":223445,"n":"Shampoing fortifiant Fructis Force et Brillance - 300ml","p":3.04,"u":"10,13 €/L","img":"https://fd5-photos.leclercdrive.fr/image.ashx?id=2669271&use=l&cat=p&typeid=i","cat":284606},{"id":223446,"n":"Shampoing démêlant Fructis Antipelliculaire - 300ml","p":3.31,"u":"11,03 €/L","img":"https://fd5-photos.leclercdrive.fr/image.ashx?id=2669277&use=l&cat=p&typeid=i","cat":284606},{"id":223498,"n":"Ketchup Rustica 900g","p":1.79,"u":"1,99 €/KG","img":"https://fd5-photos.leclercdrive.fr/image.ashx?id=2954394&use=l&cat=p&typeid=i","cat":284455},{"id":223499,"n":"Ketchup Rustica 390g","p":1.09,"u":"2,79 €/KG","img":"https://fd5-photos.leclercdrive.fr/image.ashx?id=2954391&use=l&cat=p&typeid=i","cat":284455},{"id":223500,"n":"Mais croquant Notre Jardin 2x285g","p":1.7,"u":"2,98 €/KG","img":"https://fd5-photos.leclercdrive.fr/image.ashx?id=3005694&use=l&cat=p&typeid=i","cat":312611},{"id":223521,"n":"Biscuit bio  Nocciolata bianca Fourré pâte à tartiner - 250g","p":3.12,"u":"12,48 €/KG","img":"https://fd5-photos.leclercdrive.fr/image.ashx?id=2664554&use=l&cat=p&typeid=i","cat":284487},{"id":223527,"n":"Anti-moustiques Marie Rose Zones tropicales - 100ml","p":6.91,"u":"69,10 €/L","img":"https://fd5-photos.leclercdrive.fr/image.ashx?id=2684455&use=l&cat=p&typeid=i","cat":299654},{"id":223537,"n":"Bloc Energy 5 WC Net Actions - Brise aquatique - 38g","p":1.73,"u":"45,53 €/KG","img":"https://fd5-photos.leclercdrive.fr/image.ashx?id=2664449&use=l&cat=p&typeid=i","cat":284662},{"id":223538,"n":"Bloc Energy 5 actions WC Net Javel Agrumes et iris - 38g","p":2.04,"u":"53,68 €/KG","img":"https://fd5-photos.leclercdrive.fr/image.ashx?id=2664452&use=l&cat=p&typeid=i","cat":284662},{"id":223539,"n":"Bloc Energy 5 actions WC Net Fraîcheur givrée et menthe 38g","p":1.73,"u":"45,53 €/KG","img":"https://fd5-photos.leclercdrive.fr/image.ashx?id=2664455&use=l&cat=p&typeid=i","cat":284662},{"id":223540,"n":"Bloc Energy 5 actions WC Net Lavande et patchouli - 38g","p":2.38,"u":"62,63 €/KG","img":"https://fd5-photos.leclercdrive.fr/image.ashx?id=2664458&use=l&cat=p&typeid=i","cat":284662},{"id":223541,"n":"Bloc Energy 5 actions WC Net Citronniers et tilleul - 38g","p":2.07,"u":"54,47 €/KG","img":"https://fd5-photos.leclercdrive.fr/image.ashx?id=2664461&use=l&cat=p&typeid=i","cat":284662},{"id":223542,"n":"Bloc Energy WC Net Eau bleue / Marine fresh 40g","p":1.9,"u":"47,50 €/KG","img":"https://fd5-photos.leclercdrive.fr/image.ashx?id=2664464&use=l&cat=p&typeid=i","cat":284662},{"id":223554,"n":"Tablettes WC Harpic  Power Plus Fraicheur Active- x6","p":3.42,"u":"25,33 €/KG","img":"https://fd5-photos.leclercdrive.fr/image.ashx?id=2665391&use=l&cat=p&typeid=i","cat":284662},{"id":223560,"n":"Culottes fuites urinaires Always Discreet - Taille M x13","p":8.9,"u":"0,68 €/P","img":"https://fd5-photos.leclercdrive.fr/image.ashx?id=2927029&use=l&cat=p&typeid=i","cat":284628},{"id":223563,"n":"Culottes fuites urinaires Always Discreet Noir - L x8","p":10.11,"u":"1,26 €/P","img":"https://fd5-photos.leclercdrive.fr/image.ashx?id=2685432&use=l&cat=p&typeid=i","cat":284628},{"id":223574,"n":"Serviettes fuites urinaires Always Discreet - Nuit - x12","p":6.58,"u":"0,55 €/P","img":"https://fd5-photos.leclercdrive.fr/image.ashx?id=2685459&use=l&cat=p&typeid=i","cat":284628},{"id":223578,"n":"Serviettes fuites urinaires Always Discreet - Long - x26","p":8.15,"u":"0,31 €/P","img":"https://fd5-photos.leclercdrive.fr/image.ashx?id=2685465&use=l&cat=p&typeid=i","cat":284628},{"id":223581,"n":"Serviettes fuites urinaires Always Discreet - Long+ - x16","p":6.58,"u":"0,41 €/P","img":"https://fd5-photos.leclercdrive.fr/image.ashx?id=2685471&use=l&cat=p&typeid=i","cat":284628},{"id":223583,"n":"Serviettes fuites urinaires Always Discreet - Normal - x12","p":3.86,"u":"0,32 €/P","img":"https://fd5-photos.leclercdrive.fr/image.ashx?id=2665517&use=l&cat=p&typeid=i","cat":284628},{"id":223587,"n":"Serviettes fuites urinaires Always Discreet - Long - x10","p":3.67,"u":"0,37 €/P","img":"https://fd5-photos.leclercdrive.fr/image.ashx?id=2685474&use=l&cat=p&typeid=i","cat":284628},{"id":223603,"n":"Fil dentaire Dentamyl Cire menthe - 80m","p":2.72,"u":"0,03 €/MT","img":"https://fd5-photos.leclercdrive.fr/image.ashx?id=2672888&use=l&cat=p&typeid=i","cat":285159},{"id":223604,"n":"Shampoing fortifiant Fructis Antipelliculaire - 300ml","p":3.31,"u":"11,03 €/L","img":"https://fd5-photos.leclercdrive.fr/image.ashx?id=2667862&use=l&cat=p&typeid=i","cat":284606},{"id":223605,"n":"Crème Douche Hydratation Cadum Peaux Sèches - 500ml","p":2.39,"u":"4,78 €/L","img":"https://fd5-photos.leclercdrive.fr/image.ashx?id=2739318&use=l&cat=p&typeid=i","cat":284594},{"id":223606,"n":"Crème Douche Nourrissante Cadum Miel de Fleurs Bio - 750ml","p":4.37,"u":"5,83 €/L","img":"https://fd5-photos.leclercdrive.fr/image.ashx?id=2805465&use=l&cat=p&typeid=i","cat":284594},{"id":223608,"n":"Crème Douche Tolérance Cadum Sans Sulfate - 400ml","p":3.79,"u":"9,48 €/L","img":"https://fd5-photos.leclercdrive.fr/image.ashx?id=2696007&use=l&cat=p&typeid=i","cat":284594},{"id":223613,"n":"Désodorisant Febreze Petit coin Coton - 7.5ml","p":3.2,"u":"400,00 €/L","img":"https://fd5-photos.leclercdrive.fr/image.ashx?id=2955236&use=l&cat=p&typeid=i","cat":311628},{"id":223631,"n":"Huile précieuse Gliss Hair Repair - Schwarzkopf - 75ml","p":6.88,"u":"91,73 €/L","img":"https://fd5-photos.leclercdrive.fr/image.ashx?id=2665274&use=l&cat=p&typeid=i","cat":284608},{"id":223633,"n":"Brossettes Oral-B Pro  Cross Action 4x2","p":64.07,"u":"8,01 €/P","img":"https://fd5-photos.leclercdrive.fr/image.ashx?id=2664848&use=l&cat=p&typeid=i","cat":297133},{"id":223635,"n":"Brossettes Oral-B Pro Sensitive - 4x2","p":64.07,"u":"8,01 €/P","img":"https://fd5-photos.leclercdrive.fr/image.ashx?id=2670122&use=l&cat=p&typeid=i","cat":297133},{"id":223648,"n":"Rasoir Gillette Skinguard + 1 recharge - Aloe vera - x1","p":10.11,"img":"https://fd5-photos.leclercdrive.fr/image.ashx?id=2665499&use=l&cat=p&typeid=i","cat":284616},{"id":223649,"n":"Shampooing Head & shoulder 2-en-1 - Classic - 300ml","p":4.69,"u":"15,63 €/L","img":"https://fd5-photos.leclercdrive.fr/image.ashx?id=2863003&use=l&cat=p&typeid=i","cat":284606},{"id":223650,"n":"Shampooing Head & shoulder 1in1 - Classic - 330ml","p":5.57,"u":"16,88 €/L","img":"https://fd5-photos.leclercdrive.fr/image.ashx?id=2859962&use=l&cat=p&typeid=i","cat":284606},{"id":223654,"n":"Shampooing Head & shoulders 2en1 - Anti-démangeaisons 300ml","p":5.38,"u":"17,93 €/L","img":"https://fd5-photos.leclercdrive.fr/image.ashx?id=2828964&use=l&cat=p&typeid=i","cat":284606},{"id":223661,"n":"Pains au chocolat Croustipate  x6 - 275g","p":2.48,"u":"9,02 €/KG","img":"https://fd5-photos.leclercdrive.fr/image.ashx?id=2902055&use=l&cat=p&typeid=i","cat":333681},{"id":223668,"n":"Sucettes anatomiques Dodie Duo girly - +6 mois - x2","p":6.01,"u":"3,01 €/P","img":"https://fd5-photos.leclercdrive.fr/image.ashx?id=2665409&use=l&cat=p&typeid=i","cat":290430},{"id":223669,"n":"Sucettes anatomiques Dodie Duo nuit - +18 mois - x2","p":4.9,"u":"2,45 €/P","img":"https://fd5-photos.leclercdrive.fr/image.ashx?id=2664968&use=l&cat=p&typeid=i","cat":290430},{"id":223670,"n":"Berocca Energie Orange - x45- 290g","p":19.78,"u":"68,21 €/KG","img":"https://fd5-photos.leclercdrive.fr/image.ashx?id=2664830&use=l&cat=p&typeid=i","cat":301264},{"id":223674,"n":"Gel anti-douleur Granions Décontractant musculaire 100ml","p":9.49,"u":"94,90 €/L","img":"https://fd5-photos.leclercdrive.fr/image.ashx?id=2666198&use=l&cat=p&typeid=i","cat":291163},{"id":223834,"n":"Shampooing Head & shoulders Apple fresh - 330ml","p":6.92,"u":"20,97 €/L","img":"https://fd5-photos.leclercdrive.fr/image.ashx?id=2668767&use=l&cat=p&typeid=i","cat":284606},{"id":223839,"n":"Shampooing Head & shoulders 1in1 - Anti-démangeaisons 330ml","p":5.51,"u":"16,70 €/L","img":"https://fd5-photos.leclercdrive.fr/image.ashx?id=2681329&use=l&cat=p&typeid=i","cat":284606},{"id":223844,"n":"Shampooing Head & shoulders 1in1 - Lisse & soyeux - 330ml","p":6.02,"u":"18,24 €/L","img":"https://fd5-photos.leclercdrive.fr/image.ashx?id=2737843&use=l&cat=p&typeid=i","cat":284606},{"id":223850,"n":"Déodorant Spray Femme Narta Anti-Trace Blanche 48h - 200ml","p":3.11,"u":"15,55 €/L","img":"https://fd5-photos.leclercdrive.fr/image.ashx?id=2678589&use=l&cat=p&typeid=i","cat":284595},{"id":223851,"n":"Déodorant Spray Homme 48h Narta Fraîcheur Classique - 200mL","p":3.13,"u":"15,65 €/L","img":"https://fd5-photos.leclercdrive.fr/image.ashx?id=2675511&use=l&cat=p&typeid=i","cat":284618},{"id":223852,"n":"Déodorant Spray Homme Sans Alcool - Anti-transpirant 200ml","p":2.65,"u":"13,25 €/L","img":"https://fd5-photos.leclercdrive.fr/image.ashx?id=2681880&use=l&cat=p&typeid=i","cat":284618},{"id":223853,"n":"Déodorant Spray Femme Narta Fraîcheur Cologne 48h - 200ml","p":2.4,"u":"12,00 €/L","img":"https://fd5-photos.leclercdrive.fr/image.ashx?id=2678592&use=l&cat=p&typeid=i","cat":284595},{"id":223855,"n":"Déodorant Spray Homme 48h Narta Anti-Traces Blanches - 200ml","p":2.69,"u":"13,45 €/L","img":"https://fd5-photos.leclercdrive.fr/image.ashx?id=2681883&use=l&cat=p&typeid=i","cat":284618},{"id":223857,"n":"Déodorant Spray Femme Narta 48h Sans Alcool - 200ML","p":2.93,"u":"14,65 €/L","img":"https://fd5-photos.leclercdrive.fr/image.ashx?id=2680242&use=l&cat=p&typeid=i","cat":284595},{"id":223858,"n":"Déodorant femme Narta Magnesium protect - 100ml","p":5.0,"u":"50,00 €/L","img":"https://fd5-photos.leclercdrive.fr/image.ashx?id=2680245&use=l&cat=p&typeid=i","cat":284595},{"id":223883,"n":"Gel cheveux Taft  Effet mouillé - 300ml","p":4.15,"u":"13,83 €/L","img":"https://fd5-photos.leclercdrive.fr/image.ashx?id=2666773&use=l&cat=p&typeid=i","cat":284609},{"id":223884,"n":"Brossettes Dentamyl Perfect angle - x2","p":6.99,"u":"3,50 €/P","img":"https://fd5-photos.leclercdrive.fr/image.ashx?id=2824298&use=l&cat=p&typeid=i","cat":297133},{"id":223893,"n":"Lingettes de nettoyage Swiffer Wet Jet - x12","p":7.19,"pp":4.31,"u":"0,36 €/P","img":"https://fd5-photos.leclercdrive.fr/image.ashx?id=2948525&use=l&cat=p&typeid=i","cat":325364},{"id":223917,"n":"Filtres à café Melitta Gourmet intense 1x4 - x80","p":2.23,"img":"https://fd5-photos.leclercdrive.fr/image.ashx?id=2882050&use=l&cat=p&typeid=i","cat":284751},{"id":223919,"n":"Papier aluminium Albal 30m","p":6.26,"img":"https://fd5-photos.leclercdrive.fr/image.ashx?id=2667109&use=l&cat=p&typeid=i","cat":285194},{"id":223920,"n":"Film fraîcheur Albal 50m","p":3.64,"img":"https://fd5-photos.leclercdrive.fr/image.ashx?id=2929059&use=l&cat=p&typeid=i","cat":285194},{"id":223923,"n":"Chocolat crousti Poulain  375g","p":2.46,"u":"6,56 €/KG","img":"https://fd5-photos.leclercdrive.fr/image.ashx?id=2815103&use=l&cat=p&typeid=i","cat":309513},{"id":223925,"n":"Riz Long grain Ben's original Vrac 10mn - 1kg","p":2.88,"u":"2,88 €/KG","img":"https://fd5-photos.leclercdrive.fr/image.ashx?id=2990961&use=l&cat=p&typeid=i","cat":284428},{"id":223928,"n":"Mochi glacé Mangue Passion x6 - 198g","p":6.57,"u":"657,00 €/L","img":"https://fd5-photos.leclercdrive.fr/image.ashx?id=2754063&use=l&cat=p&typeid=i","cat":284266},{"id":223929,"n":"Mochi glacé Chocolat Coco x6 - 198g","p":5.64,"img":"https://fd5-photos.leclercdrive.fr/image.ashx?id=2754069&use=l&cat=p&typeid=i","cat":284266},{"id":223930,"n":"Mochi glacé Litchi x6 - 198g","p":4.74,"img":"https://fd5-photos.leclercdrive.fr/image.ashx?id=2754066&use=l&cat=p&typeid=i","cat":284266},{"id":223931,"n":"Mochi glacé Framboise Pistache x6 - 198g","p":4.66,"u":"23,54 €/P","img":"https://fd5-photos.leclercdrive.fr/image.ashx?id=2754075&use=l&cat=p&typeid=i","cat":284266},{"id":223932,"n":"Mochi glacé  Citron givré x6 - 198g","p":4.62,"u":"462,00 €/L","img":"https://fd5-photos.leclercdrive.fr/image.ashx?id=2754078&use=l&cat=p&typeid=i","cat":284266},{"id":223968,"n":"Ampoule LED Foxter Standard - E27 60W - Chaud x1","p":4.99,"u":"Dont 0,29 € d'éco-part.","img":"https://fd5-photos.leclercdrive.fr/image.ashx?id=2670497&use=l&cat=p&typeid=i","cat":300573},{"id":223975,"n":"Ampoule LED Foxter Standard - B22 60W - Chaud - x1","p":4.99,"u":"Dont 0,29 € d'éco-part.","img":"https://fd5-photos.leclercdrive.fr/image.ashx?id=2670482&use=l&cat=p&typeid=i","cat":300573},{"id":223977,"n":"Ampoule LED Foxter Flamme - E14 40W - Froid x1","p":4.49,"u":"Dont 0,29 € d'éco-part.","img":"https://fd5-photos.leclercdrive.fr/image.ashx?id=2670488&use=l&cat=p&typeid=i","cat":300573},{"id":223978,"n":"Ampoule LED Foxter Spot - GU10 35W - Chaud x1","p":2.99,"u":"Dont 0,29 € d'éco-part.","img":"https://fd5-photos.leclercdrive.fr/image.ashx?id=2670500&use=l&cat=p&typeid=i","cat":300573},{"id":223980,"n":"Ampoules Eco+ Standard - E27 60W - Chaud x3","p":3.19,"u":"Dont 0,86 € d'éco-part.","img":"https://fd5-photos.leclercdrive.fr/image.ashx?id=2670479&use=l&cat=p&typeid=i","cat":300573},{"id":223994,"n":"Confiture maison Cappaccini Figue blanche - 240g","p":3.34,"u":"13,92 €/KG","img":"https://fd5-photos.leclercdrive.fr/image.ashx?id=2667016&use=l&cat=p&typeid=i","cat":284480},{"id":224064,"n":"Mini bâtonnets surimi MSC Fleury Michon - 230g","p":2.56,"u":"11,13 €/KG","img":"https://fd5-photos.leclercdrive.fr/image.ashx?id=2936914&use=l&cat=p&typeid=i","cat":285189},{"id":224082,"n":"Biscuits croquants Délichoc Chocolat au lait pocket - 250g","p":3.03,"u":"12,12 €/KG","img":"https://fd5-photos.leclercdrive.fr/image.ashx?id=2682192&use=l&cat=p&typeid=i","cat":284488},{"id":224092,"n":"Noix de joue de boeuf Férial Carotte oignon - 400g","p":5.99,"u":"14,98 €/KG","img":"https://fd5-photos.leclercdrive.fr/image.ashx?id=2670509&use=l&cat=p&typeid=i","cat":284328},{"id":224140,"n":"Bun's jambon ketchup McCain 460g","p":3.32,"u":"7,22 €/KG","img":"https://fd5-photos.leclercdrive.fr/image.ashx?id=2741180&use=l&cat=p&typeid=i","cat":319822},{"id":224141,"n":"Bun's bolognaise McCain 460g","p":3.32,"u":"7,22 €/KG","img":"https://fd5-photos.leclercdrive.fr/image.ashx?id=2750675&use=l&cat=p&typeid=i","cat":319822},{"id":224143,"n":"Bun's Burger McCain 460g","p":3.32,"u":"7,22 €/KG","img":"https://fd5-photos.leclercdrive.fr/image.ashx?id=2741183&use=l&cat=p&typeid=i","cat":319822},{"id":224144,"n":"Bun's jambon 4 fromages McCain 460g","p":3.69,"u":"8,02 €/KG","img":"https://fd5-photos.leclercdrive.fr/image.ashx?id=2668111&use=l&cat=p&typeid=i","cat":319822},{"id":224235,"n":"Box All Italiana Sodebo  Pesto Verde Parmesan Basi -280g","p":3.17,"u":"11,32 €/KG","img":"https://fd5-photos.leclercdrive.fr/image.ashx?id=2786264&use=l&cat=p&typeid=i","cat":334983},{"id":224237,"n":"Box All Italiana Sodebo  Cacio & Pepe - 280g","p":3.11,"u":"11,11 €/KG","img":"https://fd5-photos.leclercdrive.fr/image.ashx?id=2786267&use=l&cat=p&typeid=i","cat":334983},{"id":224240,"n":"Dentifrice L'Arbre vert Blancheur - Mente - 75ml","p":2.59,"u":"34,53 €/L","img":"https://fd5-photos.leclercdrive.fr/image.ashx?id=2892805&use=l&cat=p&typeid=i","cat":284612},{"id":224251,"n":"Xtrem Box Sodebo Radiatori Tomate Mozza - 400g","p":2.51,"u":"6,28 €/KG","img":"https://fd5-photos.leclercdrive.fr/image.ashx?id=2890142&use=l&cat=p&typeid=i","cat":334983},{"id":224255,"n":"Recharches lames Wilkinson Intuition complete - x3","p":11.03,"u":"3,68 €/P","img":"https://fd5-photos.leclercdrive.fr/image.ashx?id=2669337&use=l&cat=p&typeid=i","cat":325352},{"id":224263,"n":"Monster Energy zéro sucres 50cl","p":1.53,"u":"3,06 €/L","img":"https://fd5-photos.leclercdrive.fr/image.ashx?id=2669358&use=l&cat=p&typeid=i","cat":284533},{"id":224273,"n":"Rasoirs Wilkinson My intuition Hydro silk - x3","p":8.05,"u":"2,68 €/P","img":"https://fd5-photos.leclercdrive.fr/image.ashx?id=2680353&use=l&cat=p&typeid=i","cat":325352},{"id":224275,"n":"Crème pieds Scholl Réparatrice - 2x75ml","p":5.62,"u":"37,47 €/L","img":"https://fd5-photos.leclercdrive.fr/image.ashx?id=2670044&use=l&cat=p&typeid=i","cat":325354},{"id":224350,"n":"Mascara L'Oréal Panorama - Noir - x1","p":11.95,"pp":7.89,"img":"https://fd5-photos.leclercdrive.fr/image.ashx?id=2973538&use=l&cat=p&typeid=i","cat":287029},{"id":224352,"n":"Rouge à lèvres L'Oréal Paris Color Riche 302 Bois de rose","p":11.87,"img":"https://fd5-photos.leclercdrive.fr/image.ashx?id=3014431&use=l&cat=p&typeid=i","cat":287029},{"id":224353,"n":"Eosine Mercurochrome 2% Solution aquese - 100ml","p":3.5,"u":"35,00 €/L","img":"https://fd5-photos.leclercdrive.fr/image.ashx?id=2670710&use=l&cat=p&typeid=i","cat":284630},{"id":224354,"n":"Répulsif Anti-moustiques  Marie Rose - Végétale 100ml","p":7.81,"u":"78,10 €/L","img":"https://fd5-photos.leclercdrive.fr/image.ashx?id=2670713&use=l&cat=p&typeid=i","cat":299654},{"id":224357,"n":"Coloration Permanente Garnier 3.0 Châtain Foncé Chocolat Noir","p":12.48,"img":"https://fd5-photos.leclercdrive.fr/image.ashx?id=2752122&use=l&cat=p&typeid=i","cat":288899},{"id":224359,"n":"Crème Visage Homme Nivea Men Anti-taches Power 2en1 - 50ml","p":13.4,"pp":8.84,"u":"176,80 €/L","img":"https://fd5-photos.leclercdrive.fr/image.ashx?id=3014617&use=l&cat=p&typeid=i","cat":284622},{"id":224360,"n":"Sérum Visage Homme Nivea Men Anti-taches Power 2en1 - 30ml","p":14.62,"pp":9.65,"u":"321,67 €/L","img":"https://fd5-photos.leclercdrive.fr/image.ashx?id=2944915&use=l&cat=p&typeid=i","cat":284622},{"id":224361,"n":"Lait Corps Anti-taches  Nivea Anti-vergeture Luminous - 200ml","p":10.41,"u":"52,05 €/L","img":"https://fd5-photos.leclercdrive.fr/image.ashx?id=2689049&use=l&cat=p&typeid=i","cat":325349},{"id":224362,"n":"Huile Corps Anti-taches  Nivea Anti-vergeture Luminous - 100ml","p":10.71,"u":"107,10 €/L","img":"https://fd5-photos.leclercdrive.fr/image.ashx?id=2689052&use=l&cat=p&typeid=i","cat":325349},{"id":224363,"n":"Piles alcalines Eco+ LR03 - x4","p":0.7,"u":"0,18 €/P","img":"https://fd5-photos.leclercdrive.fr/image.ashx?id=2714829&use=l&cat=p&typeid=i","cat":300572},{"id":224369,"n":"Huile d'olive Terra Delyssa Vierge extra - 50cl","p":6.26,"u":"12,52 €/L","img":"https://fd5-photos.leclercdrive.fr/image.ashx?id=3000399&use=l&cat=p&typeid=i","cat":284453},{"id":224371,"n":"Huile d'olive Terra Delyssa Vierge extra - 75cl","p":8.1,"u":"10,80 €/L","img":"https://fd5-photos.leclercdrive.fr/image.ashx?id=2736850&use=l&cat=p&typeid=i","cat":284453},{"id":224507,"n":"Tasse céramique Avengers Iron Man - Chocolat - 34g","p":4.35,"u":"127,94 €/KG","img":"https://fd5-photos.leclercdrive.fr/image.ashx?id=2671598&use=l&cat=p&typeid=i","cat":327789},{"id":224537,"n":"Gambas royales sauvages Gimbert - 4/6 pièces  400g","p":8.49,"u":"21,23 €/KG","img":"https://fd5-photos.leclercdrive.fr/image.ashx?id=2876737&use=l&cat=p&typeid=i","cat":319787},{"id":224706,"n":"Gnocchi star à poêler Lustucru  300g","p":1.56,"u":"5,20 €/KG","img":"https://fd5-photos.leclercdrive.fr/image.ashx?id=2921630&use=l&cat=p&typeid=i","cat":333682},{"id":224714,"n":"Gnocchini à poêler Lustucru 300g","p":1.66,"u":"5,53 €/KG","img":"https://fd5-photos.leclercdrive.fr/image.ashx?id=2917438&use=l&cat=p&typeid=i","cat":333682},{"id":224717,"n":"Gnocchi roll à poêler Lustucru Cheddar bacon - 280g","p":2.33,"u":"8,32 €/KG","img":"https://fd5-photos.leclercdrive.fr/image.ashx?id=2995121&use=l&cat=p&typeid=i","cat":333682},{"id":224760,"n":"Infusion Elephant  detox fraicheur x20 - 36g","p":2.45,"u":"68,06 €/KG","img":"https://fd5-photos.leclercdrive.fr/image.ashx?id=2677639&use=l&cat=p&typeid=i","cat":293234},{"id":224762,"n":"Infusion Elephant  Douce elimination - x20 - 36g","p":2.02,"u":"56,11 €/KG","img":"https://fd5-photos.leclercdrive.fr/image.ashx?id=2677633&use=l&cat=p&typeid=i","cat":293234},{"id":224763,"n":"Infusion Elephant Pure relaxation - x20 - 32g","p":2.08,"u":"65,00 €/KG","img":"https://fd5-photos.leclercdrive.fr/image.ashx?id=2677636&use=l&cat=p&typeid=i","cat":293234},{"id":224782,"n":"Madeleine Bonne Maman Pur beurre - 600g","p":3.99,"u":"6,65 €/KG","img":"https://fd5-photos.leclercdrive.fr/image.ashx?id=2986287&use=l&cat=p&typeid=i","cat":284492},{"id":224783,"n":"Liqueur Rivière du Mat L'Onctueux - 70cl","p":12.91,"u":"18,44 €/L","img":"https://fd5-photos.leclercdrive.fr/image.ashx?id=2693539&use=l&cat=p&typeid=i","cat":286032},{"id":224787,"n":"Liqueur Rivière du Mat Vanille Bourbon 17° - 70cl","p":12.91,"u":"18,44 €/L","img":"https://fd5-photos.leclercdrive.fr/image.ashx?id=2740001&use=l&cat=p&typeid=i","cat":286032},{"id":224805,"n":"Biscuits Kinder Kinderini Nature et cacao - 250g","p":2.75,"u":"11,00 €/KG","img":"https://fd5-photos.leclercdrive.fr/image.ashx?id=2708372&use=l&cat=p&typeid=i","cat":284488},{"id":224808,"n":"Riz Citron Ben's original  Express 2mn - 220g","p":1.28,"u":"5,82 €/KG","img":"https://fd5-photos.leclercdrive.fr/image.ashx?id=2906442&use=l&cat=p&typeid=i","cat":287600},{"id":224810,"n":"Riz Tomate Ben's original  Express 2mn - 220g","p":1.26,"u":"5,73 €/KG","img":"https://fd5-photos.leclercdrive.fr/image.ashx?id=2995295&use=l&cat=p&typeid=i","cat":287600},{"id":224818,"n":"Riz Basmati Ben's original  Express 2mn - 220g","p":1.26,"u":"5,73 €/KG","img":"https://fd5-photos.leclercdrive.fr/image.ashx?id=2995292&use=l&cat=p&typeid=i","cat":287600},{"id":224822,"n":"Muesli energie Bjorg Bio - 375g","p":3.94,"u":"10,51 €/KG","img":"https://fd5-photos.leclercdrive.fr/image.ashx?id=2906259&use=l&cat=p&typeid=i","cat":309512},{"id":224830,"n":"Riz Complet Ben's original Vrac 12mn - 1kg","p":4.0,"u":"4,00 €/KG","img":"https://fd5-photos.leclercdrive.fr/image.ashx?id=2886307&use=l&cat=p&typeid=i","cat":284428},{"id":224839,"n":"Riz a la Creole Ben's original  Express 2mn - 220g","p":1.69,"u":"7,68 €/KG","img":"https://fd5-photos.leclercdrive.fr/image.ashx?id=2886265&use=l&cat=p&typeid=i","cat":287600},{"id":224841,"n":"Riz a l'Indienne Ben's original  Express 2mn - 220g","p":1.69,"u":"7,68 €/KG","img":"https://fd5-photos.leclercdrive.fr/image.ashx?id=2886268&use=l&cat=p&typeid=i","cat":287600},{"id":224849,"n":"Désinfectant nettoyant Sanytol Pin - 1L","p":3.14,"u":"3,14 €/L","img":"https://fd5-photos.leclercdrive.fr/image.ashx?id=2674581&use=l&cat=p&typeid=i","cat":325357},{"id":224850,"n":"Désinfectant multi-usages Sanytol - Pin - 500ml","p":2.71,"u":"5,42 €/L","img":"https://fd5-photos.leclercdrive.fr/image.ashx?id=2674575&use=l&cat=p&typeid=i","cat":325357},{"id":224851,"n":"Désinfectant nettoyant Sanytol Fraicheur - 1L","p":2.99,"u":"2,99 €/L","img":"https://fd5-photos.leclercdrive.fr/image.ashx?id=2674584&use=l&cat=p&typeid=i","cat":325357},{"id":224853,"n":"Désinfectant multi-usages Sanytol - Eucalyptus - 730ml","p":5.0,"u":"6,85 €/L","img":"https://fd5-photos.leclercdrive.fr/image.ashx?id=2674578&use=l&cat=p&typeid=i","cat":325357},{"id":224856,"n":"Jus innocent ananas fraise 900ml","p":2.79,"u":"3,10 €/L","img":"https://fd5-photos.leclercdrive.fr/image.ashx?id=2879122&use=l&cat=p&typeid=i","cat":285435},{"id":224872,"n":"Riz Complet Ben's original  Express 2mn - 220g","p":1.81,"u":"8,23 €/KG","img":"https://fd5-photos.leclercdrive.fr/image.ashx?id=2886969&use=l&cat=p&typeid=i","cat":287600},{"id":224873,"n":"Riz Paella Ben's original Express 2mn - 220g","p":1.44,"u":"6,55 €/KG","img":"https://fd5-photos.leclercdrive.fr/image.ashx?id=2995310&use=l&cat=p&typeid=i","cat":287600},{"id":224874,"n":"Riz Champignons Ben's original Express 2mn - 220g","p":1.31,"u":"5,95 €/KG","img":"https://fd5-photos.leclercdrive.fr/image.ashx?id=2995307&use=l&cat=p&typeid=i","cat":287600},{"id":224877,"n":"Riz Cantonais Ben's original  Express 2mn - 220g","p":1.59,"u":"7,23 €/KG","img":"https://fd5-photos.leclercdrive.fr/image.ashx?id=2995304&use=l&cat=p&typeid=i","cat":287600},{"id":224879,"n":"Riz Curry Ben's original Express 2mn - 220g","p":1.42,"u":"6,45 €/KG","img":"https://fd5-photos.leclercdrive.fr/image.ashx?id=2906433&use=l&cat=p&typeid=i","cat":287600},{"id":224880,"n":"Riz aux Légumes Ben's original Express 2mn - 220g","p":1.63,"u":"7,41 €/KG","img":"https://fd5-photos.leclercdrive.fr/image.ashx?id=2906430&use=l&cat=p&typeid=i","cat":287600},{"id":224882,"n":"Riz Long grain Ben's original  Sachet cuisson 10mn - 1kg","p":3.05,"u":"3,05 €/KG","img":"https://fd5-photos.leclercdrive.fr/image.ashx?id=2957272&use=l&cat=p&typeid=i","cat":284428},{"id":224883,"n":"Riz Long Grain Ben's original Sachet cuisson 10mn - 750g","p":3.38,"u":"4,51 €/KG","img":"https://fd5-photos.leclercdrive.fr/image.ashx?id=2886313&use=l&cat=p&typeid=i","cat":284428},{"id":224888,"n":"Riz Long grain Ben's original Vrac 20mn - 1kg","p":3.58,"u":"3,58 €/KG","img":"https://fd5-photos.leclercdrive.fr/image.ashx?id=2886301&use=l&cat=p&typeid=i","cat":284428},{"id":224926,"n":"Ketchup Bio Village Bio - 330g","p":1.09,"u":"3,30 €/KG","img":"https://fd5-photos.leclercdrive.fr/image.ashx?id=2958374&use=l&cat=p&typeid=i","cat":284455},{"id":224927,"n":"Boulette oignons bio Cereal Bio  Veggie - 175g","p":2.61,"u":"14,91 €/KG","img":"https://fd5-photos.leclercdrive.fr/image.ashx?id=2675097&use=l&cat=p&typeid=i","cat":284953},{"id":224928,"n":"Boulette barbecue Cereal Bio  Veggie - 175g","p":2.61,"u":"14,91 €/KG","img":"https://fd5-photos.leclercdrive.fr/image.ashx?id=2675094&use=l&cat=p&typeid=i","cat":284953},{"id":224929,"n":"Galette Burger Spicy Cereal Bio bio - 160g","p":2.3,"u":"14,38 €/KG","img":"https://fd5-photos.leclercdrive.fr/image.ashx?id=2675091&use=l&cat=p&typeid=i","cat":284953},{"id":224930,"n":"Lait d'avoine Bjorg Bio Vanille - 1L","p":2.53,"u":"2,53 €/L","img":"https://fd5-photos.leclercdrive.fr/image.ashx?id=2906253&use=l&cat=p&typeid=i","cat":316067},{"id":224931,"n":"Boisson soja Bjorg Bio Proteines - 1L","p":2.39,"u":"2,39 €/L","img":"https://fd5-photos.leclercdrive.fr/image.ashx?id=2939469&use=l&cat=p&typeid=i","cat":316067},{"id":224932,"n":"Boisson végétale Bjorg Bio noisettes sans sucres - 1L","p":2.74,"u":"2,74 €/L","img":"https://fd5-photos.leclercdrive.fr/image.ashx?id=2939466&use=l&cat=p&typeid=i","cat":316067},{"id":224933,"n":"Infusions Elephant Coffret découverte x50 - 89g","p":9.5,"pp":6.65,"u":"74,72 €/KG","img":"https://fd5-photos.leclercdrive.fr/image.ashx?id=2834839&use=l&cat=p&typeid=i","cat":293234},{"id":224935,"n":"Barquette chat Sheba  Mixte en sauce - 12x85g","p":7.43,"img":"https://fd5-photos.leclercdrive.fr/image.ashx?id=2870248&use=l&cat=p&typeid=i","cat":285286},{"id":224936,"n":"Gourdes dès 6mois Bledina Pommes amandes - 4x85g","p":3.57,"u":"10,50 €/KG","img":"https://fd5-photos.leclercdrive.fr/image.ashx?id=2843319&use=l&cat=p&typeid=i","cat":312393},{"id":224937,"n":"Plat en morceaux Bledina 200g","p":2.03,"u":"10,15 €/KG","img":"https://fd5-photos.leclercdrive.fr/image.ashx?id=2866298&use=l&cat=p&typeid=i","cat":312239},{"id":224941,"n":"Champagne Veuve Clicquot Brut - 12,5% - 75cl","p":42.78,"u":"57,04 €/L","img":"https://fd5-photos.leclercdrive.fr/image.ashx?id=2675070&use=l&cat=p&typeid=i","cat":284542},{"id":224970,"n":"Camembert Eco+ 240g","p":1.34,"u":"5,58 €/KG","img":"https://fd5-photos.leclercdrive.fr/image.ashx?id=2675036&use=l&cat=p&typeid=i","cat":314033},{"id":224980,"n":"Après-shamppoing Kératine OGX Du Brésil Cheveux frisés 385ml","p":6.74,"u":"17,51 €/L","img":"https://fd5-photos.leclercdrive.fr/image.ashx?id=2805078&use=l&cat=p&typeid=i","cat":284607},{"id":224983,"n":"Dentifrice Sensodyne Soin blancheur - 2x75ml","p":5.99,"u":"39,93 €/L","img":"https://fd5-photos.leclercdrive.fr/image.ashx?id=2921085&use=l&cat=p&typeid=i","cat":284612},{"id":224986,"n":"Sérum Gliss Longueurs et pointes - 75ml","p":5.77,"u":"76,93 €/L","img":"https://fd5-photos.leclercdrive.fr/image.ashx?id=2675960&use=l&cat=p&typeid=i","cat":284608},{"id":225010,"n":"Sac poubelle coulissant Alfapac Ultra-résistant x10 - 50L","p":2.84,"img":"https://fd5-photos.leclercdrive.fr/image.ashx?id=2676693&use=l&cat=p&typeid=i","cat":285168},{"id":225011,"n":"Sac poubelle coulissant Alfapac Ultra-résistant x15 - 30L","p":2.71,"img":"https://fd5-photos.leclercdrive.fr/image.ashx?id=2676690&use=l&cat=p&typeid=i","cat":285168},{"id":225046,"n":"Huile à barbe homme King C. Gillette - 30ml","p":8.5,"pp":5.1,"u":"170,00 €/L","img":"https://fd5-photos.leclercdrive.fr/image.ashx?id=2746358&use=l&cat=p&typeid=i","cat":284622},{"id":225052,"n":"Dentifrice Oral-B 3D White Charbon - 3x75ml","p":6.59,"u":"29,29 €/L","img":"https://fd5-photos.leclercdrive.fr/image.ashx?id=2676228&use=l&cat=p&typeid=i","cat":284612},{"id":225118,"n":"Tondeuse à barbe Gillette King C Gillette - x2 sabots","p":39.35,"img":"https://fd5-photos.leclercdrive.fr/image.ashx?id=2676882&use=l&cat=p&typeid=i","cat":284616},{"id":225166,"n":"Aluminium gaufré Alfapac 10m","p":1.86,"img":"https://fd5-photos.leclercdrive.fr/image.ashx?id=2870443&use=l&cat=p&typeid=i","cat":334134},{"id":225198,"n":"Nettoyant spray Chanteclair Anticalcaire - 625ml","p":2.66,"u":"4,26 €/L","img":"https://fd5-photos.leclercdrive.fr/image.ashx?id=2677585&use=l&cat=p&typeid=i","cat":325362},{"id":225217,"n":"Infusion Nuit Calme Yogi Bio x15 - 27g","p":2.57,"u":"95,19 €/KG","img":"https://fd5-photos.leclercdrive.fr/image.ashx?id=2677486&use=l&cat=p&typeid=i","cat":293234},{"id":225218,"n":"Thé Chaï aux Epices Yogi Bio  x15 - 27g","p":3.03,"u":"101,00 €/KG","img":"https://fd5-photos.leclercdrive.fr/image.ashx?id=2677483&use=l&cat=p&typeid=i","cat":293234},{"id":225223,"n":"Jus de citron Siracuse  1L","p":3.74,"u":"3,74 €/L","img":"https://fd5-photos.leclercdrive.fr/image.ashx?id=2677582&use=l&cat=p&typeid=i","cat":288383},{"id":225248,"n":"Tartine céréales Gerblé  Matin - 125g","p":1.65,"u":"13,20 €/KG","img":"https://fd5-photos.leclercdrive.fr/image.ashx?id=2688866&use=l&cat=p&typeid=i","cat":318651},{"id":225249,"n":"Olives Tramier Recettes du marché 150g","p":2.42,"u":"16,13 €/KG","img":"https://fd5-photos.leclercdrive.fr/image.ashx?id=2882620&use=l&cat=p&typeid=i","cat":284458},{"id":225251,"n":"Crème Vinaigre balsamique  Tramier - 250g","p":3.16,"u":"12,64 €/KG","img":"https://fd5-photos.leclercdrive.fr/image.ashx?id=2677192&use=l&cat=p&typeid=i","cat":298543},{"id":225253,"n":"Recettes du Marché Tramier  Marinade Piment & Paprika 150g","p":2.4,"u":"16,00 €/L","img":"https://fd5-photos.leclercdrive.fr/image.ashx?id=2882614&use=l&cat=p&typeid=i","cat":284450},{"id":225256,"n":"Recettes du Marché Tramier  Basilic Herbes de Provence 150g","p":2.38,"u":"15,87 €/KG","img":"https://fd5-photos.leclercdrive.fr/image.ashx?id=2882611&use=l&cat=p&typeid=i","cat":284450},{"id":225260,"n":"Viande bovine Picanha Black Angus x2 - 350g","p":13.77,"u":"39,34 €/KG","img":"https://fd5-photos.leclercdrive.fr/image.ashx?id=1914789&use=l&cat=p&typeid=i","cat":284328},{"id":225261,"n":"Viande bovine Faux-filet Black Angus x2  - 350g","p":17.06,"u":"48,74 €/KG","img":"https://fd5-photos.leclercdrive.fr/image.ashx?id=1914792&use=l&cat=p&typeid=i","cat":284328},{"id":225262,"n":"Bavette d'aloyau de boeuf Black Angus x2 - 350g","p":12.68,"u":"36,23 €/KG","img":"https://fd5-photos.leclercdrive.fr/image.ashx?id=1914795&use=l&cat=p&typeid=i","cat":284328},{"id":225275,"n":"Doomino Chocolat blanc St-Michel - 180g","p":1.81,"u":"10,06 €/KG","img":"https://fd5-photos.leclercdrive.fr/image.ashx?id=2950003&use=l&cat=p&typeid=i","cat":284495},{"id":225276,"n":"Galette moelleuse tigrée Choco blanc - St Michel - 180g","p":1.81,"u":"10,06 €/KG","img":"https://fd5-photos.leclercdrive.fr/image.ashx?id=2953501&use=l&cat=p&typeid=i","cat":284495},{"id":225278,"n":"Petits feuilletés Bonne maman - 250g","p":2.3,"u":"9,20 €/KG","img":"https://fd5-photos.leclercdrive.fr/image.ashx?id=2950012&use=l&cat=p&typeid=i","cat":284488},{"id":225279,"n":"Petits sablés éclats caramel Bonne maman - 250g","p":2.7,"u":"10,80 €/KG","img":"https://fd5-photos.leclercdrive.fr/image.ashx?id=2936275&use=l&cat=p&typeid=i","cat":284487},{"id":225302,"n":"AOC Coteaux d'Aix-en-Provence Cicada La légende 75cl","p":10.82,"u":"14,43 €/L","img":"https://fd5-photos.leclercdrive.fr/image.ashx?id=2833450&use=l&cat=p&typeid=i","cat":289558},{"id":225303,"n":"AOC Coteaux d'Aix-en-Provence Cymbaline bio 75cl","p":12.66,"u":"16,88 €/L","img":"https://fd5-photos.leclercdrive.fr/image.ashx?id=3004873&use=l&cat=p&typeid=i","cat":289558},{"id":225309,"n":"Bière blonde Kronenbourg 4,2° - 30x25cl","p":14.06,"u":"1,87 €/L","img":"https://fd5-photos.leclercdrive.fr/image.ashx?id=2992759&use=l&cat=p&typeid=i","cat":334873},{"id":225310,"n":"Boisson aux Fruits Tropico Tropical - Bouteille - 1,25L","p":1.76,"u":"1,41 €/L","img":"https://fd5-photos.leclercdrive.fr/image.ashx?id=2736811&use=l&cat=p&typeid=i","cat":295018},{"id":225311,"n":"Boisson Tropico Orange Ananas - 1.25 L","p":1.56,"u":"1,25 €/L","img":"https://fd5-photos.leclercdrive.fr/image.ashx?id=2977702&use=l&cat=p&typeid=i","cat":295018},{"id":225312,"n":"Boisson aux fruits Tropico  Fraise Kiwi - Bouteille - 1,25L","p":1.97,"u":"1,58 €/L","img":"https://fd5-photos.leclercdrive.fr/image.ashx?id=2682370&use=l&cat=p&typeid=i","cat":295018},{"id":225346,"n":"Lames Venus Comfortglide x12","p":36.88,"u":"3,07 €/P","img":"https://fd5-photos.leclercdrive.fr/image.ashx?id=2679687&use=l&cat=p&typeid=i","cat":325352},{"id":225370,"n":"Boisson énergisante Rockstar Orange sanguine - 50cl","p":1.07,"u":"2,14 €/L","img":"https://fd5-photos.leclercdrive.fr/image.ashx?id=2679011&use=l&cat=p&typeid=i","cat":284533},{"id":225374,"n":"Pizza L'Ovale Sodebo Poulet cheddar - 200g","p":1.84,"u":"9,20 €/KG","img":"https://fd5-photos.leclercdrive.fr/image.ashx?id=2995124&use=l&cat=p&typeid=i","cat":333679},{"id":225379,"n":"Soin lissant Laura Sims Smooth & Shine - 100ml","p":17.95,"u":"179,50 €/L","img":"https://fd5-photos.leclercdrive.fr/image.ashx?id=2680728&use=l&cat=p&typeid=i","cat":284608},{"id":225422,"n":"Pommes de terre C'est Qui Le Patron - 2kg","p":3.79,"u":"1,90 €/KG","img":"https://fd5-photos.leclercdrive.fr/image.ashx?id=2679482&use=l&cat=p&typeid=i","cat":284352},{"id":225442,"n":"Jambon purée Fleury Michon à la crème fraîche - 300g","p":2.88,"u":"9,60 €/KG","img":"https://fd5-photos.leclercdrive.fr/image.ashx?id=3003269&use=l&cat=p&typeid=i","cat":333665},{"id":225443,"n":"Risotto Fleury Michon Saint Jacques poireaux - 280g","p":4.0,"u":"14,29 €/KG","img":"https://fd5-photos.leclercdrive.fr/image.ashx?id=3003263&use=l&cat=p&typeid=i","cat":333665},{"id":225445,"n":"Les tranches Fleury Michon Pois chiches x4 - 120g","p":1.88,"u":"15,67 €/KG","img":"https://fd5-photos.leclercdrive.fr/image.ashx?id=2902007&use=l&cat=p&typeid=i","cat":316036},{"id":225446,"n":"Les tranches Fleury Michon Lentilles corail  x4 - 120g","p":2.11,"u":"17,58 €/KG","img":"https://fd5-photos.leclercdrive.fr/image.ashx?id=2900905&use=l&cat=p&typeid=i","cat":316036},{"id":225447,"n":"Les tranches Fleury Michon Haricots blancs x4 - 120g","p":2.11,"u":"17,58 €/KG","img":"https://fd5-photos.leclercdrive.fr/image.ashx?id=2902010&use=l&cat=p&typeid=i","cat":316036},{"id":225461,"n":"Déodorant Bille Homme 48h Narta Anti-traces - 50ml","p":2.63,"u":"52,60 €/L","img":"https://fd5-photos.leclercdrive.fr/image.ashx?id=2681859&use=l&cat=p&typeid=i","cat":284618},{"id":225462,"n":"Déodorant Bille Femme Narta Anti-Transpirant 48h - 50ml","p":2.92,"u":"58,40 €/L","img":"https://fd5-photos.leclercdrive.fr/image.ashx?id=2681862&use=l&cat=p&typeid=i","cat":284595},{"id":225463,"n":"Déodorant Bille Homme 48h Narta Fraîcheur Polaire - 50ml","p":2.4,"u":"48,00 €/L","img":"https://fd5-photos.leclercdrive.fr/image.ashx?id=2681865&use=l&cat=p&typeid=i","cat":284618},{"id":225464,"n":"Déodorant Bille bio Femme Narta Sans Alcool - 50ml","p":2.69,"u":"53,80 €/L","img":"https://fd5-photos.leclercdrive.fr/image.ashx?id=2681868&use=l&cat=p&typeid=i","cat":284595},{"id":225465,"n":"Déodorant Bille Femme Narta Anti-Traces 48h - 50ml","p":2.92,"u":"58,40 €/L","img":"https://fd5-photos.leclercdrive.fr/image.ashx?id=2681871&use=l&cat=p&typeid=i","cat":284595},{"id":225466,"n":"Déodorant Bille Femme Narta Anti-Traces Sans alcool - 50ml","p":2.4,"u":"48,00 €/L","img":"https://fd5-photos.leclercdrive.fr/image.ashx?id=2681874&use=l&cat=p&typeid=i","cat":284595},{"id":225468,"n":"Déodorant Bille Homme 48h Narta Anti-Traces Blanches - 50ml","p":2.59,"u":"51,80 €/L","img":"https://fd5-photos.leclercdrive.fr/image.ashx?id=2681886&use=l&cat=p&typeid=i","cat":284618},{"id":225472,"n":"Shampooing Head & Shoulders  Menthol fresh - 300ml","p":5.51,"u":"18,37 €/L","img":"https://fd5-photos.leclercdrive.fr/image.ashx?id=2843517&use=l&cat=p&typeid=i","cat":284606},{"id":225614,"n":"Désinfectant Sanytol Eucalyptus - Multi-usage 500ml","p":2.81,"u":"5,62 €/L","img":"https://fd5-photos.leclercdrive.fr/image.ashx?id=2894800&use=l&cat=p&typeid=i","cat":325357},{"id":225615,"n":"Chips NRT Sel du Morbihan - 125g","p":1.79,"u":"14,32 €/KG","img":"https://fd5-photos.leclercdrive.fr/image.ashx?id=2771432&use=l&cat=p&typeid=i","cat":284447},{"id":225616,"n":"Chips NRT Piment d'espelette - 125g","p":1.99,"u":"15,92 €/KG","img":"https://fd5-photos.leclercdrive.fr/image.ashx?id=2771435&use=l&cat=p&typeid=i","cat":284447},{"id":225617,"n":"Désinfectant Sanytol Pamplemousse Multi-usage 500ml","p":3.08,"u":"6,16 €/L","img":"https://fd5-photos.leclercdrive.fr/image.ashx?id=2682144&use=l&cat=p&typeid=i","cat":325357},{"id":225618,"n":"Chips NRT Herbes de provence - 125g","p":1.99,"u":"15,92 €/KG","img":"https://fd5-photos.leclercdrive.fr/image.ashx?id=2771438&use=l&cat=p&typeid=i","cat":284447},{"id":225619,"n":"Désinfectant nettoyant Sanytol Multi-surfaces - Eucalyptus 1L","p":2.27,"u":"2,27 €/L","img":"https://fd5-photos.leclercdrive.fr/image.ashx?id=2866319&use=l&cat=p&typeid=i","cat":284907},{"id":225621,"n":"Nettoyant désinfectant sols surfaces citron Sanytol - 1L","p":2.5,"u":"2,50 €/L","img":"https://fd5-photos.leclercdrive.fr/image.ashx?id=2682150&use=l&cat=p&typeid=i","cat":325357},{"id":225622,"n":"Lingettes optiques - Nettoyant lunettes x52","p":1.33,"u":"0,03 €/P","img":"https://fd5-photos.leclercdrive.fr/image.ashx?id=2681536&use=l&cat=p&typeid=i","cat":288862},{"id":225623,"n":"Lingettes optiques - Nettoyant  lunettes x30","p":1.29,"u":"0,04 €/P","img":"https://fd5-photos.leclercdrive.fr/image.ashx?id=2681539&use=l&cat=p&typeid=i","cat":288862},{"id":225628,"n":"Bière Blonde Peroni 50cl - 5%vol","p":2.13,"u":"4,26 €/L","img":"https://fd5-photos.leclercdrive.fr/image.ashx?id=2682406&use=l&cat=p&typeid=i","cat":334853},{"id":225643,"n":"Sirop Monin Vanille expérience - 33cl","p":3.14,"u":"9,52 €/L","img":"https://fd5-photos.leclercdrive.fr/image.ashx?id=2682941&use=l&cat=p&typeid=i","cat":295020},{"id":225647,"n":"Maïs Géant Vert extra tendre sans résidu pesticides - 3x140g","p":2.0,"u":"4,76 €/KG","img":"https://fd5-photos.leclercdrive.fr/image.ashx?id=2977366&use=l&cat=p&typeid=i","cat":312611},{"id":225649,"n":"Gaufre de liège Lotus Format familial - x10  450g","p":2.36,"u":"5,24 €/KG","img":"https://fd5-photos.leclercdrive.fr/image.ashx?id=2694980&use=l&cat=p&typeid=i","cat":294777},{"id":225653,"n":"Mini pots Häagen-Dazs  Delight collection x4 - 324g","p":5.87,"u":"18,12 €/KG","img":"https://fd5-photos.leclercdrive.fr/image.ashx?id=2893489&use=l&cat=p&typeid=i","cat":284725},{"id":225654,"n":"Skyr Bio Les 300 Laitiers Bio Nature - 4x100g","p":2.32,"u":"5,80 €/KG","img":"https://fd5-photos.leclercdrive.fr/image.ashx?id=2683136&use=l&cat=p&typeid=i","cat":315000},{"id":225655,"n":"Huile d'olive Terra Delyssa Vierge extra - 75cl","p":8.09,"u":"10,79 €/L","img":"https://fd5-photos.leclercdrive.fr/image.ashx?id=2686153&use=l&cat=p&typeid=i","cat":284453},{"id":225657,"n":"Mon Huile d'Olive Tramier  Subtile 1l","p":9.78,"u":"9,78 €/L","img":"https://fd5-photos.leclercdrive.fr/image.ashx?id=2834047&use=l&cat=p&typeid=i","cat":284453},{"id":225662,"n":"Purée lisse petits pois Yooji Bio - 4 mois - 400g","p":3.16,"u":"7,90 €/KG","img":"https://fd5-photos.leclercdrive.fr/image.ashx?id=2683187&use=l&cat=p&typeid=i","cat":319805},{"id":225663,"n":"Yakitoris au poulet Tables du Monde x8 - 210g","p":4.22,"u":"20,10 €/KG","img":"https://fd5-photos.leclercdrive.fr/image.ashx?id=2682015&use=l&cat=p&typeid=i","cat":319774},{"id":225666,"n":"Brochettes boeuf fromage Tables du Monde x6 - 226g","p":5.99,"u":"26,50 €/KG","img":"https://fd5-photos.leclercdrive.fr/image.ashx?id=2682021&use=l&cat=p&typeid=i","cat":319774},{"id":225700,"n":"Bière blonde Leffe Prestige 124 8,5% - 6x25cl","p":6.89,"u":"4,59 €/L","img":"https://fd5-photos.leclercdrive.fr/image.ashx?id=2695007&use=l&cat=p&typeid=i","cat":334852},{"id":225703,"n":"Aérosol répulsif Raid Moustiques - 300ml","p":2.99,"u":"9,97 €/L","img":"https://fd5-photos.leclercdrive.fr/image.ashx?id=2736385&use=l&cat=p&typeid=i","cat":298368},{"id":225704,"n":"Recharge électrique Raid Liquide - 32ml - 45 nuits x1","p":5.06,"img":"https://fd5-photos.leclercdrive.fr/image.ashx?id=2788850&use=l&cat=p&typeid=i","cat":298368},{"id":225706,"n":"Aérosol répulsif Raid Fourmis et cafards - 300ml","p":3.26,"u":"10,87 €/L","img":"https://fd5-photos.leclercdrive.fr/image.ashx?id=2736382&use=l&cat=p&typeid=i","cat":298368},{"id":225707,"n":"Piège Raid Mites alimentaires - x2","p":2.87,"u":"1,44 €/P","img":"https://fd5-photos.leclercdrive.fr/image.ashx?id=2683257&use=l&cat=p&typeid=i","cat":298368},{"id":225709,"n":"Piège lumineux Raid Essentials Diffuseur - Insectes - x1","p":11.86,"img":"https://fd5-photos.leclercdrive.fr/image.ashx?id=2911549&use=l&cat=p&typeid=i","cat":298368},{"id":225710,"n":"Piège lumineux Raid Essentials Recharge - Insectes volants x2","p":5.79,"u":"2,90 €/P","img":"https://fd5-photos.leclercdrive.fr/image.ashx?id=2798218&use=l&cat=p&typeid=i","cat":298368},{"id":225714,"n":"Infusion Yogi Bio Elixir pour la gorge x15 - 27g","p":2.65,"u":"98,15 €/KG","img":"https://fd5-photos.leclercdrive.fr/image.ashx?id=2683199&use=l&cat=p&typeid=i","cat":293234},{"id":225722,"n":"Recharge électrique Pyrel Répulsif moustiques x1","p":6.52,"img":"https://fd5-photos.leclercdrive.fr/image.ashx?id=2683235&use=l&cat=p&typeid=i","cat":298368},{"id":225732,"n":"Bonbons Haribo méga fête Assortiment mini sachets - 880g","p":8.57,"u":"9,74 €/KG","img":"https://fd5-photos.leclercdrive.fr/image.ashx?id=2984961&use=l&cat=p&typeid=i","cat":304250},{"id":225734,"n":"Tablette chocolat au lait Noisettes et amandes - 100g","p":2.93,"u":"29,30 €/KG","img":"https://fd5-photos.leclercdrive.fr/image.ashx?id=2683835&use=l&cat=p&typeid=i","cat":284497},{"id":225743,"n":"Coloration Permanente Garnier Color Sensation 1.0 Noir","p":4.53,"img":"https://fd5-photos.leclercdrive.fr/image.ashx?id=2684254&use=l&cat=p&typeid=i","cat":288899},{"id":225744,"n":"Coloration Permanente Garnier 2.10 Noir Bleuté","p":3.68,"img":"https://fd5-photos.leclercdrive.fr/image.ashx?id=2684242&use=l&cat=p&typeid=i","cat":288899},{"id":225745,"n":"Coloration Permanente Garnier Color Sensation 4.0 Châtain","p":4.12,"img":"https://fd5-photos.leclercdrive.fr/image.ashx?id=2684245&use=l&cat=p&typeid=i","cat":288899},{"id":225747,"n":"Coloration Permanente Garnier 5.35 Châtain Clair Cannelle","p":4.12,"img":"https://fd5-photos.leclercdrive.fr/image.ashx?id=2684251&use=l&cat=p&typeid=i","cat":288899},{"id":225748,"n":"Coloration Permanente Garnier Color Sensation 7.0 Blond","p":4.12,"u":"27,11 €/KG","img":"https://fd5-photos.leclercdrive.fr/image.ashx?id=2684248&use=l&cat=p&typeid=i","cat":288899},{"id":225749,"n":"Masque Lissant Ultra Doux Eau de Riz - 340ml","p":4.67,"u":"13,74 €/L","img":"https://fd5-photos.leclercdrive.fr/image.ashx?id=2684233&use=l&cat=p&typeid=i","cat":284608},{"id":225751,"n":"Shampoing Lissant Ultra Doux Cheveux longs - 250ml","p":2.69,"u":"10,76 €/L","img":"https://fd5-photos.leclercdrive.fr/image.ashx?id=2684236&use=l&cat=p&typeid=i","cat":284606},{"id":225752,"n":"Après-shampooing Garnier Ultra Doux - Eau de riz - 200ml","p":2.9,"u":"14,50 €/L","img":"https://fd5-photos.leclercdrive.fr/image.ashx?id=2684239&use=l&cat=p&typeid=i","cat":284607},{"id":225753,"n":"Gel douche So'Bio Etic Criste Marine Bio & cédrat 450ml","p":5.21,"u":"11,58 €/L","img":"https://fd5-photos.leclercdrive.fr/image.ashx?id=2794490&use=l&cat=p&typeid=i","cat":284594},{"id":225755,"n":"Crème dépilatoire Veet Men Peaux sensibles - 400ml","p":7.17,"u":"17,93 €/L","img":"https://fd5-photos.leclercdrive.fr/image.ashx?id=2785448&use=l&cat=p&typeid=i","cat":284617},{"id":225766,"n":"Shampooing OGX Huile argan Maroc - 385ml","p":6.97,"u":"18,10 €/L","img":"https://fd5-photos.leclercdrive.fr/image.ashx?id=2805081&use=l&cat=p&typeid=i","cat":284606},{"id":225769,"n":"Change culottes Mots d'enfants T7 - 17kg - x15","p":5.15,"u":"0,34 €/P","img":"https://fd5-photos.leclercdrive.fr/image.ashx?id=2907249&use=l&cat=p&typeid=i","cat":290633},{"id":225770,"n":"Filtres à café Plantation N°2 - x80","p":1.33,"u":"0,02 €/P","img":"https://fd5-photos.leclercdrive.fr/image.ashx?id=2756940&use=l&cat=p&typeid=i","cat":284751},{"id":225771,"n":"Disque à démaquiller Inell Lavables - x5","p":4.99,"u":"1,00 €/P","img":"https://fd5-photos.leclercdrive.fr/image.ashx?id=2683496&use=l&cat=p&typeid=i","cat":285593},{"id":225773,"n":"Mouchoirs Lotus Sensitive - x110","p":2.6,"u":"0,02 €/P","img":"https://fd5-photos.leclercdrive.fr/image.ashx?id=2684296&use=l&cat=p&typeid=i","cat":284638},{"id":225780,"n":"Dentifrice Sanogyl Biome Protège gencive - 75ml","p":3.33,"u":"44,40 €/L","img":"https://fd5-photos.leclercdrive.fr/image.ashx?id=2684152&use=l&cat=p&typeid=i","cat":284612},{"id":225781,"n":"Rouleau de laine Silex Bois - x40","p":4.23,"u":"0,11 €/P","img":"https://fd5-photos.leclercdrive.fr/image.ashx?id=2931862&use=l&cat=p&typeid=i","cat":300578},{"id":225784,"n":"Bandes de cire Veet Pure Froide - Aisselles - x16","p":4.14,"u":"0,26 €/P","img":"https://fd5-photos.leclercdrive.fr/image.ashx?id=2970795&use=l&cat=p&typeid=i","cat":325351},{"id":225785,"n":"Bandes de cire Veet Pure Jambes - x20","p":4.24,"u":"0,21 €/P","img":"https://fd5-photos.leclercdrive.fr/image.ashx?id=2964956&use=l&cat=p&typeid=i","cat":325351},{"id":225786,"n":"Lingettes Intima Regul'Active - x20","p":2.76,"u":"0,14 €/P","img":"https://fd5-photos.leclercdrive.fr/image.ashx?id=2689787&use=l&cat=p&typeid=i","cat":284627},{"id":225788,"n":"Recharge savon Dettol Karité - 250ml","p":3.35,"u":"13,40 €/L","img":"https://fd5-photos.leclercdrive.fr/image.ashx?id=2969016&use=l&cat=p&typeid=i","cat":284597},{"id":225789,"n":"Bandes de cire Veet Maillot - x16","p":5.32,"u":"0,33 €/P","img":"https://fd5-photos.leclercdrive.fr/image.ashx?id=2865662&use=l&cat=p&typeid=i","cat":325351},{"id":225793,"n":"Liquide vaisselle Paic Acti Froid - Menthe - 500ml","p":2.52,"u":"5,04 €/L","img":"https://fd5-photos.leclercdrive.fr/image.ashx?id=2684335&use=l&cat=p&typeid=i","cat":284655},{"id":225794,"n":"Gle intime Mucogyne Non-hormonal x8 unidoses 40ml","p":13.09,"u":"327,25 €/L","img":"https://fd5-photos.leclercdrive.fr/image.ashx?id=2913295&use=l&cat=p&typeid=i","cat":328622},{"id":225795,"n":"Lubrifiant Saforelle Intime - 30ml","p":8.99,"u":"299,67 €/L","img":"https://fd5-photos.leclercdrive.fr/image.ashx?id=2684164&use=l&cat=p&typeid=i","cat":328622},{"id":225796,"n":"Crème Créaline DS+crème Bioderma - Soin apaisant 40ml","p":10.99,"u":"274,75 €/L","img":"https://fd5-photos.leclercdrive.fr/image.ashx?id=2683775&use=l&cat=p&typeid=i","cat":291171},{"id":225798,"n":"Crème hydraliane SVR Hydratation intense - 50ml","p":10.9,"u":"218,00 €/L","img":"https://fd5-photos.leclercdrive.fr/image.ashx?id=2968355&use=l&cat=p&typeid=i","cat":291171},{"id":225819,"n":"Canderel liquide 200 ml","p":2.44,"u":"12,20 €/L","img":"https://fd5-photos.leclercdrive.fr/image.ashx?id=2812828&use=l&cat=p&typeid=i","cat":324846},{"id":225891,"n":"Bière blonde 1664 5,5° - 18x25cl","p":11.4,"pp":8.55,"u":"1,90 €/L","img":"https://fd5-photos.leclercdrive.fr/image.ashx?id=2684931&use=l&cat=p&typeid=i","cat":334873},{"id":225931,"n":"Tuiles Monster Munch  Crazy barbecue - 150g","p":1.9,"u":"12,67 €/KG","img":"https://fd5-photos.leclercdrive.fr/image.ashx?id=2923993&use=l&cat=p&typeid=i","cat":287899},{"id":225945,"n":"Boisson Gazeuse Maison Perrier Magnetic Juice Citron 4x25cl","p":2.24,"u":"2,24 €/L","img":"https://fd5-photos.leclercdrive.fr/image.ashx?id=2924884&use=l&cat=p&typeid=i","cat":284536},{"id":225947,"n":"Bière blonde 1664 5,5° 24x25cl","p":14.15,"u":"2,36 €/L","img":"https://fd5-photos.leclercdrive.fr/image.ashx?id=2686597&use=l&cat=p&typeid=i","cat":334873},{"id":225952,"n":"Purée Jardin Bio Bio lentilles corail - 250g","p":2.25,"u":"9,00 €/KG","img":"https://fd5-photos.leclercdrive.fr/image.ashx?id=2976824&use=l&cat=p&typeid=i","cat":284953},{"id":226006,"n":"Cracky's soufflés de maïs Crème oignon Menguy's - 180g","p":1.18,"u":"6,56 €/KG","img":"https://fd5-photos.leclercdrive.fr/image.ashx?id=2845386&use=l&cat=p&typeid=i","cat":284449},{"id":226017,"n":"Crème glacée italienne Saporit Vanille coulis caramel - 500g","p":3.69,"u":"7,38 €/KG","img":"https://fd5-photos.leclercdrive.fr/image.ashx?id=2686272&use=l&cat=p&typeid=i","cat":284725},{"id":226022,"n":"Crème glacée italienne Saporit Café liégois vanille - 500g","p":3.33,"u":"6,66 €/KG","img":"https://fd5-photos.leclercdrive.fr/image.ashx?id=2686275&use=l&cat=p&typeid=i","cat":284725},{"id":226026,"n":"Capsules Mars Dolce Gusto x8 - 120g","p":5.1,"u":"42,50 €/KG","img":"https://fd5-photos.leclercdrive.fr/image.ashx?id=2736649&use=l&cat=p&typeid=i","cat":293239},{"id":226027,"n":"Capsules Twix Dolce Gusto x8 - 120g","p":5.1,"u":"42,50 €/KG","img":"https://fd5-photos.leclercdrive.fr/image.ashx?id=2736652&use=l&cat=p&typeid=i","cat":293239},{"id":226028,"n":"Capsules Milky Way Dolce Gusto x8 - 120g","p":4.95,"u":"41,25 €/KG","img":"https://fd5-photos.leclercdrive.fr/image.ashx?id=2686132&use=l&cat=p&typeid=i","cat":293239},{"id":226029,"n":"Capsules Malteser Dolce Gusto x8 - 120g","p":5.02,"u":"41,83 €/KG","img":"https://fd5-photos.leclercdrive.fr/image.ashx?id=2736655&use=l&cat=p&typeid=i","cat":293239},{"id":226030,"n":"Capsules Bounty Dolce Gusto x8 - 120g","p":5.01,"u":"41,75 €/KG","img":"https://fd5-photos.leclercdrive.fr/image.ashx?id=2697258&use=l&cat=p&typeid=i","cat":293239},{"id":226031,"n":"Capsules Snickers Dolce Gusto x8 - 120g","p":5.02,"u":"41,83 €/KG","img":"https://fd5-photos.leclercdrive.fr/image.ashx?id=2697261&use=l&cat=p&typeid=i","cat":293239},{"id":226057,"n":"Saint jacques à la bretonne Marie - 300g","p":4.41,"u":"14,70 €/KG","img":"https://fd5-photos.leclercdrive.fr/image.ashx?id=2686822&use=l&cat=p&typeid=i","cat":333665},{"id":226058,"n":"Emincés de poulet à la normande Marie - 300g","p":4.87,"u":"16,23 €/KG","img":"https://fd5-photos.leclercdrive.fr/image.ashx?id=2686825&use=l&cat=p&typeid=i","cat":333665},{"id":226059,"n":"Spaghetti à la bolognaise Marie - 300g","p":3.45,"u":"11,50 €/KG","img":"https://fd5-photos.leclercdrive.fr/image.ashx?id=2686828&use=l&cat=p&typeid=i","cat":333665},{"id":226061,"n":"Parmentier de canard Marie - 300g","p":4.49,"u":"14,97 €/KG","img":"https://fd5-photos.leclercdrive.fr/image.ashx?id=2686831&use=l&cat=p&typeid=i","cat":333665},{"id":226063,"n":"Spaghetti au poulet et pesto WW - 290g","p":4.09,"u":"14,10 €/KG","img":"https://fd5-photos.leclercdrive.fr/image.ashx?id=2880733&use=l&cat=p&typeid=i","cat":333665},{"id":226069,"n":"Pâtes fraîches Saint-Jean Girolles poêlées persil - 250g","p":3.0,"u":"12,00 €/KG","img":"https://fd5-photos.leclercdrive.fr/image.ashx?id=2686870&use=l&cat=p&typeid=i","cat":333682},{"id":226071,"n":"Raviolis Saint-Jean Boursin Ail fines herbes - 250g","p":2.94,"u":"11,76 €/KG","img":"https://fd5-photos.leclercdrive.fr/image.ashx?id=2686876&use=l&cat=p&typeid=i","cat":333682},{"id":226108,"n":"Chocolat Nesquik 800g","p":4.84,"u":"6,05 €/KG","img":"https://fd5-photos.leclercdrive.fr/image.ashx?id=3005377&use=l&cat=p&typeid=i","cat":293235},{"id":226111,"n":"Muesli  Grainea Chocolat noir - 500g","p":2.27,"u":"4,54 €/KG","img":"https://fd5-photos.leclercdrive.fr/image.ashx?id=2931859&use=l&cat=p&typeid=i","cat":309512},{"id":226116,"n":"Chewing-gum Mentos Pure Fresh  Fresh Mint sans sucres - 100g","p":3.4,"u":"34,00 €/KG","img":"https://fd5-photos.leclercdrive.fr/image.ashx?id=2687707&use=l&cat=p&typeid=i","cat":304251},{"id":226122,"n":"Biscuits Delacre Cigarettes Russes - 230g","p":1.65,"u":"7,17 €/KG","img":"https://fd5-photos.leclercdrive.fr/image.ashx?id=2688833&use=l&cat=p&typeid=i","cat":284490},{"id":226134,"n":"Gel wc canard Fresh disc 1p","p":2.78,"img":"https://fd5-photos.leclercdrive.fr/image.ashx?id=2690093&use=l&cat=p&typeid=i","cat":284662},{"id":226137,"n":"Sun caps  x39 - 585g","p":11.76,"u":"20,10 €/KG","img":"https://fd5-photos.leclercdrive.fr/image.ashx?id=2877262&use=l&cat=p&typeid=i","cat":284656},{"id":226206,"n":"Compote Materne Pommes d'Occitanie  - 1.2kg","p":4.43,"u":"3,69 €/KG","img":"https://fd5-photos.leclercdrive.fr/image.ashx?id=3003125&use=l&cat=p&typeid=i","cat":284416},{"id":226236,"n":"Lessive Bébé Persavon Amande douce Bio - x30 - 1.5L","p":6.31,"u":"4,21 €/L","img":"https://fd5-photos.leclercdrive.fr/image.ashx?id=2691552&use=l&cat=p&typeid=i","cat":284640},{"id":226250,"n":"Pizza 4 Fromages grandissima Ristorante - 560g","p":4.92,"u":"8,79 €/KG","img":"https://fd5-photos.leclercdrive.fr/image.ashx?id=2993083&use=l&cat=p&typeid=i","cat":284256},{"id":226296,"n":"Biscuit Flammekueche Savour 100g","p":1.85,"u":"18,50 €/L","img":"https://fd5-photos.leclercdrive.fr/image.ashx?id=2781889&use=l&cat=p&typeid=i","cat":297000},{"id":226297,"n":"Biscuits Savour Olive herbes de provence - 100g","p":1.85,"u":"18,50 €/KG","img":"https://fd5-photos.leclercdrive.fr/image.ashx?id=2781886&use=l&cat=p&typeid=i","cat":297000},{"id":226301,"n":"Pâtes fraîches RANA Ravioli  Pesto Aubergines Amandes - 250g","p":3.1,"u":"12,40 €/KG","img":"https://fd5-photos.leclercdrive.fr/image.ashx?id=2737378&use=l&cat=p&typeid=i","cat":333682},{"id":226302,"n":"Pâtes fraîches RANA Ravioli  Cèpes Champignons Ricotta -250g","p":3.17,"u":"12,68 €/KG","img":"https://fd5-photos.leclercdrive.fr/image.ashx?id=2737381&use=l&cat=p&typeid=i","cat":333682},{"id":226304,"n":"Pâtes fraîches RANA Ravioli  Saumon fumé et Mascarpone -250g","p":3.17,"u":"12,68 €/KG","img":"https://fd5-photos.leclercdrive.fr/image.ashx?id=2737387&use=l&cat=p&typeid=i","cat":333682},{"id":226307,"n":"Biscuits Savour Chorizo - 100g","p":1.85,"u":"18,50 €/KG","img":"https://fd5-photos.leclercdrive.fr/image.ashx?id=2781883&use=l&cat=p&typeid=i","cat":297000},{"id":226315,"n":"Croquettes Vitafit Friskies Boeuf - 12kg","p":21.85,"u":"1,82 €/KG","img":"https://fd5-photos.leclercdrive.fr/image.ashx?id=2986996&use=l&cat=p&typeid=i","cat":284672},{"id":226317,"n":"Croquettes Vitafit Friskies Light Poulet légumes 7 kg","p":19.86,"u":"2,84 €/KG","img":"https://fd5-photos.leclercdrive.fr/image.ashx?id=2986993&use=l&cat=p&typeid=i","cat":284672},{"id":226323,"n":"Couscous Tipiak Familial - 630g","p":1.97,"u":"3,13 €/KG","img":"https://fd5-photos.leclercdrive.fr/image.ashx?id=2854624&use=l&cat=p&typeid=i","cat":284429},{"id":226330,"n":"Croziflette Alpina Savoie 400g","p":3.17,"u":"7,93 €/KG","img":"https://fd5-photos.leclercdrive.fr/image.ashx?id=2692374&use=l&cat=p&typeid=i","cat":284427},{"id":226331,"n":"Crozets nature Alpina Savoie Maxi format - 600g","p":4.44,"u":"7,40 €/KG","img":"https://fd5-photos.leclercdrive.fr/image.ashx?id=2795066&use=l&cat=p&typeid=i","cat":284427},{"id":226334,"n":"Vinaigre de cidre breton NRT - 75cl","p":2.29,"u":"3,05 €/L","img":"https://fd5-photos.leclercdrive.fr/image.ashx?id=2856630&use=l&cat=p&typeid=i","cat":298543},{"id":226339,"n":"Sardines Parmentier Filet d'huile d'olive - 135g","p":2.09,"u":"15,48 €/KG","img":"https://fd5-photos.leclercdrive.fr/image.ashx?id=2826531&use=l&cat=p&typeid=i","cat":305146},{"id":226343,"n":"Barre de céréales Nature Valley  Crunchy caramel x8 - 160g","p":3.05,"u":"19,06 €/KG","img":"https://fd5-photos.leclercdrive.fr/image.ashx?id=2692797&use=l&cat=p&typeid=i","cat":300032},{"id":226345,"n":"Barre de céréales Nature Valley Crunchy avoine fruits x5- 210g","p":2.78,"u":"13,24 €/KG","img":"https://fd5-photos.leclercdrive.fr/image.ashx?id=2858699&use=l&cat=p&typeid=i","cat":300032},{"id":226346,"n":"Boisson Gazeuse Maison Perrier Forever Gingembre Citron 1L","p":0.95,"u":"0,95 €/L","img":"https://fd5-photos.leclercdrive.fr/image.ashx?id=2692818&use=l&cat=p&typeid=i","cat":284536},{"id":226348,"n":"Céréales P'tit Déli Caramel & Chocolat - 400g","p":2.12,"u":"5,30 €/KG","img":"https://fd5-photos.leclercdrive.fr/image.ashx?id=2691528&use=l&cat=p&typeid=i","cat":309513},{"id":226349,"n":"Boisson Gazeuse Maison Perrier Chic Citrus Fizz 4x25cl","p":2.46,"u":"2,46 €/L","img":"https://fd5-photos.leclercdrive.fr/image.ashx?id=2841595&use=l&cat=p&typeid=i","cat":284536},{"id":226350,"n":"Boisson Gazeuse Maison Perrier Chic Lemonjito 4x25cl","p":2.4,"u":"2,40 €/L","img":"https://fd5-photos.leclercdrive.fr/image.ashx?id=2692809&use=l&cat=p&typeid=i","cat":284536},{"id":226351,"n":"Miel de fleurs  Les Apiculteurs Associés - 500g","p":4.89,"u":"9,78 €/KG","img":"https://fd5-photos.leclercdrive.fr/image.ashx?id=2692566&use=l&cat=p&typeid=i","cat":287643},{"id":226352,"n":"Boisson énergisante Maison Perrier mûre - 4x25cl","p":2.64,"u":"2,64 €/L","img":"https://fd5-photos.leclercdrive.fr/image.ashx?id=2692815&use=l&cat=p&typeid=i","cat":284533},{"id":226371,"n":"AOP vin rouge Terra Vecchia 75cl","p":10.0,"u":"13,33 €/L","img":"https://fd5-photos.leclercdrive.fr/image.ashx?id=2694857&use=l&cat=p&typeid=i","cat":289556},{"id":226398,"n":"Céréales Eco+ Caramel cacao - 750g","p":2.97,"u":"3,96 €/KG","img":"https://fd5-photos.leclercdrive.fr/image.ashx?id=2691559&use=l&cat=p&typeid=i","cat":309513},{"id":226411,"n":"Filets  maquereaux Petit Navire 95g","p":2.57,"u":"27,05 €/KG","img":"https://fd5-photos.leclercdrive.fr/image.ashx?id=2693470&use=l&cat=p&typeid=i","cat":303868},{"id":226412,"n":"Barre de céréales Nature Valley  Protéine cranberries x4 -160g","p":3.08,"u":"19,25 €/KG","img":"https://fd5-photos.leclercdrive.fr/image.ashx?id=2693869&use=l&cat=p&typeid=i","cat":285869},{"id":226414,"n":"Roulé Balconi 6x32g","p":2.02,"u":"10,52 €/KG","img":"https://fd5-photos.leclercdrive.fr/image.ashx?id=2922212&use=l&cat=p&typeid=i","cat":284495},{"id":226418,"n":"Huile d'olive Terra Delyssa 75cl","p":7.35,"u":"9,80 €/L","img":"https://fd5-photos.leclercdrive.fr/image.ashx?id=2872958&use=l&cat=p&typeid=i","cat":284453},{"id":226422,"n":"Huile sèche de beauté Précieux Argan - 100ml","p":15.57,"u":"155,70 €/L","img":"https://fd5-photos.leclercdrive.fr/image.ashx?id=2794493&use=l&cat=p&typeid=i","cat":325349},{"id":226424,"n":"Infusion Paysans d'Ici Bio Citron vert verveine - 30g","p":2.3,"u":"76,67 €/KG","img":"https://fd5-photos.leclercdrive.fr/image.ashx?id=2693749&use=l&cat=p&typeid=i","cat":293233},{"id":226430,"n":"Café grains Plantation Pérou pur arabica - 500g","p":8.29,"u":"16,58 €/KG","img":"https://fd5-photos.leclercdrive.fr/image.ashx?id=2824313&use=l&cat=p&typeid=i","cat":293237},{"id":226432,"n":"Brioche La Fournée Dorée Tranchée marbré  chocolat 400g","p":2.94,"u":"7,35 €/KG","img":"https://fd5-photos.leclercdrive.fr/image.ashx?id=2693728&use=l&cat=p&typeid=i","cat":284478},{"id":226434,"n":"Bonbons Bool's poom  180g","p":1.83,"u":"10,17 €/KG","img":"https://fd5-photos.leclercdrive.fr/image.ashx?id=2693701&use=l&cat=p&typeid=i","cat":304250},{"id":226438,"n":"Soda Coca-Cola Original Canette - Pack 6x20CL","p":3.55,"u":"2,96 €/L","img":"https://fd5-photos.leclercdrive.fr/image.ashx?id=2766571&use=l&cat=p&typeid=i","cat":284530},{"id":226440,"n":"Pavés de saumon Gimbert Océan 400g","p":7.27,"u":"18,18 €/KG","img":"https://fd5-photos.leclercdrive.fr/image.ashx?id=2955179&use=l&cat=p&typeid=i","cat":319786},{"id":226443,"n":"Miel Tradition 1912 200g","p":1.81,"u":"9,05 €/KG","img":"https://fd5-photos.leclercdrive.fr/image.ashx?id=2803763&use=l&cat=p&typeid=i","cat":287643},{"id":226449,"n":"Lait de coco Eco+ 200ml","p":0.69,"u":"3,45 €/L","img":"https://fd5-photos.leclercdrive.fr/image.ashx?id=2691790&use=l&cat=p&typeid=i","cat":288992},{"id":226455,"n":"Chewing-gum Mentos Pure Fresh  Fresh Chloro sans sucres - 100g","p":3.38,"u":"33,80 €/KG","img":"https://fd5-photos.leclercdrive.fr/image.ashx?id=2693434&use=l&cat=p&typeid=i","cat":304251},{"id":226484,"n":"Cookies Crunchy Kinder Pépites au cacao et lait - 136g","p":2.5,"u":"18,38 €/KG","img":"https://fd5-photos.leclercdrive.fr/image.ashx?id=2691995&use=l&cat=p&typeid=i","cat":325066},{"id":226496,"n":"Biscuit Lotus Biscoff Speculoos Original Pocket 186g (12x2p)","p":1.48,"u":"7,96 €/KG","img":"https://fd5-photos.leclercdrive.fr/image.ashx?id=2695004&use=l&cat=p&typeid=i","cat":284487},{"id":226510,"n":"Biscuits BN Chocolats -570g","p":2.62,"img":"https://fd5-photos.leclercdrive.fr/image.ashx?id=2693509&use=l&cat=p&typeid=i","cat":284488},{"id":226514,"n":"Filet de cabillaud Fish & Chips L'Atelier Poissonnerie - 200g","p":3.69,"u":"18,45 €/KG","img":"https://fd5-photos.leclercdrive.fr/image.ashx?id=2714456&use=l&cat=p&typeid=i","cat":284344},{"id":226522,"n":"Déodorant aérosol Dove Invisible dry - 2x200ml","p":5.8,"u":"14,50 €/L","img":"https://fd5-photos.leclercdrive.fr/image.ashx?id=2838833&use=l&cat=p&typeid=i","cat":284595},{"id":226526,"n":"Olive verte farcie Tramier  Amande - 160g","p":3.11,"u":"19,44 €/KG","img":"https://fd5-photos.leclercdrive.fr/image.ashx?id=2693467&use=l&cat=p&typeid=i","cat":284450},{"id":226528,"n":"Olives vertes Tramier Dénoyautées - 160g","p":2.27,"u":"14,19 €/KG","img":"https://fd5-photos.leclercdrive.fr/image.ashx?id=2988309&use=l&cat=p&typeid=i","cat":284450},{"id":226534,"n":"Huile de tournesol Tramier  1L","p":5.59,"u":"5,59 €/L","img":"https://fd5-photos.leclercdrive.fr/image.ashx?id=2695097&use=l&cat=p&typeid=i","cat":284453},{"id":226538,"n":"Huile d'olive Terra Delyssa Vierge extra - 75cl","p":6.95,"u":"9,27 €/L","img":"https://fd5-photos.leclercdrive.fr/image.ashx?id=2849256&use=l&cat=p&typeid=i","cat":284453},{"id":226547,"n":"Compotes Pom'Potes Gourdes Pomme pêche kiwi jaune - 4x90g","p":2.34,"u":"6,50 €/KG","img":"https://fd5-photos.leclercdrive.fr/image.ashx?id=3014419&use=l&cat=p&typeid=i","cat":284508},{"id":226551,"n":"Petit déjeuner Gullon Avoine et chocolat - 240g","p":2.43,"u":"10,13 €/KG","img":"https://fd5-photos.leclercdrive.fr/image.ashx?id=2698105&use=l&cat=p&typeid=i","cat":318651},{"id":226554,"n":"Petit déjeuner Gullon Avoine Fourrage Chocolat 220g","p":2.61,"u":"11,86 €/KG","img":"https://fd5-photos.leclercdrive.fr/image.ashx?id=2698102&use=l&cat=p&typeid=i","cat":318651},{"id":226557,"n":"Petit déjeuner Gullon Céréales Fruits rouges - yaourt - 220g","p":2.63,"u":"11,95 €/KG","img":"https://fd5-photos.leclercdrive.fr/image.ashx?id=2698099&use=l&cat=p&typeid=i","cat":318651},{"id":226558,"n":"Petit déjeuner Gullon Cacao Orge et seigle - 250g","p":2.2,"u":"8,80 €/KG","img":"https://fd5-photos.leclercdrive.fr/image.ashx?id=2718257&use=l&cat=p&typeid=i","cat":284491},{"id":226561,"n":"Gouters fourrés chocolat Gullon Sans sucres - 250g","p":2.01,"u":"8,04 €/KG","img":"https://fd5-photos.leclercdrive.fr/image.ashx?id=2758610&use=l&cat=p&typeid=i","cat":318653},{"id":226563,"n":"Petit déjeuner Gullon Avoine et chocolat - 220g","p":2.88,"u":"13,09 €/KG","img":"https://fd5-photos.leclercdrive.fr/image.ashx?id=2698111&use=l&cat=p&typeid=i","cat":318651},{"id":226566,"n":"Biscuits fourrés chocolat  Gullon - 225g","p":2.94,"u":"13,07 €/KG","img":"https://fd5-photos.leclercdrive.fr/image.ashx?id=2698114&use=l&cat=p&typeid=i","cat":284954},{"id":226569,"n":"Twins enrobé Gullon Chocolat au lait - 252g","p":2.62,"u":"10,40 €/KG","img":"https://fd5-photos.leclercdrive.fr/image.ashx?id=2698081&use=l&cat=p&typeid=i","cat":284488},{"id":226570,"n":"Gouter fourré Gullon Mega duo - 500g","p":2.18,"u":"4,36 €/KG","img":"https://fd5-photos.leclercdrive.fr/image.ashx?id=2698951&use=l&cat=p&typeid=i","cat":284488},{"id":226572,"n":"Twins enrobé Gullon Chocolat blanc - 252g","p":2.02,"u":"8,02 €/KG","img":"https://fd5-photos.leclercdrive.fr/image.ashx?id=2698078&use=l&cat=p&typeid=i","cat":284488},{"id":226575,"n":"Pick! Cocktail Gullon 250g","p":2.11,"u":"8,44 €/KG","img":"https://fd5-photos.leclercdrive.fr/image.ashx?id=2698075&use=l&cat=p&typeid=i","cat":297000},{"id":226583,"n":"Boisson gazeuse Maison Perrier Magnetic Juice Fraise 4x25cl","p":2.84,"u":"2,84 €/L","img":"https://fd5-photos.leclercdrive.fr/image.ashx?id=2887314&use=l&cat=p&typeid=i","cat":284536},{"id":226591,"n":"Glace cone Extreme  Lemon cheesecake  x6 - 426g","p":3.51,"u":"8,24 €/KG","img":"https://fd5-photos.leclercdrive.fr/image.ashx?id=2732950&use=l&cat=p&typeid=i","cat":284264},{"id":226593,"n":"Croustis chèvres Soignon 100g","p":1.94,"u":"19,40 €/KG","img":"https://fd5-photos.leclercdrive.fr/image.ashx?id=2769729&use=l&cat=p&typeid=i","cat":314027},{"id":226636,"n":"Déodorant Homme Adidas Fresh Endurance - 150ml","p":3.16,"u":"21,07 €/L","img":"https://fd5-photos.leclercdrive.fr/image.ashx?id=2990772&use=l&cat=p&typeid=i","cat":284618},{"id":226646,"n":"Boisson Gazeuse Maison Perrier Forever Citron Vert 1L","p":0.9,"u":"0,90 €/L","img":"https://fd5-photos.leclercdrive.fr/image.ashx?id=2695103&use=l&cat=p&typeid=i","cat":284536},{"id":226657,"n":"Boisson Gazeuse Maison Perrier Forever Citron 1L","p":0.87,"u":"0,87 €/L","img":"https://fd5-photos.leclercdrive.fr/image.ashx?id=2887311&use=l&cat=p&typeid=i","cat":284536},{"id":226659,"n":"Boisson Gazeuse Maison Perrier Forever Orange 1L","p":0.88,"u":"0,88 €/L","img":"https://fd5-photos.leclercdrive.fr/image.ashx?id=2695106&use=l&cat=p&typeid=i","cat":284536},{"id":226661,"n":"Boisson Gazeuse Maison Perrier Forever Menthe 1L","p":0.96,"u":"0,96 €/L","img":"https://fd5-photos.leclercdrive.fr/image.ashx?id=2695112&use=l&cat=p&typeid=i","cat":284536},{"id":226662,"n":"Sac cabas en toile de jute Bleu -x1","p":1.9,"img":"https://fd5-photos.leclercdrive.fr/image.ashx?id=2693102&use=l&cat=p&typeid=i","cat":313597},{"id":226663,"n":"Boisson Gazeuse Maison Perrier Forever Citron 6x50cl","p":3.47,"u":"1,16 €/L","img":"https://fd5-photos.leclercdrive.fr/image.ashx?id=2695100&use=l&cat=p&typeid=i","cat":284536},{"id":226664,"n":"Boisson Gazeuse Maison Perrier Forever Citron Vert 6x50cl","p":3.3,"u":"1,10 €/L","img":"https://fd5-photos.leclercdrive.fr/image.ashx?id=2695109&use=l&cat=p&typeid=i","cat":284536},{"id":226667,"n":"Boisson Gazeuse Maison Perrier Forever Citron 6x33cl","p":2.64,"u":"1,33 €/L","img":"https://fd5-photos.leclercdrive.fr/image.ashx?id=2878447&use=l&cat=p&typeid=i","cat":284536},{"id":226668,"n":"Boisson Gazeuse Maison Perrier Forever Citron Vert 6x33cl","p":2.7,"u":"1,36 €/L","img":"https://fd5-photos.leclercdrive.fr/image.ashx?id=2887308&use=l&cat=p&typeid=i","cat":284536},{"id":226776,"n":"Thé noir fruits rouges Lipton 20 sachets - 30g","p":1.79,"u":"59,67 €/KG","img":"https://fd5-photos.leclercdrive.fr/image.ashx?id=2695359&use=l&cat=p&typeid=i","cat":293233},{"id":226778,"n":"Thé noir orange Lipton 20 sachets - 34g","p":2.72,"u":"80,00 €/KG","img":"https://fd5-photos.leclercdrive.fr/image.ashx?id=2695371&use=l&cat=p&typeid=i","cat":293233},{"id":226780,"n":"Thé noir earl grey et bergamote 20 sachets - 32g","p":2.62,"u":"8,19 €/L","img":"https://fd5-photos.leclercdrive.fr/image.ashx?id=2736706&use=l&cat=p&typeid=i","cat":293233},{"id":226781,"n":"Thé noir pêche mangue Lipton 20 sachets - 34g","p":2.68,"u":"78,82 €/KG","img":"https://fd5-photos.leclercdrive.fr/image.ashx?id=2695362&use=l&cat=p&typeid=i","cat":293233},{"id":226787,"n":"Parfum de linge billes Lenor Fraîcheur coton x19 doses 235g","p":7.09,"u":"30,17 €/KG","img":"https://fd5-photos.leclercdrive.fr/image.ashx?id=2863012&use=l&cat=p&typeid=i","cat":325302},{"id":226797,"n":"Parfum de linge billes Lenor  Bouquet floral - x19 doses","p":7.25,"u":"30,85 €/KG","img":"https://fd5-photos.leclercdrive.fr/image.ashx?id=2839454&use=l&cat=p&typeid=i","cat":325302},{"id":226800,"n":"Parfum de linge billes Lenor Envolée d'air x41","p":10.2,"u":"20,61 €/KG","img":"https://fd5-photos.leclercdrive.fr/image.ashx?id=2857893&use=l&cat=p&typeid=i","cat":325302},{"id":226801,"n":"Parfum de linge billes Lenor  Jasmin Rose de mai x19 doses","p":7.4,"u":"31,49 €/KG","img":"https://fd5-photos.leclercdrive.fr/image.ashx?id=2841598&use=l&cat=p&typeid=i","cat":325302},{"id":226806,"n":"Liquide de rinçage Sun Brillance - 500ml","p":3.62,"u":"7,24 €/L","img":"https://fd5-photos.leclercdrive.fr/image.ashx?id=2829099&use=l&cat=p&typeid=i","cat":284657},{"id":226807,"n":"Liquide de rinçage Sun Séchage - 500ml","p":4.32,"u":"8,64 €/L","img":"https://fd5-photos.leclercdrive.fr/image.ashx?id=2738716&use=l&cat=p&typeid=i","cat":284657},{"id":226813,"n":"Déodorant stick Sanex  Zéro% Sensitive - 65ml","p":3.41,"u":"52,46 €/L","img":"https://fd5-photos.leclercdrive.fr/image.ashx?id=2745415&use=l&cat=p&typeid=i","cat":284595},{"id":226818,"n":"Dentifrice Sensodyne Soin  complet Triple action - 75ml","p":4.04,"u":"53,87 €/L","img":"https://fd5-photos.leclercdrive.fr/image.ashx?id=2997778&use=l&cat=p&typeid=i","cat":284612},{"id":226819,"n":"Dentifrice Sensodyne Soin gencives Triple action - 75ml","p":3.28,"u":"43,73 €/L","img":"https://fd5-photos.leclercdrive.fr/image.ashx?id=3000384&use=l&cat=p&typeid=i","cat":284612},{"id":226824,"n":"Dentifrice Sensodyne Soin  Blancheur naturelle 24h - 75ml","p":4.4,"u":"58,67 €/L","img":"https://fd5-photos.leclercdrive.fr/image.ashx?id=2694944&use=l&cat=p&typeid=i","cat":284612},{"id":226825,"n":"Dentifrice Sensodyne Répare & protège Novamin - 75ml","p":4.48,"u":"59,73 €/L","img":"https://fd5-photos.leclercdrive.fr/image.ashx?id=2694947&use=l&cat=p&typeid=i","cat":284612},{"id":226826,"n":"Dentifrice Sensodyne Soin Blancheur triple action - 75ml","p":4.7,"u":"62,67 €/L","img":"https://fd5-photos.leclercdrive.fr/image.ashx?id=3000381&use=l&cat=p&typeid=i","cat":284612},{"id":226829,"n":"Dentifrice Sensodyne Répare & protège extra fresh - 75ml","p":4.26,"u":"56,80 €/L","img":"https://fd5-photos.leclercdrive.fr/image.ashx?id=2694956&use=l&cat=p&typeid=i","cat":284612},{"id":226830,"n":"Dentifrice Sensodyne Répare & protège Blancheur - 75ml","p":4.87,"u":"64,93 €/L","img":"https://fd5-photos.leclercdrive.fr/image.ashx?id=2872955&use=l&cat=p&typeid=i","cat":284612},{"id":226831,"n":"Nettoyant machine Sun Pendant le cycle x4 - 60g","p":4.32,"u":"9,00 €/KG","img":"https://fd5-photos.leclercdrive.fr/image.ashx?id=2738713&use=l&cat=p&typeid=i","cat":284657},{"id":226833,"n":"Savon cube lavande 300g","p":3.0,"u":"10,00 €/KG","img":"https://fd5-photos.leclercdrive.fr/image.ashx?id=2694572&use=l&cat=p&typeid=i","cat":325365},{"id":226834,"n":"Savon extra pur Lot 5x100g","p":6.61,"u":"13,22 €/KG","img":"https://fd5-photos.leclercdrive.fr/image.ashx?id=2694578&use=l&cat=p&typeid=i","cat":325365},{"id":226835,"n":"Savon noir traditionnel Agrumes 1L","p":2.61,"u":"2,61 €/L","img":"https://fd5-photos.leclercdrive.fr/image.ashx?id=2694581&use=l&cat=p&typeid=i","cat":284907},{"id":226836,"n":"Tapette à mouches 1 pièce","p":1.39,"img":"https://fd5-photos.leclercdrive.fr/image.ashx?id=2694791&use=l&cat=p&typeid=i","cat":298368},{"id":226837,"n":"Tube anti mouches 1 pièce","p":5.45,"img":"https://fd5-photos.leclercdrive.fr/image.ashx?id=2694884&use=l&cat=p&typeid=i","cat":298368},{"id":226838,"n":"Bracelet anti moustiques 2 pièces","p":19.28,"u":"9,64 €/P","img":"https://fd5-photos.leclercdrive.fr/image.ashx?id=2876767&use=l&cat=p&typeid=i","cat":298368},{"id":226843,"n":"Spray anti guêpes et frelon 500ml","p":9.48,"u":"18,96 €/L","img":"https://fd5-photos.leclercdrive.fr/image.ashx?id=2694875&use=l&cat=p&typeid=i","cat":298368},{"id":226856,"n":"P'tit onctueux pêche Nestlé sans sucres ajoutés - 4x90g","p":1.9,"u":"5,28 €/KG","img":"https://fd5-photos.leclercdrive.fr/image.ashx?id=2695124&use=l&cat=p&typeid=i","cat":312392},{"id":226876,"n":"P'tit brassé banane Nestlé mangue sans sucre - 4x90g","p":1.73,"u":"4,81 €/KG","img":"https://fd5-photos.leclercdrive.fr/image.ashx?id=2696133&use=l&cat=p&typeid=i","cat":312392},{"id":226878,"n":"Gourdes Nestlé Naturnes Fruitées - 360g","p":5.57,"u":"8,84 €/KG","img":"https://fd5-photos.leclercdrive.fr/image.ashx?id=2696136&use=l&cat=p&typeid=i","cat":312393},{"id":226879,"n":"Pate tomate colin Naturnes Dès 6 mois - 2x90g","p":2.03,"u":"11,28 €/KG","img":"https://fd5-photos.leclercdrive.fr/image.ashx?id=2696139&use=l&cat=p&typeid=i","cat":312235},{"id":226880,"n":"Brioche tressée Harrys Allégée en sucres - 450G","p":3.06,"u":"6,80 €/KG","img":"https://fd5-photos.leclercdrive.fr/image.ashx?id=2962467&use=l&cat=p&typeid=i","cat":284478},{"id":226881,"n":"Infusion detox Pukka Fruits rouges x20 - 34g","p":4.18,"u":"122,94 €/KG","img":"https://fd5-photos.leclercdrive.fr/image.ashx?id=2859803&use=l&cat=p&typeid=i","cat":293234},{"id":226882,"n":"Chocolat en poudre Nesquik 300g","p":2.56,"u":"8,53 €/KG","img":"https://fd5-photos.leclercdrive.fr/image.ashx?id=3005374&use=l&cat=p&typeid=i","cat":293235},{"id":226899,"n":"Mini bille chocolaté M&Ms 176g","p":2.34,"u":"13,30 €/KG","img":"https://fd5-photos.leclercdrive.fr/image.ashx?id=3009074&use=l&cat=p&typeid=i","cat":304238},{"id":226911,"n":"Bille au chocolat Maltesers 400g","p":5.39,"u":"13,48 €/KG","img":"https://fd5-photos.leclercdrive.fr/image.ashx?id=2976050&use=l&cat=p&typeid=i","cat":304238},{"id":226912,"n":"Boisson énergisante Maison Perrier pêche - 25cl","p":0.72,"u":"2,88 €/L","img":"https://fd5-photos.leclercdrive.fr/image.ashx?id=2696142&use=l&cat=p&typeid=i","cat":284533},{"id":226920,"n":"Bonbons Skittles  152g","p":1.49,"u":"9,80 €/KG","img":"https://fd5-photos.leclercdrive.fr/image.ashx?id=3008984&use=l&cat=p&typeid=i","cat":304250},{"id":226949,"n":"Concentré Antésite Citron jaune et Eucalyptus - 13cl","p":5.61,"u":"43,15 €/L","img":"https://fd5-photos.leclercdrive.fr/image.ashx?id=2850476&use=l&cat=p&typeid=i","cat":295020},{"id":226951,"n":"Concentré Antésite Réglisse Orange - 13cl","p":3.6,"u":"27,69 €/L","img":"https://fd5-photos.leclercdrive.fr/image.ashx?id=2850479&use=l&cat=p&typeid=i","cat":295020},{"id":226952,"n":"Focaccia Dailybread  260g","p":3.84,"u":"14,77 €/KG","img":"https://fd5-photos.leclercdrive.fr/image.ashx?id=2701055&use=l&cat=p&typeid=i","cat":284985},{"id":226970,"n":"Tablette lave-vaisselle Sun  Expert Plus x40 -700g","p":7.9,"u":"11,29 €/KG","img":"https://fd5-photos.leclercdrive.fr/image.ashx?id=2738734&use=l&cat=p&typeid=i","cat":284656},{"id":226971,"n":"Sun Tablettes Lave-Vaisselle Tout en 1 Expert Plus x40","p":7.9,"u":"11,29 €/KG","img":"https://fd5-photos.leclercdrive.fr/image.ashx?id=2942012&use=l&cat=p&typeid=i","cat":284656},{"id":226972,"n":"Sun Tablettes Lave-Vaisselle Tout en 1 Regular Ecolabel x46","p":7.9,"u":"10,41 €/KG","img":"https://fd5-photos.leclercdrive.fr/image.ashx?id=3000902&use=l&cat=p&typeid=i","cat":284656},{"id":226973,"n":"Sun Tablettes Lave-Vaisselle Tout en 1 Citron Ecolabel x46","p":7.9,"u":"10,41 €/KG","img":"https://fd5-photos.leclercdrive.fr/image.ashx?id=3000905&use=l&cat=p&typeid=i","cat":284656},{"id":226975,"n":"Crème de douche Corine de Farme Soin nourrissant - Monoï 500ml","p":3.27,"u":"6,54 €/L","img":"https://fd5-photos.leclercdrive.fr/image.ashx?id=2696613&use=l&cat=p&typeid=i","cat":284594},{"id":226977,"n":"Soin Visage Repulpant Anti-Âge  Revitalift Filler - 50ml","p":15.6,"u":"312,00 €/L","img":"https://fd5-photos.leclercdrive.fr/image.ashx?id=3003354&use=l&cat=p&typeid=i","cat":325345},{"id":226978,"n":"Crème Anti-Âge Rose Re-Fortifiant - 50ml","p":11.97,"pp":7.9,"u":"158,00 €/L","img":"https://fd5-photos.leclercdrive.fr/image.ashx?id=2757425&use=l&cat=p&typeid=i","cat":325345},{"id":227006,"n":"Crème glacée Häagen-Dazs  Chocolat belge - 400g","p":4.87,"u":"12,18 €/KG","img":"https://fd5-photos.leclercdrive.fr/image.ashx?id=2886891&use=l&cat=p&typeid=i","cat":284725},{"id":227011,"n":"Gyozas Tables du Monde Poulet et légumes - 212g","p":3.49,"u":"16,46 €/KG","img":"https://fd5-photos.leclercdrive.fr/image.ashx?id=2843803&use=l&cat=p&typeid=i","cat":319774},{"id":227012,"n":"Halloumi AOP Casa Azzurra 200g","p":3.97,"u":"19,85 €/KG","img":"https://fd5-photos.leclercdrive.fr/image.ashx?id=2696729&use=l&cat=p&typeid=i","cat":314026},{"id":227043,"n":"Soin intime Saforelle Miss Et corporel - 500ml","p":10.99,"u":"21,98 €/L","img":"https://fd5-photos.leclercdrive.fr/image.ashx?id=2697174&use=l&cat=p&typeid=i","cat":328622},{"id":227051,"n":"Nectar de Pêche de Vigne 1L","p":3.02,"u":"3,02 €/L","img":"https://fd5-photos.leclercdrive.fr/image.ashx?id=2697030&use=l&cat=p&typeid=i","cat":295018},{"id":227058,"n":"Lait ultra invisible Bioderma Photoderm - SPF50+ - 200ML","p":15.89,"u":"79,45 €/L","img":"https://fd5-photos.leclercdrive.fr/image.ashx?id=2696723&use=l&cat=p&typeid=i","cat":290396},{"id":227061,"n":"Saumon Gravlax Mowi  Aneth et baies roses - 100g","p":5.7,"u":"57,00 €/KG","img":"https://fd5-photos.leclercdrive.fr/image.ashx?id=2706963&use=l&cat=p&typeid=i","cat":285188},{"id":227070,"n":"Thé glacé pétillant Lipton Ice Tea pêche - bouteille 1.25L","p":1.5,"u":"1,20 €/L","img":"https://fd5-photos.leclercdrive.fr/image.ashx?id=2887704&use=l&cat=p&typeid=i","cat":295019},{"id":227071,"n":"Thé pétillant Lipton Ice Tea Citron citron vert - 1.25L","p":1.48,"u":"1,18 €/L","img":"https://fd5-photos.leclercdrive.fr/image.ashx?id=2887707&use=l&cat=p&typeid=i","cat":295019},{"id":227080,"n":"Ravioles du Dauphiné  IGP Label rouge 1kg","p":11.42,"u":"11,42 €/KG","img":"https://fd5-photos.leclercdrive.fr/image.ashx?id=2732707&use=l&cat=p&typeid=i","cat":284254},{"id":227084,"n":"AOP Vin blanc Terra Vecchia 75cl","p":9.0,"u":"12,00 €/L","img":"https://fd5-photos.leclercdrive.fr/image.ashx?id=2697156&use=l&cat=p&typeid=i","cat":289557},{"id":227086,"n":"Vin blanc Terra Vecchia Effervescent - 75cl","p":11.12,"u":"14,83 €/L","img":"https://fd5-photos.leclercdrive.fr/image.ashx?id=2743421&use=l&cat=p&typeid=i","cat":289461},{"id":227087,"n":"AOP Vin rosé Terra Vecchia 75cl","p":9.0,"u":"12,00 €/L","img":"https://fd5-photos.leclercdrive.fr/image.ashx?id=3011587&use=l&cat=p&typeid=i","cat":289558},{"id":227129,"n":"AOP Vin rosé Clos Poggiale 75cl","p":11.4,"u":"15,20 €/L","img":"https://fd5-photos.leclercdrive.fr/image.ashx?id=2698744&use=l&cat=p&typeid=i","cat":289558},{"id":227134,"n":"IGP Vin blanc  Cepage Biancu Gentile - 75cl","p":6.43,"u":"8,57 €/L","img":"https://fd5-photos.leclercdrive.fr/image.ashx?id=2698726&use=l&cat=p&typeid=i","cat":289557},{"id":227140,"n":"Vin rouge Niellucciu Veccihia 75 cl","p":6.43,"u":"8,57 €/L","img":"https://fd5-photos.leclercdrive.fr/image.ashx?id=2845113&use=l&cat=p&typeid=i","cat":289556},{"id":227144,"n":"Vin rouge Cuvée Stella Domaine Terra Vecchia - 75cl","p":6.86,"u":"9,15 €/L","img":"https://fd5-photos.leclercdrive.fr/image.ashx?id=2698729&use=l&cat=p&typeid=i","cat":289556},{"id":227148,"n":"Une Ile de Beauté vin rouge 75cl","p":7.22,"u":"9,63 €/L","img":"https://fd5-photos.leclercdrive.fr/image.ashx?id=2744177&use=l&cat=p&typeid=i","cat":289556},{"id":227149,"n":"IGP Ile de Beauté  Rosé -75cl","p":8.5,"u":"11,33 €/L","img":"https://fd5-photos.leclercdrive.fr/image.ashx?id=2700512&use=l&cat=p&typeid=i","cat":289558},{"id":227157,"n":"Roulé au Nutella 6 personnes","p":9.95,"img":"https://fd5-photos.leclercdrive.fr/image.ashx?id=2697592&use=l&cat=p&typeid=i","cat":284360},{"id":227165,"n":"Serum Acide Hyaluronique Mixa 30mL","p":10.39,"u":"346,33 €/L","img":"https://fd5-photos.leclercdrive.fr/image.ashx?id=2698711&use=l&cat=p&typeid=i","cat":325345},{"id":227166,"n":"Sérum Anti-tâches Vitamine C Mixa 30 mL","p":10.4,"u":"346,67 €/L","img":"https://fd5-photos.leclercdrive.fr/image.ashx?id=2698714&use=l&cat=p&typeid=i","cat":325345},{"id":227167,"n":"Serum anti-imperfections Niacinamide Mixa 30mL","p":7.88,"u":"262,67 €/L","img":"https://fd5-photos.leclercdrive.fr/image.ashx?id=2698717&use=l&cat=p&typeid=i","cat":325345},{"id":227236,"n":"AOP Vin blanc Terra Vecchia Cuvée Stella - 75 cl","p":6.86,"u":"9,15 €/L","img":"https://fd5-photos.leclercdrive.fr/image.ashx?id=2698732&use=l&cat=p&typeid=i","cat":289557},{"id":227240,"n":"Crème ultra parfumée Bioderma Ultra-nourrissante - 500ml","p":11.8,"u":"23,60 €/L","img":"https://fd5-photos.leclercdrive.fr/image.ashx?id=2981208&use=l&cat=p&typeid=i","cat":290421},{"id":227243,"n":"Soin lavant Saforelle Ultra Hydratant - Eco recharge 400ml","p":8.99,"u":"22,48 €/L","img":"https://fd5-photos.leclercdrive.fr/image.ashx?id=2697839&use=l&cat=p&typeid=i","cat":301348},{"id":227245,"n":"Baume démaquillant SVR Sensifine - 100g","p":8.89,"u":"88,90 €/KG","img":"https://fd5-photos.leclercdrive.fr/image.ashx?id=2697857&use=l&cat=p&typeid=i","cat":301587},{"id":227246,"n":"Ampoule flash Sebiaclear SVR Anti-imperfections - 30ml","p":20.8,"u":"693,33 €/L","img":"https://fd5-photos.leclercdrive.fr/image.ashx?id=2965142&use=l&cat=p&typeid=i","cat":291171},{"id":227247,"n":"Crème Sebiaclear SVR Matifiant hydratant - 40ml","p":7.78,"u":"194,50 €/L","img":"https://fd5-photos.leclercdrive.fr/image.ashx?id=2967893&use=l&cat=p&typeid=i","cat":291166},{"id":227250,"n":"Coloration Mousse 388 Brun  Rouge Perfect Mousse 182mL","p":7.45,"u":"40,93 €/L","img":"https://fd5-photos.leclercdrive.fr/image.ashx?id=2698330&use=l&cat=p&typeid=i","cat":288899},{"id":227251,"n":"Coloration Mousse 300 Chatain Noir Perfect Mousse 182 mL","p":7.45,"u":"40,93 €/L","img":"https://fd5-photos.leclercdrive.fr/image.ashx?id=2698327&use=l&cat=p&typeid=i","cat":288899},{"id":227298,"n":"Biscuits sablés McVitie's  Flocon avoine chocolat 300g","p":2.54,"u":"8,47 €/KG","img":"https://fd5-photos.leclercdrive.fr/image.ashx?id=2700641&use=l&cat=p&typeid=i","cat":284487},{"id":227307,"n":"Café capsules Dolce Gusto Starbucks White Moka - 123g","p":4.39,"u":"35,69 €/KG","img":"https://fd5-photos.leclercdrive.fr/image.ashx?id=3000459&use=l&cat=p&typeid=i","cat":284749},{"id":227309,"n":"Pelican blonde Pelican - 66cl","p":2.74,"u":"4,15 €/L","img":"https://fd5-photos.leclercdrive.fr/image.ashx?id=2766238&use=l&cat=p&typeid=i","cat":334872},{"id":227318,"n":"P'tite Céréale Nestlé Vanille - 415g","p":3.32,"u":"8,00 €/KG","img":"https://fd5-photos.leclercdrive.fr/image.ashx?id=2700773&use=l&cat=p&typeid=i","cat":312225},{"id":227319,"n":"Spécial kebab 100% végétal Accro - 160g","p":2.7,"u":"16,88 €/KG","img":"https://fd5-photos.leclercdrive.fr/image.ashx?id=2924542&use=l&cat=p&typeid=i","cat":316036},{"id":227320,"n":"Céréales Nesquik 675g","p":4.23,"u":"6,27 €/KG","img":"https://fd5-photos.leclercdrive.fr/image.ashx?id=2971434&use=l&cat=p&typeid=i","cat":309513},{"id":227321,"n":"Herbes de provence Sainte Lucie 16g","p":1.44,"u":"90,00 €/KG","img":"https://fd5-photos.leclercdrive.fr/image.ashx?id=2700134&use=l&cat=p&typeid=i","cat":298297},{"id":227323,"n":"Céréales Crunch Nestlé 675g","p":4.09,"u":"6,06 €/KG","img":"https://fd5-photos.leclercdrive.fr/image.ashx?id=2949085&use=l&cat=p&typeid=i","cat":309513},{"id":227325,"n":"P'tite céréales Nestlé Saveur biscuit - 415g","p":3.2,"u":"7,71 €/KG","img":"https://fd5-photos.leclercdrive.fr/image.ashx?id=2700776&use=l&cat=p&typeid=i","cat":312225},{"id":227327,"n":"Basilic Marcel Senchou 12g","p":0.99,"u":"82,50 €/KG","img":"https://fd5-photos.leclercdrive.fr/image.ashx?id=2700281&use=l&cat=p&typeid=i","cat":298297},{"id":227329,"n":"P'tite céréale Nestlé 415g","p":3.2,"u":"7,71 €/KG","img":"https://fd5-photos.leclercdrive.fr/image.ashx?id=2700770&use=l&cat=p&typeid=i","cat":312225},{"id":227331,"n":"P'tite céréales Nestlé Cacao - 415g","p":2.72,"u":"6,55 €/KG","img":"https://fd5-photos.leclercdrive.fr/image.ashx?id=2700767&use=l&cat=p&typeid=i","cat":312225},{"id":227334,"n":"Persil en tube Marsel Senchou 35g","p":2.89,"u":"82,57 €/KG","img":"https://fd5-photos.leclercdrive.fr/image.ashx?id=2758936&use=l&cat=p&typeid=i","cat":298297},{"id":227337,"n":"Pépites  chocolat La Patelière 100g","p":2.94,"u":"29,40 €/KG","img":"https://fd5-photos.leclercdrive.fr/image.ashx?id=2906328&use=l&cat=p&typeid=i","cat":284504},{"id":227339,"n":"Capsules Nescafé Dolce Gusto  Lungo - x16","p":4.45,"u":"49,44 €/KG","img":"https://fd5-photos.leclercdrive.fr/image.ashx?id=2907716&use=l&cat=p&typeid=i","cat":293239},{"id":227341,"n":"Céréales Lion Nestlé 1.05kg","p":5.45,"u":"5,45 €/KG","img":"https://fd5-photos.leclercdrive.fr/image.ashx?id=2995433&use=l&cat=p&typeid=i","cat":309513},{"id":227342,"n":"Poivre noir Marcel Senchou Moulu - 40g","p":1.51,"u":"37,75 €/KG","img":"https://fd5-photos.leclercdrive.fr/image.ashx?id=2700278&use=l&cat=p&typeid=i","cat":284457},{"id":227347,"n":"Déodorant Spray L'Oréal Paris Men Expert 48h - 150ml","p":3.05,"u":"20,33 €/L","img":"https://fd5-photos.leclercdrive.fr/image.ashx?id=2802509&use=l&cat=p&typeid=i","cat":284618},{"id":227352,"n":"Céréales Chocapic  645g","p":4.85,"u":"7,52 €/KG","img":"https://fd5-photos.leclercdrive.fr/image.ashx?id=2977732&use=l&cat=p&typeid=i","cat":309513},{"id":227372,"n":"Céréales Lion 675g","p":3.92,"u":"5,81 €/KG","img":"https://fd5-photos.leclercdrive.fr/image.ashx?id=2997256&use=l&cat=p&typeid=i","cat":309513},{"id":227373,"n":"Gelée de viande Eco+ 12x100g","p":2.99,"u":"2,49 €/KG","img":"https://fd5-photos.leclercdrive.fr/image.ashx?id=2744216&use=l&cat=p&typeid=i","cat":285286},{"id":227374,"n":"Céréales Chocapic 375g","p":2.55,"u":"6,80 €/KG","img":"https://fd5-photos.leclercdrive.fr/image.ashx?id=2977408&use=l&cat=p&typeid=i","cat":309513},{"id":227375,"n":"Capsule Nescafé Farmers Origins  Brazil Int 8 - x10","p":2.41,"u":"54,77 €/KG","img":"https://fd5-photos.leclercdrive.fr/image.ashx?id=2952166&use=l&cat=p&typeid=i","cat":284749},{"id":227376,"n":"Croquette Friskies Vitafit  Boeuf - 3kg","p":8.06,"u":"2,69 €/KG","img":"https://fd5-photos.leclercdrive.fr/image.ashx?id=2986999&use=l&cat=p&typeid=i","cat":284672},{"id":227377,"n":"Croquette Friskies Vitafit Boeuf - 12kg","p":21.85,"img":"https://fd5-photos.leclercdrive.fr/image.ashx?id=2986984&use=l&cat=p&typeid=i","cat":284672},{"id":227378,"n":"Croquettes Friskies junior Poulet & legumes - 1.5kg","p":6.01,"u":"4,01 €/KG","img":"https://fd5-photos.leclercdrive.fr/image.ashx?id=2699612&use=l&cat=p&typeid=i","cat":284680},{"id":227381,"n":"Croquettes Friskies Vitafit Poulet & legumes - 3kg","p":8.08,"u":"2,69 €/KG","img":"https://fd5-photos.leclercdrive.fr/image.ashx?id=2986981&use=l&cat=p&typeid=i","cat":284672},{"id":227383,"n":"Lait infantile Hipp Biologique Bio Dès 10 mois Combiotic  800g","p":14.3,"u":"17,88 €/KG","img":"https://fd5-photos.leclercdrive.fr/image.ashx?id=2926834&use=l&cat=p&typeid=i","cat":290219},{"id":227391,"n":"Croquettes Friskies Saumon & legumes - 3 kg","p":8.46,"u":"2,82 €/KG","img":"https://fd5-photos.leclercdrive.fr/image.ashx?id=2940615&use=l&cat=p&typeid=i","cat":284680},{"id":227397,"n":"Croquettes Friskies  Dinde & legumes - 1.5kg","p":5.98,"u":"3,99 €/KG","img":"https://fd5-photos.leclercdrive.fr/image.ashx?id=2699621&use=l&cat=p&typeid=i","cat":284680},{"id":227400,"n":"Croquettes chat Friskies Saumon et legumes - 1.5 kg","p":5.97,"u":"3,98 €/KG","img":"https://fd5-photos.leclercdrive.fr/image.ashx?id=2940600&use=l&cat=p&typeid=i","cat":284680},{"id":227406,"n":"Déodorant stick Rexona Sensitive dry - 45ml","p":4.94,"u":"109,78 €/L","img":"https://fd5-photos.leclercdrive.fr/image.ashx?id=2906880&use=l&cat=p&typeid=i","cat":284595},{"id":227408,"n":"Riz basmati Taureau Ailé 220g","p":1.72,"u":"7,82 €/KG","img":"https://fd5-photos.leclercdrive.fr/image.ashx?id=2916330&use=l&cat=p&typeid=i","cat":287600},{"id":227409,"n":"Gel douche Le Petit Marseillais Mangue Bio et passion 650ml","p":4.27,"u":"6,57 €/L","img":"https://fd5-photos.leclercdrive.fr/image.ashx?id=2700497&use=l&cat=p&typeid=i","cat":284594},{"id":227410,"n":"Gel douche Le Petit Marseillais Mimosa et Citron bio - 250ml","p":1.73,"u":"6,92 €/L","img":"https://fd5-photos.leclercdrive.fr/image.ashx?id=2700500&use=l&cat=p&typeid=i","cat":284594},{"id":227411,"n":"Dentifrice Sensodyne  Soin blancheur - 2x75ml","p":6.26,"u":"20,87 €/L","img":"https://fd5-photos.leclercdrive.fr/image.ashx?id=3000378&use=l&cat=p&typeid=i","cat":284612},{"id":227412,"n":"Masque pieds Scholl Exfoliant talon - x1","p":6.45,"img":"https://fd5-photos.leclercdrive.fr/image.ashx?id=2981313&use=l&cat=p&typeid=i","cat":325354},{"id":227413,"n":"Semelles GelActiv' Scholl Décontracté - Taille 1","p":15.89,"img":"https://fd5-photos.leclercdrive.fr/image.ashx?id=2700665&use=l&cat=p&typeid=i","cat":325354},{"id":227414,"n":"Semelles GelActiv' Scholl Décontracté - Taille 2 - x1","p":15.89,"img":"https://fd5-photos.leclercdrive.fr/image.ashx?id=2700668&use=l&cat=p&typeid=i","cat":325354},{"id":227418,"n":"Gel détartrant WC Net Détartrant total - 750ml","p":2.5,"u":"3,33 €/L","img":"https://fd5-photos.leclercdrive.fr/image.ashx?id=2702118&use=l&cat=p&typeid=i","cat":284662},{"id":227420,"n":"Amandes grillées sans sel  220g","p":6.12,"u":"27,82 €/KG","img":"https://fd5-photos.leclercdrive.fr/image.ashx?id=2708166&use=l&cat=p&typeid=i","cat":284357},{"id":227422,"n":"Etuis mouchoirs Lotus Classic+ - x12","p":2.13,"img":"https://fd5-photos.leclercdrive.fr/image.ashx?id=2700689&use=l&cat=p&typeid=i","cat":284638},{"id":227423,"n":"Etuis mouchoirs Lotus Compact+ - x24","p":3.56,"img":"https://fd5-photos.leclercdrive.fr/image.ashx?id=2700692&use=l&cat=p&typeid=i","cat":284638},{"id":227425,"n":"Boîte mouchoirs Lotus Classic+ - Pur Blanc - x80","p":1.51,"img":"https://fd5-photos.leclercdrive.fr/image.ashx?id=2700698&use=l&cat=p&typeid=i","cat":284638},{"id":227427,"n":"Boîte mouchoirs Lotus Classic+ - Pur Blanc - x130","p":2.53,"u":"0,02 €/P","img":"https://fd5-photos.leclercdrive.fr/image.ashx?id=2700704&use=l&cat=p&typeid=i","cat":284638},{"id":227445,"n":"Riz basmati Taureau Ailé Nature - 220g","p":1.61,"u":"7,32 €/KG","img":"https://fd5-photos.leclercdrive.fr/image.ashx?id=2916327&use=l&cat=p&typeid=i","cat":287600},{"id":227448,"n":"Céréales Crunch 375g","p":2.38,"u":"6,35 €/KG","img":"https://fd5-photos.leclercdrive.fr/image.ashx?id=2939760&use=l&cat=p&typeid=i","cat":309513},{"id":227506,"n":"Capsule Nescafé Farmers Origins  India Int 9 - x18","p":4.62,"u":"58,48 €/KG","img":"https://fd5-photos.leclercdrive.fr/image.ashx?id=2700791&use=l&cat=p&typeid=i","cat":284749},{"id":227507,"n":"Capsule Nescafé Farmers Origins  India Int 9 - x10","p":2.59,"u":"58,86 €/KG","img":"https://fd5-photos.leclercdrive.fr/image.ashx?id=2952169&use=l&cat=p&typeid=i","cat":284749},{"id":227512,"n":"Chips Savour  Sel de guerande - 120g","p":1.48,"u":"12,33 €/KG","img":"https://fd5-photos.leclercdrive.fr/image.ashx?id=2743828&use=l&cat=p&typeid=i","cat":284447},{"id":227514,"n":"Chips Savour Sweet Chili - 120g","p":1.79,"u":"14,92 €/KG","img":"https://fd5-photos.leclercdrive.fr/image.ashx?id=2743825&use=l&cat=p&typeid=i","cat":284447},{"id":227515,"n":"Chips Savour Vinaigre de cidre - 120g","p":1.71,"u":"14,25 €/KG","img":"https://fd5-photos.leclercdrive.fr/image.ashx?id=2743822&use=l&cat=p&typeid=i","cat":284447},{"id":227516,"n":"Chips Savour Cheddar & Ciboulette - 120g","p":1.75,"u":"14,58 €/KG","img":"https://fd5-photos.leclercdrive.fr/image.ashx?id=2743819&use=l&cat=p&typeid=i","cat":284447},{"id":227520,"n":"Chips Lay's Sel & vinaigre - 130g","p":1.3,"u":"10,00 €/KG","img":"https://fd5-photos.leclercdrive.fr/image.ashx?id=3011161&use=l&cat=p&typeid=i","cat":284447},{"id":227528,"n":"Chips Lay's Poulet - 135g","p":1.2,"u":"8,89 €/KG","img":"https://fd5-photos.leclercdrive.fr/image.ashx?id=2995079&use=l&cat=p&typeid=i","cat":284447},{"id":227531,"n":"Rasoir Gillette Mach 3 1 manche + 1 recharge","p":8.17,"img":"https://fd5-photos.leclercdrive.fr/image.ashx?id=2859911&use=l&cat=p&typeid=i","cat":284616},{"id":227532,"n":"Chips Lay's Barbecue - 250g","p":1.98,"u":"7,92 €/KG","img":"https://fd5-photos.leclercdrive.fr/image.ashx?id=2994488&use=l&cat=p&typeid=i","cat":284447},{"id":227534,"n":"Chips Lay's Barbecue - 135g","p":1.14,"u":"8,44 €/KG","img":"https://fd5-photos.leclercdrive.fr/image.ashx?id=2994485&use=l&cat=p&typeid=i","cat":284447},{"id":227555,"n":"Mini cookies pépites chocolat Gullon - 85g","p":1.0,"u":"11,76 €/KG","img":"https://fd5-photos.leclercdrive.fr/image.ashx?id=2703281&use=l&cat=p&typeid=i","cat":325066},{"id":227557,"n":"Biscuit goûter fourré Gullon Méga duo vanille - 500g","p":2.14,"u":"4,28 €/KG","img":"https://fd5-photos.leclercdrive.fr/image.ashx?id=2703278&use=l&cat=p&typeid=i","cat":284489},{"id":227558,"n":"Biscuit goûter fourré Gullon Méga duo tout chocolat - 500g","p":2.05,"u":"4,10 €/KG","img":"https://fd5-photos.leclercdrive.fr/image.ashx?id=2700755&use=l&cat=p&typeid=i","cat":284488},{"id":227561,"n":"Culottes Fuites urinaires  Always discreet Taille M - x10","p":8.84,"u":"0,88 €/P","img":"https://fd5-photos.leclercdrive.fr/image.ashx?id=2927035&use=l&cat=p&typeid=i","cat":284628},{"id":227562,"n":"Culottes Fuites urinaires Always Discreet Taille L- x9","p":8.95,"u":"0,99 €/P","img":"https://fd5-photos.leclercdrive.fr/image.ashx?id=2927038&use=l&cat=p&typeid=i","cat":284628},{"id":227563,"n":"Serviettes Fuites urinaires  Always Discreet - Normal - x30","p":8.04,"u":"0,27 €/P","img":"https://fd5-photos.leclercdrive.fr/image.ashx?id=2700806&use=l&cat=p&typeid=i","cat":284628},{"id":227566,"n":"Brossettes Oral-B Précision clean - x4","p":21.45,"u":"5,36 €/P","img":"https://fd5-photos.leclercdrive.fr/image.ashx?id=2762307&use=l&cat=p&typeid=i","cat":297133},{"id":227590,"n":"Jambon cru Aoste Les Fines  Et fondantes 10 tranches - 167g","p":5.8,"u":"34,73 €/KG","img":"https://fd5-photos.leclercdrive.fr/image.ashx?id=2700455&use=l&cat=p&typeid=i","cat":316007},{"id":227592,"n":"Jambon cru Serrano Aoste 6 tranches - 100g","p":3.5,"u":"35,00 €/KG","img":"https://fd5-photos.leclercdrive.fr/image.ashx?id=2937184&use=l&cat=p&typeid=i","cat":316007},{"id":227593,"n":"Jambon cru Speck Aoste 8 tranches - 100g","p":3.69,"u":"36,90 €/KG","img":"https://fd5-photos.leclercdrive.fr/image.ashx?id=2701262&use=l&cat=p&typeid=i","cat":316007},{"id":227595,"n":"Jambon Fleury Michon  Simplement Bon x10 - 350g","p":3.62,"u":"10,34 €/KG","img":"https://fd5-photos.leclercdrive.fr/image.ashx?id=2842699&use=l&cat=p&typeid=i","cat":316009},{"id":227600,"n":"Croquettes chat Friskies Boeuf, poulet et légumes - 3kg","p":10.25,"u":"3,42 €/KG","img":"https://fd5-photos.leclercdrive.fr/image.ashx?id=2940603&use=l&cat=p&typeid=i","cat":284680},{"id":227602,"n":"Croquettes Friskies  Poulet & légumes  1,5 kg","p":6.16,"u":"4,11 €/KG","img":"https://fd5-photos.leclercdrive.fr/image.ashx?id=2701400&use=l&cat=p&typeid=i","cat":284680},{"id":227603,"n":"Croquettes chat stérilisé Friskies Agneau légumes - 1.5kg","p":4.49,"u":"2,99 €/KG","img":"https://fd5-photos.leclercdrive.fr/image.ashx?id=2701064&use=l&cat=p&typeid=i","cat":284680},{"id":227605,"n":"Croquettes petit chien Friskies Poulet & légumes - 1.5kg","p":4.68,"u":"3,12 €/KG","img":"https://fd5-photos.leclercdrive.fr/image.ashx?id=2986314&use=l&cat=p&typeid=i","cat":294526},{"id":227608,"n":"Croquettes Friskies Junior  Poulet avec du lait - 3kg","p":7.9,"u":"2,63 €/KG","img":"https://fd5-photos.leclercdrive.fr/image.ashx?id=2986900&use=l&cat=p&typeid=i","cat":284672},{"id":227612,"n":"Croquettes chien light Friskies Poulet & légumes - 3kg","p":9.58,"u":"3,19 €/KG","img":"https://fd5-photos.leclercdrive.fr/image.ashx?id=2987002&use=l&cat=p&typeid=i","cat":284672},{"id":227626,"n":"Barres chocolatées Mars  x7 - 315g","p":3.24,"u":"10,29 €/KG","img":"https://fd5-photos.leclercdrive.fr/image.ashx?id=2701043&use=l&cat=p&typeid=i","cat":284498},{"id":227629,"n":"Barres chocolatées Snickers x7 - 350g","p":3.69,"u":"10,54 €/KG","img":"https://fd5-photos.leclercdrive.fr/image.ashx?id=2701040&use=l&cat=p&typeid=i","cat":284498},{"id":227633,"n":"Barres chocolatées Twix  x10 -210g","p":2.48,"u":"11,81 €/KG","img":"https://fd5-photos.leclercdrive.fr/image.ashx?id=2980091&use=l&cat=p&typeid=i","cat":284498},{"id":227637,"n":"Canard WC Fresh disc Tropical - 1 appli + 6 disques","p":3.71,"img":"https://fd5-photos.leclercdrive.fr/image.ashx?id=2845578&use=l&cat=p&typeid=i","cat":284662},{"id":227639,"n":"Canard WC Fresh disc Tropical - 2 recharges","p":5.2,"img":"https://fd5-photos.leclercdrive.fr/image.ashx?id=2845584&use=l&cat=p&typeid=i","cat":284662},{"id":227645,"n":"Barres Bounty chocolat & noix de coco x5 - 285g","p":2.63,"u":"9,23 €/KG","img":"https://fd5-photos.leclercdrive.fr/image.ashx?id=2701022&use=l&cat=p&typeid=i","cat":284498},{"id":227658,"n":"Tropico original 6x20cl","p":2.59,"u":"2,16 €/L","img":"https://fd5-photos.leclercdrive.fr/image.ashx?id=2757800&use=l&cat=p&typeid=i","cat":295018},{"id":227659,"n":"Tropico tropical 6x20cl","p":2.69,"u":"2,24 €/L","img":"https://fd5-photos.leclercdrive.fr/image.ashx?id=2701364&use=l&cat=p&typeid=i","cat":295018},{"id":227669,"n":"Boisson Gazeuse Maison Perrier Chic Roséllini 4x25cl","p":2.59,"u":"2,59 €/L","img":"https://fd5-photos.leclercdrive.fr/image.ashx?id=2701403&use=l&cat=p&typeid=i","cat":284536},{"id":227671,"n":"Bière aromatisée Desperados Tropical -  6X33cl","p":8.8,"u":"4,44 €/L","img":"https://fd5-photos.leclercdrive.fr/image.ashx?id=2701142&use=l&cat=p&typeid=i","cat":334878},{"id":227674,"n":"Bière blonde Abbaye Alveringem 75cl","p":3.19,"u":"4,25 €/L","img":"https://fd5-photos.leclercdrive.fr/image.ashx?id=2699935&use=l&cat=p&typeid=i","cat":334852},{"id":227676,"n":"Bière aromatisée Desquiles sans alcool - 3x33cl","p":3.35,"u":"3,38 €/L","img":"https://fd5-photos.leclercdrive.fr/image.ashx?id=2699932&use=l&cat=p&typeid=i","cat":334877},{"id":227690,"n":"Parfum de linge Lenor Ambre orchidée x19D - 235g","p":7.05,"u":"30,00 €/KG","img":"https://fd5-photos.leclercdrive.fr/image.ashx?id=2839457&use=l&cat=p&typeid=i","cat":325302},{"id":227701,"n":"Chocolat Pâtissier Nestlé Dessert Blanc - 170g","p":2.85,"u":"16,76 €/KG","img":"https://fd5-photos.leclercdrive.fr/image.ashx?id=2895062&use=l&cat=p&typeid=i","cat":284957},{"id":227702,"n":"Fromage enfant La Vache qui rit Pik&Croq 8 portions - 280g","p":3.07,"u":"10,96 €/KG","img":"https://fd5-photos.leclercdrive.fr/image.ashx?id=2945436&use=l&cat=p&typeid=i","cat":314030},{"id":227712,"n":"Biscuits petit déjeuner Gullon Céréales fruits rouges 240g","p":2.54,"u":"10,58 €/KG","img":"https://fd5-photos.leclercdrive.fr/image.ashx?id=2701962&use=l&cat=p&typeid=i","cat":284491},{"id":227713,"n":"Crackers mini fish Gullon 250g","p":1.6,"u":"6,40 €/KG","img":"https://fd5-photos.leclercdrive.fr/image.ashx?id=2701953&use=l&cat=p&typeid=i","cat":297000},{"id":227729,"n":"Café au lait Soluble Nescafé 3en1 - x10 - 165g","p":2.05,"u":"12,42 €/KG","img":"https://fd5-photos.leclercdrive.fr/image.ashx?id=2854759&use=l&cat=p&typeid=i","cat":284843},{"id":227731,"n":"Céréales Nesquik  375g","p":2.26,"u":"6,03 €/KG","img":"https://fd5-photos.leclercdrive.fr/image.ashx?id=2977411&use=l&cat=p&typeid=i","cat":309513},{"id":227733,"n":"Compotes gourdes Pom'potes Les P'tits explorateurs  12x90g","p":6.06,"u":"5,61 €/KG","img":"https://fd5-photos.leclercdrive.fr/image.ashx?id=3010957&use=l&cat=p&typeid=i","cat":284508},{"id":227734,"n":"Compotes gourdes Pom'potes Multivariétés - 12x90g","p":5.47,"u":"5,06 €/KG","img":"https://fd5-photos.leclercdrive.fr/image.ashx?id=2890857&use=l&cat=p&typeid=i","cat":284508},{"id":227737,"n":"Capsule Nescafé Farmers Origins  Colombia Int 6 - x10","p":2.47,"u":"56,14 €/KG","img":"https://fd5-photos.leclercdrive.fr/image.ashx?id=2701968&use=l&cat=p&typeid=i","cat":284749},{"id":227738,"n":"Capsule Nescafé Farmers Origins  Africas Int 10 - x10","p":2.59,"u":"58,86 €/KG","img":"https://fd5-photos.leclercdrive.fr/image.ashx?id=2952172&use=l&cat=p&typeid=i","cat":284749},{"id":227739,"n":"Capsule Nescafé Farmers Origins  Colombia Décaféiné Int 6 - x10","p":2.59,"u":"48,87 €/KG","img":"https://fd5-photos.leclercdrive.fr/image.ashx?id=2701977&use=l&cat=p&typeid=i","cat":284749},{"id":227740,"n":"Capsule Nescafé Farmers Origins  Brazil Int 8 - x18","p":4.46,"u":"56,46 €/KG","img":"https://fd5-photos.leclercdrive.fr/image.ashx?id=3001521&use=l&cat=p&typeid=i","cat":284749},{"id":227743,"n":"Capsule Nescafé Farmers Origins  Colombia Int 6 - x18","p":5.03,"u":"63,67 €/KG","img":"https://fd5-photos.leclercdrive.fr/image.ashx?id=2701971&use=l&cat=p&typeid=i","cat":284749},{"id":227744,"n":"Capsule Nescafé Farmers Origins  Andes Int 5 - x10","p":2.59,"u":"58,86 €/KG","img":"https://fd5-photos.leclercdrive.fr/image.ashx?id=2701965&use=l&cat=p&typeid=i","cat":284749},{"id":227745,"n":"Lait Combiotic Hipp Bio jusqu' à 6mois 800g","p":16.76,"u":"20,95 €/KG","img":"https://fd5-photos.leclercdrive.fr/image.ashx?id=2926843&use=l&cat=p&typeid=i","cat":284726},{"id":227766,"n":"Diffuseur électrique Pyrel Eucalyptus - 45 nuits - 32ml","p":6.74,"u":"210,63 €/L","img":"https://fd5-photos.leclercdrive.fr/image.ashx?id=2973967&use=l&cat=p&typeid=i","cat":311629},{"id":227767,"n":"Gel douche Men Expert Barber club - 300ml","p":3.49,"u":"11,63 €/L","img":"https://fd5-photos.leclercdrive.fr/image.ashx?id=3008773&use=l&cat=p&typeid=i","cat":284619},{"id":227770,"n":"Café Legal Grand arabica - x54","p":7.66,"u":"20,43 €/KG","img":"https://fd5-photos.leclercdrive.fr/image.ashx?id=2701722&use=l&cat=p&typeid=i","cat":284749},{"id":227780,"n":"Liqueur GET Menthe & Citrons 17,9° - 70cl","p":12.99,"u":"18,56 €/L","img":"https://fd5-photos.leclercdrive.fr/image.ashx?id=2840629&use=l&cat=p&typeid=i","cat":286032},{"id":227792,"n":"Café en capsules Carte Noire Espresso classique N°7 x60 330g","p":15.54,"u":"47,09 €/KG","img":"https://fd5-photos.leclercdrive.fr/image.ashx?id=2750651&use=l&cat=p&typeid=i","cat":284749},{"id":227793,"n":"Café en capsules Carte Noire  Espresso décaféiné x30 171g","p":7.86,"u":"45,96 €/KG","img":"https://fd5-photos.leclercdrive.fr/image.ashx?id=2873447&use=l&cat=p&typeid=i","cat":284749},{"id":227818,"n":"Fromage enfant La Vache qui rit Pik&Croq 5 portions - 175g","p":1.98,"u":"11,31 €/KG","img":"https://fd5-photos.leclercdrive.fr/image.ashx?id=2945433&use=l&cat=p&typeid=i","cat":314030},{"id":227819,"n":"Biscotte Pasquier Blé complet x64 - 550g","p":2.81,"u":"5,11 €/KG","img":"https://fd5-photos.leclercdrive.fr/image.ashx?id=2702807&use=l&cat=p&typeid=i","cat":284479},{"id":227820,"n":"Fromage enfant La Vache qui rit Original 8P à tartiner - 128g","p":1.95,"u":"15,23 €/KG","img":"https://fd5-photos.leclercdrive.fr/image.ashx?id=2945439&use=l&cat=p&typeid=i","cat":314030},{"id":227823,"n":"Chips Lay's Emmental - 135g","p":1.24,"u":"9,19 €/KG","img":"https://fd5-photos.leclercdrive.fr/image.ashx?id=3011155&use=l&cat=p&typeid=i","cat":284447},{"id":227831,"n":"Spray Nettoyant Menager Cif  Anti-calcaire Universel 750 ml","p":2.68,"u":"3,57 €/L","img":"https://fd5-photos.leclercdrive.fr/image.ashx?id=2890520&use=l&cat=p&typeid=i","cat":325362},{"id":227838,"n":"Yaourt hyperprotéiné Sport  Vanille - 4x120g","p":2.65,"u":"5,52 €/P","img":"https://fd5-photos.leclercdrive.fr/image.ashx?id=2881250&use=l&cat=p&typeid=i","cat":315000},{"id":227839,"n":"Yaourt hyperprotéiné Sport Citron - 4x120g","p":2.65,"u":"5,52 €/KG","img":"https://fd5-photos.leclercdrive.fr/image.ashx?id=2881253&use=l&cat=p&typeid=i","cat":315000},{"id":227840,"n":"Yaourt hyperprotéiné Sport Coco - 4x120g","p":2.65,"u":"5,76 €/P","img":"https://fd5-photos.leclercdrive.fr/image.ashx?id=2716985&use=l&cat=p&typeid=i","cat":315000},{"id":227841,"n":"Yaourt hyperprotéiné Sport Fraise framboise - 4x120g","p":2.65,"u":"5,76 €/P","img":"https://fd5-photos.leclercdrive.fr/image.ashx?id=2716988&use=l&cat=p&typeid=i","cat":315000},{"id":227842,"n":"Yaourt hyperprotéiné Sport Mangue Passion - 4x120g","p":2.65,"u":"5,52 €/KG","img":"https://fd5-photos.leclercdrive.fr/image.ashx?id=2716991&use=l&cat=p&typeid=i","cat":315000},{"id":227884,"n":"Bâtonnet Magnum White choco Cookie - x3 - 222g","p":2.61,"u":"11,76 €/KG","img":"https://fd5-photos.leclercdrive.fr/image.ashx?id=2793071&use=l&cat=p&typeid=i","cat":284265},{"id":227896,"n":"Glace Carte d'Or Les Essentiels Vanille de Madagascar 700ml","p":2.7,"pp":1.89,"u":"5,15 €/KG","img":"https://fd5-photos.leclercdrive.fr/image.ashx?id=2831149&use=l&cat=p&typeid=i","cat":284263},{"id":227897,"n":"Glace Bâtonnet MAGNUM Amande 4x100ml","p":2.56,"u":"8,53 €/KG","img":"https://fd5-photos.leclercdrive.fr/image.ashx?id=2849364&use=l&cat=p&typeid=i","cat":284265},{"id":227898,"n":"Bâtonnet Magnum Classic x4 - 300g","p":2.81,"u":"9,37 €/KG","img":"https://fd5-photos.leclercdrive.fr/image.ashx?id=2966794&use=l&cat=p&typeid=i","cat":284265},{"id":227901,"n":"Bâtonnet Magnum Fraise et blanc - x4 - 324g","p":3.06,"u":"9,44 €/KG","img":"https://fd5-photos.leclercdrive.fr/image.ashx?id=3009293&use=l&cat=p&typeid=i","cat":284265},{"id":227903,"n":"Glace Bâtonnet MAGNUM Amande 8x100ml","p":4.7,"u":"7,83 €/KG","img":"https://fd5-photos.leclercdrive.fr/image.ashx?id=3009299&use=l&cat=p&typeid=i","cat":284265},{"id":227904,"n":"Glace Bâtonnet MAGNUM Classique 8x100ml","p":4.7,"u":"7,83 €/KG","img":"https://fd5-photos.leclercdrive.fr/image.ashx?id=2974057&use=l&cat=p&typeid=i","cat":284265},{"id":227905,"n":"Bâtonnet Magnum Chocolat blanc x8 - 588g","p":4.94,"u":"8,40 €/KG","img":"https://fd5-photos.leclercdrive.fr/image.ashx?id=2805663&use=l&cat=p&typeid=i","cat":284265},{"id":227906,"n":"Glace Bâtonnet Mini MAGNUM Amande 6x55ml","p":3.11,"u":"11,69 €/KG","img":"https://fd5-photos.leclercdrive.fr/image.ashx?id=2843544&use=l&cat=p&typeid=i","cat":284265},{"id":227907,"n":"Glace Bâtonnet MAGNUM Classique 6x55ml","p":2.98,"u":"11,97 €/KG","img":"https://fd5-photos.leclercdrive.fr/image.ashx?id=2967968&use=l&cat=p&typeid=i","cat":284265},{"id":227908,"n":"Mini bâtonnet Magnum Chocolat blanc Amande x6 - 257g","p":3.25,"u":"12,65 €/KG","img":"https://fd5-photos.leclercdrive.fr/image.ashx?id=2849367&use=l&cat=p&typeid=i","cat":284265},{"id":227909,"n":"Glace Bâtonnet Mini MAGNUM Amande & Chocolat Blanc 6x55ml","p":4.4,"u":"13,33 €/L","img":"https://fd5-photos.leclercdrive.fr/image.ashx?id=2843541&use=l&cat=p&typeid=i","cat":284265},{"id":227918,"n":"Pois chiches Eco+ - 265g","p":0.67,"u":"2,53 €/KG","img":"https://fd5-photos.leclercdrive.fr/image.ashx?id=3003747&use=l&cat=p&typeid=i","cat":312609},{"id":227963,"n":"Tartines croustillantes Wasa Flocons d'avoine - 265g","p":3.19,"u":"12,04 €/KG","img":"https://fd5-photos.leclercdrive.fr/image.ashx?id=2749527&use=l&cat=p&typeid=i","cat":284479},{"id":227964,"n":"Tartines croustillantes Wasa Sensation graines de chia -245g","p":2.75,"u":"11,22 €/KG","img":"https://fd5-photos.leclercdrive.fr/image.ashx?id=2749524&use=l&cat=p&typeid=i","cat":284479},{"id":227966,"n":"Compotes goudes Pom'Potes Pomme framboise Goyave - 360g","p":2.15,"u":"5,97 €/KG","img":"https://fd5-photos.leclercdrive.fr/image.ashx?id=2703708&use=l&cat=p&typeid=i","cat":284508},{"id":227967,"n":"Compotes gourges Pom'Potes Pomme pêche carotte 360g","p":2.15,"u":"5,97 €/KG","img":"https://fd5-photos.leclercdrive.fr/image.ashx?id=2703705&use=l&cat=p&typeid=i","cat":284508},{"id":228048,"n":"Yaourt à boire Sport Vanille cookie 4x190g","p":4.55,"u":"5,69 €/P","img":"https://fd5-photos.leclercdrive.fr/image.ashx?id=2716979&use=l&cat=p&typeid=i","cat":284415},{"id":228078,"n":"Boisson energisante Crazy Tiger Kiss me can - 50cl","p":1.52,"u":"3,04 €/L","img":"https://fd5-photos.leclercdrive.fr/image.ashx?id=2705587&use=l&cat=p&typeid=i","cat":284533},{"id":228102,"n":"Thé glacé Lipton Ice Tea Pêche Sans sucres - bouteille 1.75l","p":1.9,"u":"1,09 €/L","img":"https://fd5-photos.leclercdrive.fr/image.ashx?id=2857060&use=l&cat=p&typeid=i","cat":295019},{"id":228103,"n":"Thé glacé Lipton Ice Tea Pêche Zéro sucres - canettes 6x33cl","p":3.11,"u":"1,57 €/L","img":"https://fd5-photos.leclercdrive.fr/image.ashx?id=2959442&use=l&cat=p&typeid=i","cat":295019},{"id":228111,"n":"Bloc WC Canard Fresh disc - 72ml","p":5.53,"u":"76,81 €/L","img":"https://fd5-photos.leclercdrive.fr/image.ashx?id=2704342&use=l&cat=p&typeid=i","cat":284662},{"id":228115,"n":"Recharge Canard Fresh Disc Fraicheur Lavande","p":5.46,"u":"75,83 €/L","img":"https://fd5-photos.leclercdrive.fr/image.ashx?id=2754833&use=l&cat=p&typeid=i","cat":284662},{"id":228192,"n":"Coca-cola sans sucre Sans caféine  - 6x20cl","p":3.96,"u":"3,30 €/L","img":"https://fd5-photos.leclercdrive.fr/image.ashx?id=3009062&use=l&cat=p&typeid=i","cat":284530},{"id":228193,"n":"Tropico original Orange ananas - 1.75L","p":2.01,"u":"1,15 €/L","img":"https://fd5-photos.leclercdrive.fr/image.ashx?id=2705731&use=l&cat=p&typeid=i","cat":295018},{"id":228194,"n":"Thé glacé Oasis Ice Tea Saveur Mangue Passion - 1,5L","p":1.67,"u":"1,11 €/L","img":"https://fd5-photos.leclercdrive.fr/image.ashx?id=2705040&use=l&cat=p&typeid=i","cat":295019},{"id":228196,"n":"Sirop Frucci  Pêche - 1.3L","p":3.99,"u":"3,07 €/L","img":"https://fd5-photos.leclercdrive.fr/image.ashx?id=2898047&use=l&cat=p&typeid=i","cat":295020},{"id":228198,"n":"Sirop Frucci Grenadine - 1.3L","p":3.28,"u":"2,52 €/L","img":"https://fd5-photos.leclercdrive.fr/image.ashx?id=2909921&use=l&cat=p&typeid=i","cat":295020},{"id":228199,"n":"Sirop Frucci Menthe - 1.3L","p":3.02,"u":"2,32 €/L","img":"https://fd5-photos.leclercdrive.fr/image.ashx?id=2898038&use=l&cat=p&typeid=i","cat":295020},{"id":228205,"n":"Nettoyant ménager AJAX Air frais coquelicots - 1.25L","p":2.73,"u":"2,18 €/L","img":"https://fd5-photos.leclercdrive.fr/image.ashx?id=2944473&use=l&cat=p&typeid=i","cat":284907},{"id":228300,"n":"Ampoule LED Foxter Standard E27 75W - x1","p":5.99,"u":"Dont 0,29 € d'éco-part.","img":"https://fd5-photos.leclercdrive.fr/image.ashx?id=2706171&use=l&cat=p&typeid=i","cat":300573},{"id":228301,"n":"Ampoule LED Foxter Standard B22 75w","p":5.99,"u":"Dont 0,29 € d'éco-part.","img":"https://fd5-photos.leclercdrive.fr/image.ashx?id=2706168&use=l&cat=p&typeid=i","cat":300573},{"id":228305,"n":"Ampoule tube LED1 Foxter G13 18w - x1","p":7.99,"u":"Dont 0,12 € d'éco-part.","img":"https://fd5-photos.leclercdrive.fr/image.ashx?id=2706174&use=l&cat=p&typeid=i","cat":300573},{"id":228320,"n":"Peau chamoisée  Tech 9 2x72cm","p":11.99,"img":"https://fd5-photos.leclercdrive.fr/image.ashx?id=2705116&use=l&cat=p&typeid=i","cat":298252},{"id":228355,"n":"Bière blonde Fada 5,5% - 6x25cl","p":5.81,"u":"3,87 €/L","img":"https://fd5-photos.leclercdrive.fr/image.ashx?id=2723872&use=l&cat=p&typeid=i","cat":334873},{"id":228357,"n":"Nectar Orange Don Simon Sans sucre ajouté - 1,5L","p":2.1,"u":"1,40 €/L","img":"https://fd5-photos.leclercdrive.fr/image.ashx?id=2708752&use=l&cat=p&typeid=i","cat":284521},{"id":228358,"n":"Nectar Multifruits Don Simon Sans sucre ajouté - 1,5L","p":1.9,"u":"1,27 €/L","img":"https://fd5-photos.leclercdrive.fr/image.ashx?id=2708755&use=l&cat=p&typeid=i","cat":284917},{"id":228359,"n":"Nectar Ananas Don Simon Sans sucre ajouté - 1,5L","p":1.93,"u":"1,29 €/L","img":"https://fd5-photos.leclercdrive.fr/image.ashx?id=2780571&use=l&cat=p&typeid=i","cat":284916},{"id":228395,"n":"Boisson gazeuse Liptonic Thé glacé citron vert - 6x33cl","p":3.83,"u":"1,93 €/L","img":"https://fd5-photos.leclercdrive.fr/image.ashx?id=2706915&use=l&cat=p&typeid=i","cat":295019},{"id":228396,"n":"Thé glacé Lipton Ice Tea Pêche - 6x33cl","p":3.68,"u":"1,86 €/L","img":"https://fd5-photos.leclercdrive.fr/image.ashx?id=2852471&use=l&cat=p&typeid=i","cat":295019},{"id":228399,"n":"Mélange Wasabi 200g","p":3.42,"u":"17,10 €/KG","img":"https://fd5-photos.leclercdrive.fr/image.ashx?id=2706598&use=l&cat=p&typeid=i","cat":284357},{"id":228400,"n":"Rice Crackers Mélange Japonais 150grs","p":3.41,"u":"22,73 €/KG","img":"https://fd5-photos.leclercdrive.fr/image.ashx?id=2706601&use=l&cat=p&typeid=i","cat":284357},{"id":228405,"n":"Fromage frais  Atelier Blini Saumon - 140g","p":2.87,"u":"20,50 €/KG","img":"https://fd5-photos.leclercdrive.fr/image.ashx?id=3008329&use=l&cat=p&typeid=i","cat":315999},{"id":228408,"n":"Bâtonnet de glace Trium Vanille - x8 - 628g","p":3.92,"u":"6,24 €/KG","img":"https://fd5-photos.leclercdrive.fr/image.ashx?id=2911729&use=l&cat=p&typeid=i","cat":284265},{"id":228460,"n":"Capsules lave-vaisselle Sun Tout-en-1 Absolu Plus 390g x26","p":7.9,"u":"20,26 €/KG","img":"https://fd5-photos.leclercdrive.fr/image.ashx?id=2960282&use=l&cat=p&typeid=i","cat":284656},{"id":228461,"n":"Spray Nettoyant Menager Cif  Cleanboost Technology - 750 ml","p":2.42,"u":"3,23 €/L","img":"https://fd5-photos.leclercdrive.fr/image.ashx?id=2866214&use=l&cat=p&typeid=i","cat":325357},{"id":228462,"n":"Spray Nettoyant 5-en-1 Cif Cuisine & Salle de Bain 750ml","p":1.99,"u":"2,65 €/L","img":"https://fd5-photos.leclercdrive.fr/image.ashx?id=2999336&use=l&cat=p&typeid=i","cat":325357},{"id":228463,"n":"Liquide vaisselle mini Paic Citron - 500ml","p":1.37,"u":"2,74 €/L","img":"https://fd5-photos.leclercdrive.fr/image.ashx?id=2708020&use=l&cat=p&typeid=i","cat":284655},{"id":228464,"n":"Recharge Adoucissant Soupline Grand Air - 1L - x45","p":3.86,"u":"3,86 €/L","img":"https://fd5-photos.leclercdrive.fr/image.ashx?id=2860598&use=l&cat=p&typeid=i","cat":284650},{"id":228465,"n":"Nettoyant ménager Ajax Fête des fleurs muguets 1.25L","p":2.81,"u":"2,25 €/L","img":"https://fd5-photos.leclercdrive.fr/image.ashx?id=2926072&use=l&cat=p&typeid=i","cat":284907},{"id":228467,"n":"Spray nettoyant ménager Ajax Salle de bain - 500ml","p":2.68,"u":"5,36 €/L","img":"https://fd5-photos.leclercdrive.fr/image.ashx?id=2708041&use=l&cat=p&typeid=i","cat":325357},{"id":228468,"n":"Spray nettoyant ménager Ajax Multi-surfaces - 500ml","p":2.68,"u":"5,36 €/L","img":"https://fd5-photos.leclercdrive.fr/image.ashx?id=2708044&use=l&cat=p&typeid=i","cat":325357},{"id":228469,"n":"Perles de linge Soupline Grand Air - 230g","p":6.35,"u":"27,61 €/KG","img":"https://fd5-photos.leclercdrive.fr/image.ashx?id=2708032&use=l&cat=p&typeid=i","cat":325302},{"id":228470,"n":"Mini kit brush Color Sensation 3.0 Châtain foncé","p":4.03,"img":"https://fd5-photos.leclercdrive.fr/image.ashx?id=2752116&use=l&cat=p&typeid=i","cat":288899},{"id":228471,"n":"Mini kit brush Color Sensation 6.60 Rouge profond - x1","p":4.12,"img":"https://fd5-photos.leclercdrive.fr/image.ashx?id=2752119&use=l&cat=p&typeid=i","cat":288899},{"id":228473,"n":"Déodorant Bulldog Original - 125ml","p":4.17,"u":"33,36 €/L","img":"https://fd5-photos.leclercdrive.fr/image.ashx?id=2708259&use=l&cat=p&typeid=i","cat":284595},{"id":228477,"n":"Brosse à dents Signal Triple Action - Medium - x4","p":1.79,"u":"0,45 €/P","img":"https://fd5-photos.leclercdrive.fr/image.ashx?id=2708310&use=l&cat=p&typeid=i","cat":284614},{"id":228478,"n":"Brosse à dent  Signal 4D Blancheur - Medium - x1","p":3.31,"img":"https://fd5-photos.leclercdrive.fr/image.ashx?id=2968577&use=l&cat=p&typeid=i","cat":284614},{"id":228479,"n":"Déodorant femme Rexona Invisible Aqua 72h - 100ml","p":2.97,"u":"29,70 €/L","img":"https://fd5-photos.leclercdrive.fr/image.ashx?id=2944488&use=l&cat=p&typeid=i","cat":284595},{"id":228480,"n":"Gel Douche Dove Advanced Care Nutrition Intense 225ml","p":3.17,"u":"14,09 €/L","img":"https://fd5-photos.leclercdrive.fr/image.ashx?id=2968580&use=l&cat=p&typeid=i","cat":284594},{"id":228481,"n":"Gel Douche Dove Advanced Care Nutrition Intense 400ml","p":4.7,"u":"11,75 €/L","img":"https://fd5-photos.leclercdrive.fr/image.ashx?id=2991036&use=l&cat=p&typeid=i","cat":284594},{"id":228484,"n":"Gel Douche Dove Hydratant 450ml","p":3.95,"u":"8,78 €/L","img":"https://fd5-photos.leclercdrive.fr/image.ashx?id=2993499&use=l&cat=p&typeid=i","cat":284594},{"id":228486,"n":"Gel douche Dove Fraîcheur - 450ml","p":4.05,"u":"9,00 €/L","img":"https://fd5-photos.leclercdrive.fr/image.ashx?id=2738707&use=l&cat=p&typeid=i","cat":284594},{"id":228488,"n":"Lait d'avoine original Oatly  1L","p":2.4,"u":"2,40 €/L","img":"https://fd5-photos.leclercdrive.fr/image.ashx?id=2708710&use=l&cat=p&typeid=i","cat":316067},{"id":228490,"n":"Lessive liquide Le Chat  L'Expert bicarbonate x66 -2.97L","p":15.79,"u":"5,32 €/L","img":"https://fd5-photos.leclercdrive.fr/image.ashx?id=2877781&use=l&cat=p&typeid=i","cat":284640},{"id":228499,"n":"Lessive liquide X-tra Total 4 en 1 x63 - 2.835L","p":9.58,"u":"3,38 €/L","img":"https://fd5-photos.leclercdrive.fr/image.ashx?id=2921561&use=l&cat=p&typeid=i","cat":284640},{"id":228501,"n":"Lessive liquide X-tra Total Savon de Marseille x63  -2.835L","p":9.07,"u":"3,20 €/L","img":"https://fd5-photos.leclercdrive.fr/image.ashx?id=2921564&use=l&cat=p&typeid=i","cat":284640},{"id":228502,"n":"Lessive liquide X-tra Total Déo fraîcheur x57 - 2.565L","p":8.61,"u":"3,36 €/L","img":"https://fd5-photos.leclercdrive.fr/image.ashx?id=2708564&use=l&cat=p&typeid=i","cat":284640},{"id":228503,"n":"Recharge lessive Maison Verte Huiles essentielles x33 -1.485L","p":6.9,"u":"4,65 €/L","img":"https://fd5-photos.leclercdrive.fr/image.ashx?id=2890625&use=l&cat=p&typeid=i","cat":284644},{"id":228506,"n":"Lessive liquide Mir Black Raviveur noir x27 - 1.35L","p":5.98,"u":"4,43 €/L","img":"https://fd5-photos.leclercdrive.fr/image.ashx?id=2881323&use=l&cat=p&typeid=i","cat":284644},{"id":228510,"n":"Lessive liquide Super Croix X-tra Bora Bora x42 - 1.89L","p":7.72,"u":"4,08 €/L","img":"https://fd5-photos.leclercdrive.fr/image.ashx?id=2876263&use=l&cat=p&typeid=i","cat":284640},{"id":228511,"n":"Lessive liquide Maison Verte Fraîcheur d'été - 1.485L x33","p":6.9,"u":"4,65 €/L","img":"https://fd5-photos.leclercdrive.fr/image.ashx?id=2890121&use=l&cat=p&typeid=i","cat":284640},{"id":228512,"n":"Complément alimentaire Thalamag Equilibre interieur duo - 2x30","p":11.98,"img":"https://fd5-photos.leclercdrive.fr/image.ashx?id=2848304&use=l&cat=p&typeid=i","cat":301264},{"id":228567,"n":"Tequila Don Julio Blanco 38° - 70cl","p":38.5,"pp":34.65,"u":"49,50 €/L","img":"https://fd5-photos.leclercdrive.fr/image.ashx?id=2785034&use=l&cat=p&typeid=i","cat":284550},{"id":228581,"n":"Cocktail Plaisir sans sel  220grs","p":4.35,"u":"19,77 €/KG","img":"https://fd5-photos.leclercdrive.fr/image.ashx?id=2708132&use=l&cat=p&typeid=i","cat":284357},{"id":228582,"n":"Mélange grillé sans sel  220grs","p":5.59,"u":"25,41 €/KG","img":"https://fd5-photos.leclercdrive.fr/image.ashx?id=2708135&use=l&cat=p&typeid=i","cat":284357},{"id":228583,"n":"Trio Soleil  200grs","p":4.32,"u":"21,60 €/KG","img":"https://fd5-photos.leclercdrive.fr/image.ashx?id=2708138&use=l&cat=p&typeid=i","cat":284357},{"id":228584,"n":"Noix de cajou sans sel  200grs","p":6.61,"u":"33,05 €/KG","img":"https://fd5-photos.leclercdrive.fr/image.ashx?id=2708141&use=l&cat=p&typeid=i","cat":284357},{"id":228587,"n":"Arachide Wasabi 180grs","p":3.34,"u":"18,56 €/KG","img":"https://fd5-photos.leclercdrive.fr/image.ashx?id=2708151&use=l&cat=p&typeid=i","cat":284448},{"id":228631,"n":"Soda Coca-Cola Sans Sucres Canette - Pack 6x20CL","p":3.08,"u":"2,57 €/L","img":"https://fd5-photos.leclercdrive.fr/image.ashx?id=2709352&use=l&cat=p&typeid=i","cat":284530},{"id":228681,"n":"Cookies sans gluten et sans sucres ajoutés Gullon - 130g","p":2.14,"u":"16,46 €/KG","img":"https://fd5-photos.leclercdrive.fr/image.ashx?id=2709370&use=l&cat=p&typeid=i","cat":325066},{"id":228682,"n":"Mini Twins chocolat Gullon 100g","p":0.97,"u":"9,70 €/KG","img":"https://fd5-photos.leclercdrive.fr/image.ashx?id=2709367&use=l&cat=p&typeid=i","cat":284488},{"id":228703,"n":"Recharge diffuseur pur clean Glade x1","p":4.53,"img":"https://fd5-photos.leclercdrive.fr/image.ashx?id=2710386&use=l&cat=p&typeid=i","cat":311629},{"id":228704,"n":"Diffuseur électrique vanille Glade x1","p":4.86,"img":"https://fd5-photos.leclercdrive.fr/image.ashx?id=2864176&use=l&cat=p&typeid=i","cat":311629},{"id":228764,"n":"Bouillabaisse du soleil Aux épices - 1.5kg","p":6.02,"u":"4,01 €/KG","img":"https://fd5-photos.leclercdrive.fr/image.ashx?id=2710125&use=l&cat=p&typeid=i","cat":284254},{"id":228776,"n":"Beurre tendre doux Président  60% MG - 200g","p":1.76,"u":"8,80 €/KG","img":"https://fd5-photos.leclercdrive.fr/image.ashx?id=2710529&use=l&cat=p&typeid=i","cat":284379},{"id":228826,"n":"Biscuits fourrés Balconi Noisettes - 86g","p":1.9,"u":"22,09 €/KG","img":"https://fd5-photos.leclercdrive.fr/image.ashx?id=2737357&use=l&cat=p&typeid=i","cat":284488},{"id":228828,"n":"Croquettes pour chaton Whiskas Poulet - 1.9 kg","p":6.76,"u":"3,56 €/L","img":"https://fd5-photos.leclercdrive.fr/image.ashx?id=2871130&use=l&cat=p&typeid=i","cat":284680},{"id":228833,"n":"Chips ondulées Pom'Lisse Tomate basilic - 135g","p":1.47,"u":"10,89 €/KG","img":"https://fd5-photos.leclercdrive.fr/image.ashx?id=2711066&use=l&cat=p&typeid=i","cat":284447},{"id":228837,"n":"Haricots rouges Eco+ 250g","p":0.55,"u":"2,20 €/KG","img":"https://fd5-photos.leclercdrive.fr/image.ashx?id=3003750&use=l&cat=p&typeid=i","cat":312606},{"id":228905,"n":"Soin capillaire Expess Le  Petit Marseillais Coco -200ml","p":2.71,"u":"13,55 €/L","img":"https://fd5-photos.leclercdrive.fr/image.ashx?id=2711947&use=l&cat=p&typeid=i","cat":284608},{"id":228909,"n":"Crème fixative Polident Soin & tolérence 0% - 77g","p":6.6,"u":"85,71 €/KG","img":"https://fd5-photos.leclercdrive.fr/image.ashx?id=2712046&use=l&cat=p&typeid=i","cat":285158},{"id":228929,"n":"Lait infantile Guigoz Optipro - 1er age 1,3L","p":5.57,"u":"0,43 €/L","img":"https://fd5-photos.leclercdrive.fr/image.ashx?id=2813068&use=l&cat=p&typeid=i","cat":284726},{"id":228932,"n":"Lait croissance Guigoz Optipro 3 - 6x500ml","p":8.59,"u":"2,86 €/L","img":"https://fd5-photos.leclercdrive.fr/image.ashx?id=2712139&use=l&cat=p&typeid=i","cat":284728},{"id":228934,"n":"P'tit brassé Pomme  Nestlé Framboise céréale 2X115g","p":1.85,"u":"8,04 €/KG","img":"https://fd5-photos.leclercdrive.fr/image.ashx?id=2712130&use=l&cat=p&typeid=i","cat":312392},{"id":228935,"n":"Dessert P'tit brassé Nestlé Banane mangue céréales 2x115g","p":1.86,"u":"8,09 €/KG","img":"https://fd5-photos.leclercdrive.fr/image.ashx?id=2712127&use=l&cat=p&typeid=i","cat":312392},{"id":228940,"n":"Naturnes Nestlé Jardinière de légumes 2x190g","p":2.06,"u":"5,42 €/KG","img":"https://fd5-photos.leclercdrive.fr/image.ashx?id=2712124&use=l&cat=p&typeid=i","cat":312235},{"id":228942,"n":"Dessert P'tit brassé  Mini pêche - 6x50g","p":1.93,"u":"6,43 €/KG","img":"https://fd5-photos.leclercdrive.fr/image.ashx?id=2955989&use=l&cat=p&typeid=i","cat":312392},{"id":228950,"n":"Biscuits Mulino Bianco Macine - 350g","p":3.21,"u":"9,17 €/KG","img":"https://fd5-photos.leclercdrive.fr/image.ashx?id=2880567&use=l&cat=p&typeid=i","cat":289010},{"id":228951,"n":"Biscuits Mulino Bianco Taralucci - 350g","p":3.72,"u":"10,63 €/KG","img":"https://fd5-photos.leclercdrive.fr/image.ashx?id=2712097&use=l&cat=p&typeid=i","cat":284487},{"id":228952,"n":"Biscuits Mulino Bianco Galetti - 350g","p":3.67,"u":"10,49 €/KG","img":"https://fd5-photos.leclercdrive.fr/image.ashx?id=2850252&use=l&cat=p&typeid=i","cat":289010},{"id":228957,"n":"Dessert P'tit brassé  Mini banane - 300g","p":1.81,"u":"6,03 €/KG","img":"https://fd5-photos.leclercdrive.fr/image.ashx?id=2958203&use=l&cat=p&typeid=i","cat":312392},{"id":228958,"n":"Dessert mini P'tit brassé Nature -300g","p":2.01,"u":"6,70 €/KG","img":"https://fd5-photos.leclercdrive.fr/image.ashx?id=2712112&use=l&cat=p&typeid=i","cat":312392},{"id":228963,"n":"Thé noir en vrac Lipton à l'Orange d'Espagne - 150g","p":8.41,"u":"56,07 €/KG","img":"https://fd5-photos.leclercdrive.fr/image.ashx?id=2746316&use=l&cat=p&typeid=i","cat":293234},{"id":228964,"n":"P'tite céréales  Vanille - 270g","p":2.89,"u":"10,70 €/KG","img":"https://fd5-photos.leclercdrive.fr/image.ashx?id=2737777&use=l&cat=p&typeid=i","cat":312225},{"id":228965,"n":"P'tite céréales Nestlé Saveur biscuit - 270g","p":2.95,"u":"1,09 €/L","img":"https://fd5-photos.leclercdrive.fr/image.ashx?id=2712813&use=l&cat=p&typeid=i","cat":312225},{"id":228966,"n":"Infusion Pukka Bio Digestion - x20 - 40g","p":4.25,"u":"106,25 €/KG","img":"https://fd5-photos.leclercdrive.fr/image.ashx?id=2903719&use=l&cat=p&typeid=i","cat":293234},{"id":228969,"n":"Infusion Pukka bio Nuit enchanté x20 - 32g","p":4.21,"u":"131,56 €/KG","img":"https://fd5-photos.leclercdrive.fr/image.ashx?id=2938824&use=l&cat=p&typeid=i","cat":293234},{"id":228970,"n":"Chips Tortilla Doritos Chili - 250g","p":2.45,"u":"9,80 €/KG","img":"https://fd5-photos.leclercdrive.fr/image.ashx?id=2959439&use=l&cat=p&typeid=i","cat":287899},{"id":228972,"n":"Chips Tortilla Doritos Cheese - 250g","p":2.45,"u":"9,80 €/KG","img":"https://fd5-photos.leclercdrive.fr/image.ashx?id=2901788&use=l&cat=p&typeid=i","cat":287899},{"id":228974,"n":"Chips Tortilla Doritos Nature corn - 250g","p":2.45,"u":"9,80 €/KG","img":"https://fd5-photos.leclercdrive.fr/image.ashx?id=2986224&use=l&cat=p&typeid=i","cat":287899},{"id":228975,"n":"Plat cuisiné Paysan Breton Porc champignons - 300g","p":3.53,"u":"11,77 €/KG","img":"https://fd5-photos.leclercdrive.fr/image.ashx?id=2712582&use=l&cat=p&typeid=i","cat":284953},{"id":228976,"n":"Infusion Saveurs du soir Lipton Grand sud - 32g","p":1.19,"u":"37,19 €/KG","img":"https://fd5-photos.leclercdrive.fr/image.ashx?id=2718741&use=l&cat=p&typeid=i","cat":293234},{"id":228978,"n":"Gourdes Pom'Potes  Fruits &  betterave -360g","p":1.73,"u":"4,81 €/KG","img":"https://fd5-photos.leclercdrive.fr/image.ashx?id=2926206&use=l&cat=p&typeid=i","cat":284508},{"id":228980,"n":"Estragon Marcel Senchou 6g","p":1.15,"u":"191,67 €/KG","img":"https://fd5-photos.leclercdrive.fr/image.ashx?id=2759466&use=l&cat=p&typeid=i","cat":298297},{"id":228981,"n":"Ail Marcel Senchou 55g","p":1.26,"u":"22,91 €/KG","img":"https://fd5-photos.leclercdrive.fr/image.ashx?id=2712645&use=l&cat=p&typeid=i","cat":298297},{"id":228982,"n":"Pare-soleil latéraux Tech9 Rectangle - 100x50cm - x2","p":6.95,"img":"https://fd5-photos.leclercdrive.fr/image.ashx?id=2712364&use=l&cat=p&typeid=i","cat":298252},{"id":228984,"n":"Moulin ail Marcel Senchou 40g","p":2.41,"u":"60,25 €/KG","img":"https://fd5-photos.leclercdrive.fr/image.ashx?id=2712642&use=l&cat=p&typeid=i","cat":298297},{"id":228991,"n":"Pare-soleil Tech9 Pare-brise avant - 130x60cm","p":3.2,"img":"https://fd5-photos.leclercdrive.fr/image.ashx?id=2712352&use=l&cat=p&typeid=i","cat":298252},{"id":228992,"n":"Thé vert Lipton Bio  x20 - 28g","p":3.06,"u":"109,29 €/KG","img":"https://fd5-photos.leclercdrive.fr/image.ashx?id=2739405&use=l&cat=p&typeid=i","cat":293233},{"id":228995,"n":"Coffret thé noir Lipton Sensations x50 - 82g","p":9.5,"pp":6.65,"u":"81,10 €/KG","img":"https://fd5-photos.leclercdrive.fr/image.ashx?id=2719636&use=l&cat=p&typeid=i","cat":293233},{"id":229002,"n":"Chips Tuiles Pringles HOT Flamin' Cheese - 160g","p":2.43,"u":"15,19 €/KG","img":"https://fd5-photos.leclercdrive.fr/image.ashx?id=2927609&use=l&cat=p&typeid=i","cat":287899},{"id":229004,"n":"Rillettes de thon Petit Navire Olives vertes - 220g","p":3.3,"u":"15,00 €/KG","img":"https://fd5-photos.leclercdrive.fr/image.ashx?id=2831666&use=l&cat=p&typeid=i","cat":303867},{"id":229005,"n":"Herbes de provence  Marcel Senchou - 65g","p":2.63,"u":"40,46 €/KG","img":"https://fd5-photos.leclercdrive.fr/image.ashx?id=2712651&use=l&cat=p&typeid=i","cat":298297},{"id":229006,"n":"Echalote Marcel Senchou 1er fraicheur - 10g","p":1.75,"u":"175,00 €/KG","img":"https://fd5-photos.leclercdrive.fr/image.ashx?id=2712639&use=l&cat=p&typeid=i","cat":298297},{"id":229007,"n":"Poivre moulu Marcel Senchou 30g","p":2.26,"u":"75,33 €/KG","img":"https://fd5-photos.leclercdrive.fr/image.ashx?id=2758933&use=l&cat=p&typeid=i","cat":284457},{"id":229008,"n":"Herbes de provence Sainte Lucie Saveurs du sud - 62g","p":1.56,"u":"25,16 €/KG","img":"https://fd5-photos.leclercdrive.fr/image.ashx?id=2712600&use=l&cat=p&typeid=i","cat":298297},{"id":229009,"n":"Kit Tacos Old El Paso Street Vibes al pastor - 257g","p":3.4,"u":"13,23 €/KG","img":"https://fd5-photos.leclercdrive.fr/image.ashx?id=2764634&use=l&cat=p&typeid=i","cat":288993},{"id":229011,"n":"Mini tortillas Old El Paso Street Vibes x8 - 220g","p":1.67,"u":"7,59 €/KG","img":"https://fd5-photos.leclercdrive.fr/image.ashx?id=2858288&use=l&cat=p&typeid=i","cat":288993},{"id":229015,"n":"Sauce soja Suzi Wan 135ml","p":2.16,"u":"16,00 €/L","img":"https://fd5-photos.leclercdrive.fr/image.ashx?id=2906664&use=l&cat=p&typeid=i","cat":288992},{"id":229041,"n":"Sauce pot japanese Sharwood's 415g","p":2.84,"u":"6,84 €/KG","img":"https://fd5-photos.leclercdrive.fr/image.ashx?id=2792894&use=l&cat=p&typeid=i","cat":288992},{"id":229062,"n":"Nouilles Ramen Tanoshi Crevettes - 360g","p":3.17,"u":"8,81 €/KG","img":"https://fd5-photos.leclercdrive.fr/image.ashx?id=2731954&use=l&cat=p&typeid=i","cat":288992},{"id":229063,"n":"Pepites 3 chocolats  Sainte Lucie - 100g","p":3.21,"u":"32,10 €/KG","img":"https://fd5-photos.leclercdrive.fr/image.ashx?id=2774349&use=l&cat=p&typeid=i","cat":284504},{"id":229072,"n":"Biscuits chocolats Kinder Duo Chocolat blanc et lait - 2x150g","p":4.0,"u":"13,33 €/KG","img":"https://fd5-photos.leclercdrive.fr/image.ashx?id=2718188&use=l&cat=p&typeid=i","cat":284488},{"id":229109,"n":"Capsule Nescafé Farmers Origins Intensité 7 - x10 - 44g","p":2.43,"u":"55,23 €/KG","img":"https://fd5-photos.leclercdrive.fr/image.ashx?id=2714585&use=l&cat=p&typeid=i","cat":284749},{"id":229117,"n":"Noisettes décortiquées  Couleurs Vives - 175g","p":2.99,"u":"17,09 €/KG","img":"https://fd5-photos.leclercdrive.fr/image.ashx?id=2713661&use=l&cat=p&typeid=i","cat":284357},{"id":229137,"n":"Nouilles Tanoshi Poulet shitake cup de 65g","p":1.72,"u":"26,46 €/KG","img":"https://fd5-photos.leclercdrive.fr/image.ashx?id=2906208&use=l&cat=p&typeid=i","cat":288992},{"id":229140,"n":"Herbes de provence Sainte Lucie L'Originale Recette - 80g","p":2.9,"u":"36,25 €/KG","img":"https://fd5-photos.leclercdrive.fr/image.ashx?id=2713895&use=l&cat=p&typeid=i","cat":298297},{"id":229144,"n":"Margarine doux St-Hubert L'Original - 250g","p":1.9,"u":"7,60 €/KG","img":"https://fd5-photos.leclercdrive.fr/image.ashx?id=2978032&use=l&cat=p&typeid=i","cat":315229},{"id":229150,"n":"Epices curry Sainte Lucy Balti - 45g","p":1.64,"u":"36,44 €/KG","img":"https://fd5-photos.leclercdrive.fr/image.ashx?id=2713886&use=l&cat=p&typeid=i","cat":298297},{"id":229156,"n":"Vin efferverscent Perlino Prosecco brut - 75cl","p":8.01,"u":"10,68 €/L","img":"https://fd5-photos.leclercdrive.fr/image.ashx?id=2873333&use=l&cat=p&typeid=i","cat":289461},{"id":229159,"n":"Jus Tropicana Juicy  Pomme Cassis Framboise - 1,5L","p":1.74,"u":"1,16 €/L","img":"https://fd5-photos.leclercdrive.fr/image.ashx?id=3010801&use=l&cat=p&typeid=i","cat":284915},{"id":229163,"n":"Les 16 macarons délicieux  Coffret 16 pièces","p":12.24,"u":"0,77 €/P","img":"https://fd5-photos.leclercdrive.fr/image.ashx?id=2992236&use=l&cat=p&typeid=i","cat":284360},{"id":229170,"n":"Bière aromatisée Desperados  Tropical - 12x33cl","p":17.42,"u":"4,40 €/L","img":"https://fd5-photos.leclercdrive.fr/image.ashx?id=2981491&use=l&cat=p&typeid=i","cat":334878},{"id":229185,"n":"Bâtonnets Gino Jose Salge à la grenadine Mattei - 6x85g","p":3.82,"u":"7,49 €/KG","img":"https://fd5-photos.leclercdrive.fr/image.ashx?id=2721955&use=l&cat=p&typeid=i","cat":284265},{"id":229188,"n":"Bâtonnets Gino Jose Salge au citron Mattei - 6x85g","p":3.71,"u":"7,27 €/KG","img":"https://fd5-photos.leclercdrive.fr/image.ashx?id=2721958&use=l&cat=p&typeid=i","cat":284265},{"id":229190,"n":"Bâtonnets Gino Jose Salge à la menthe Mattei - 6x85g","p":3.8,"u":"7,45 €/KG","img":"https://fd5-photos.leclercdrive.fr/image.ashx?id=2721964&use=l&cat=p&typeid=i","cat":284265},{"id":229191,"n":"Bâtonnets Gino Jose Salge au cola - 6x85g","p":3.9,"u":"7,65 €/KG","img":"https://fd5-photos.leclercdrive.fr/image.ashx?id=2721961&use=l&cat=p&typeid=i","cat":284265},{"id":229224,"n":"Glace pâte à tartiner Nutella 230g","p":3.88,"u":"16,87 €/KG","img":"https://fd5-photos.leclercdrive.fr/image.ashx?id=2905672&use=l&cat=p&typeid=i","cat":284725},{"id":229243,"n":"Soin capillaire express Le  Petit Marseillais Karité -200ml","p":2.72,"u":"13,60 €/L","img":"https://fd5-photos.leclercdrive.fr/image.ashx?id=2735248&use=l&cat=p&typeid=i","cat":284608},{"id":229244,"n":"Soin capillaire express Le Petit Marseillais Argan - 200ml","p":2.41,"u":"12,05 €/L","img":"https://fd5-photos.leclercdrive.fr/image.ashx?id=2715255&use=l&cat=p&typeid=i","cat":284608},{"id":229288,"n":"Glace Carte d'Or Café - 374g","p":2.82,"pp":1.97,"u":"5,27 €/KG","img":"https://fd5-photos.leclercdrive.fr/image.ashx?id=2973348&use=l&cat=p&typeid=i","cat":284263},{"id":229289,"n":"Glace Carte d'Or Chocolat Noir - 374g","p":2.69,"pp":1.88,"u":"5,03 €/KG","img":"https://fd5-photos.leclercdrive.fr/image.ashx?id=2849370&use=l&cat=p&typeid=i","cat":284263},{"id":229291,"n":"Glace Carte d'Or Rhum raisin - 394g","p":2.92,"pp":2.04,"u":"5,18 €/KG","img":"https://fd5-photos.leclercdrive.fr/image.ashx?id=3009305&use=l&cat=p&typeid=i","cat":284263},{"id":229292,"n":"Glace Carte d'Or Caramel fleur de sel - 373g","p":2.75,"pp":1.92,"u":"5,15 €/KG","img":"https://fd5-photos.leclercdrive.fr/image.ashx?id=3009302&use=l&cat=p&typeid=i","cat":284263},{"id":229295,"n":"Glace Carte d'Or Citron de Sicile - 453g","p":3.19,"pp":2.23,"u":"4,92 €/KG","img":"https://fd5-photos.leclercdrive.fr/image.ashx?id=2769251&use=l&cat=p&typeid=i","cat":284263},{"id":229371,"n":"Sense & Spray \"Glade\" Romantic Vanilla Blossom - 18ml","p":6.93,"pp":4.16,"u":"231,11 €/L","img":"https://fd5-photos.leclercdrive.fr/image.ashx?id=2716609&use=l&cat=p&typeid=i","cat":311629},{"id":229395,"n":"Crème glacée La Laitière Menthe Chocolat - 490g","p":3.24,"pp":2.27,"u":"4,63 €/KG","img":"https://fd5-photos.leclercdrive.fr/image.ashx?id=2877889&use=l&cat=p&typeid=i","cat":284263},{"id":229414,"n":"Chocolat Poulain maxi Lait Feuilleté - 190g","p":3.02,"u":"15,89 €/KG","img":"https://fd5-photos.leclercdrive.fr/image.ashx?id=2867140&use=l&cat=p&typeid=i","cat":284497},{"id":229419,"n":"Grilletine Pasquier Biscuitée x18 - 255g","p":2.01,"u":"7,88 €/KG","img":"https://fd5-photos.leclercdrive.fr/image.ashx?id=2716177&use=l&cat=p&typeid=i","cat":284479},{"id":229430,"n":"Gaufrettes Loacker Classic double choc - 90g","p":0.95,"u":"10,56 €/KG","img":"https://fd5-photos.leclercdrive.fr/image.ashx?id=2905669&use=l&cat=p&typeid=i","cat":284487},{"id":229487,"n":"Margarine ProActiv Expert Tartine et gourmet -Doux - 450g","p":4.29,"u":"9,53 €/KG","img":"https://fd5-photos.leclercdrive.fr/image.ashx?id=2972601&use=l&cat=p&typeid=i","cat":315229},{"id":229489,"n":"Complément alimentaire Symbiosis Alforex+ x30 gélules","p":14.99,"img":"https://fd5-photos.leclercdrive.fr/image.ashx?id=2717994&use=l&cat=p&typeid=i","cat":301268},{"id":229497,"n":"Chips Lay's  Bolognaise - 130g","p":1.29,"u":"9,92 €/KG","img":"https://fd5-photos.leclercdrive.fr/image.ashx?id=3011149&use=l&cat=p&typeid=i","cat":284447},{"id":229498,"n":"Chips Lay's Moutarde pickles - 135g","p":1.38,"u":"10,22 €/KG","img":"https://fd5-photos.leclercdrive.fr/image.ashx?id=3011152&use=l&cat=p&typeid=i","cat":284447},{"id":229502,"n":"Whisky scotch Aberlour  40% - 70cl","p":28.13,"u":"40,19 €/L","img":"https://fd5-photos.leclercdrive.fr/image.ashx?id=2838598&use=l&cat=p&typeid=i","cat":284547},{"id":229517,"n":"Soda au cola Pepsi Zéro sucres Le lot de 6x33cl canettes","p":2.76,"u":"1,39 €/L","img":"https://fd5-photos.leclercdrive.fr/image.ashx?id=2773391&use=l&cat=p&typeid=i","cat":284530},{"id":229518,"n":"Crevettes Ail Persil  \"Miti\" - 100g","p":3.49,"u":"34,90 €/KG","img":"https://fd5-photos.leclercdrive.fr/image.ashx?id=2718033&use=l&cat=p&typeid=i","cat":284343},{"id":229523,"n":"Thé glacé Lipton Ice Tea Pêche Le lot de 12x33cl canettes","p":7.31,"u":"1,85 €/L","img":"https://fd5-photos.leclercdrive.fr/image.ashx?id=2717550&use=l&cat=p&typeid=i","cat":295019},{"id":229527,"n":"Moules Ail et Persil  \"Miti\" - 100g","p":2.63,"u":"26,30 €/KG","img":"https://fd5-photos.leclercdrive.fr/image.ashx?id=2718039&use=l&cat=p&typeid=i","cat":284343},{"id":229546,"n":"Cassonade Saint Louis 1kg","p":2.88,"u":"2,88 €/KG","img":"https://fd5-photos.leclercdrive.fr/image.ashx?id=2717595&use=l&cat=p&typeid=i","cat":284502},{"id":229593,"n":"Tablettes lave-vaisselle Visior Tout en 1 citron x45 - 765g","p":5.79,"u":"7,57 €/KG","img":"https://fd5-photos.leclercdrive.fr/image.ashx?id=2954905&use=l&cat=p&typeid=i","cat":284656},{"id":229596,"n":"Capsules Starbucks by Nespresso  Vanille Int 5 - x10","p":3.62,"u":"70,98 €/KG","img":"https://fd5-photos.leclercdrive.fr/image.ashx?id=2718263&use=l&cat=p&typeid=i","cat":284749},{"id":229599,"n":"Capsules Starbucks by Nespresso  Caramel Int 5 - x10","p":3.62,"u":"70,98 €/KG","img":"https://fd5-photos.leclercdrive.fr/image.ashx?id=2718260&use=l&cat=p&typeid=i","cat":284749},{"id":229601,"n":"Miel d'acacia de Bourgogne Nos Région ont du Talent 375g","p":6.99,"u":"18,64 €/KG","img":"https://fd5-photos.leclercdrive.fr/image.ashx?id=2771441&use=l&cat=p&typeid=i","cat":287643},{"id":229603,"n":"Vin de France rosé Papote  75cl","p":5.65,"u":"7,53 €/L","img":"https://fd5-photos.leclercdrive.fr/image.ashx?id=2717568&use=l&cat=p&typeid=i","cat":289558},{"id":229607,"n":"Vin de France blanc Papoté 75cl","p":5.4,"u":"7,20 €/L","img":"https://fd5-photos.leclercdrive.fr/image.ashx?id=2717562&use=l&cat=p&typeid=i","cat":289557},{"id":229609,"n":"Boisson fraise banane Jafun 1L","p":1.2,"u":"1,20 €/L","img":"https://fd5-photos.leclercdrive.fr/image.ashx?id=2956792&use=l&cat=p&typeid=i","cat":295018},{"id":229610,"n":"AOP Côtes de provence rosé Bio Terre Ocrées - 75cl","p":5.99,"u":"7,99 €/L","img":"https://fd5-photos.leclercdrive.fr/image.ashx?id=2907479&use=l&cat=p&typeid=i","cat":289558},{"id":229611,"n":"AOP vin rosé ventoux  Rives et Terrasses 3L","p":9.99,"u":"3,33 €/L","img":"https://fd5-photos.leclercdrive.fr/image.ashx?id=2884276&use=l&cat=p&typeid=i","cat":289558},{"id":229612,"n":"Prosecco  Eco+ 75cl","p":3.99,"u":"5,32 €/L","img":"https://fd5-photos.leclercdrive.fr/image.ashx?id=2931760&use=l&cat=p&typeid=i","cat":289461},{"id":229614,"n":"Jus tropical Tropicana 1.5L","p":1.96,"u":"1,31 €/L","img":"https://fd5-photos.leclercdrive.fr/image.ashx?id=3010798&use=l&cat=p&typeid=i","cat":284916},{"id":229739,"n":"Filet de Poulet à la Provençale et riz de Camargue - 300g","p":4.99,"u":"16,63 €/KG","img":"https://fd5-photos.leclercdrive.fr/image.ashx?id=2722660&use=l&cat=p&typeid=i","cat":284254},{"id":229742,"n":"Désinfectant nettoyant Sanytol Pamplemousse - 1L","p":3.14,"u":"3,14 €/L","img":"https://fd5-photos.leclercdrive.fr/image.ashx?id=2718937&use=l&cat=p&typeid=i","cat":284907},{"id":229811,"n":"Crème fixative Polident Original 0% -44g -","p":3.69,"u":"83,86 €/KG","img":"https://fd5-photos.leclercdrive.fr/image.ashx?id=2719615&use=l&cat=p&typeid=i","cat":285158},{"id":229814,"n":"Crème fixative Polident Original 0% - 77g","p":4.9,"u":"63,64 €/KG","img":"https://fd5-photos.leclercdrive.fr/image.ashx?id=2719618&use=l&cat=p&typeid=i","cat":285158},{"id":229847,"n":"Serviettes fuites urinaires Always Discreet - x18p","p":10.2,"u":"0,57 €/P","img":"https://fd5-photos.leclercdrive.fr/image.ashx?id=2721436&use=l&cat=p&typeid=i","cat":284628},{"id":229850,"n":"Serviettes fuites urinaires Always Distreet - x36","p":9.83,"u":"0,27 €/P","img":"https://fd5-photos.leclercdrive.fr/image.ashx?id=2902430&use=l&cat=p&typeid=i","cat":284628},{"id":229852,"n":"Serviettes fuites urinaires  Always Distreet - x24","p":11.53,"u":"0,48 €/P","img":"https://fd5-photos.leclercdrive.fr/image.ashx?id=2721451&use=l&cat=p&typeid=i","cat":284628},{"id":229879,"n":"Apéritif Campari 25% vol - 70cl","p":14.86,"u":"21,23 €/L","img":"https://fd5-photos.leclercdrive.fr/image.ashx?id=3009155&use=l&cat=p&typeid=i","cat":286032},{"id":229891,"n":"Pain de mie complet Harrys Sandwich Sans sucre ajouté 600g","p":1.59,"u":"2,65 €/KG","img":"https://fd5-photos.leclercdrive.fr/image.ashx?id=2962473&use=l&cat=p&typeid=i","cat":284477},{"id":229893,"n":"Pain de mie complet Harrys Sandwich Sans sucre ajouté 900g","p":2.4,"u":"2,67 €/KG","img":"https://fd5-photos.leclercdrive.fr/image.ashx?id=2962476&use=l&cat=p&typeid=i","cat":284477},{"id":229896,"n":"Pain de mie nature Harrys American Sandwich 550g","p":1.45,"u":"2,64 €/KG","img":"https://fd5-photos.leclercdrive.fr/image.ashx?id=2962446&use=l&cat=p&typeid=i","cat":284477},{"id":229897,"n":"Pain de mie nature Harrys Sandwich Sans sucre ajouté 825g","p":1.97,"u":"2,39 €/KG","img":"https://fd5-photos.leclercdrive.fr/image.ashx?id=2962449&use=l&cat=p&typeid=i","cat":284477},{"id":229898,"n":"Pain de mie nature Harrys Sandwich Tranches épaisses 550g","p":1.92,"u":"3,49 €/KG","img":"https://fd5-photos.leclercdrive.fr/image.ashx?id=2962455&use=l&cat=p&typeid=i","cat":284477},{"id":229901,"n":"Huile lavante Avène  Relipidante - 400ml","p":14.89,"u":"37,23 €/L","img":"https://fd5-photos.leclercdrive.fr/image.ashx?id=2719210&use=l&cat=p&typeid=i","cat":301591},{"id":229909,"n":"Masque Avène Apaisant éclat - 50ml","p":12.49,"u":"249,80 €/L","img":"https://fd5-photos.leclercdrive.fr/image.ashx?id=2719231&use=l&cat=p&typeid=i","cat":291165},{"id":229910,"n":"Soin anti-rougeurs Avène Concentré - 30ml","p":17.89,"u":"596,33 €/L","img":"https://fd5-photos.leclercdrive.fr/image.ashx?id=2719234&use=l&cat=p&typeid=i","cat":291171},{"id":229914,"n":"Crème mains Avène Cold cream - Concentrée 2x50ml","p":8.49,"u":"84,90 €/L","img":"https://fd5-photos.leclercdrive.fr/image.ashx?id=2719243&use=l&cat=p&typeid=i","cat":290424},{"id":229920,"n":"Pain de mie rustique Harrys Sandwich Sans sucre ajouté 500g","p":2.07,"u":"4,14 €/KG","img":"https://fd5-photos.leclercdrive.fr/image.ashx?id=2962458&use=l&cat=p&typeid=i","cat":284477},{"id":229921,"n":"Pain de mie céréales Harrys Sandwich Sans sucre ajouté 550g","p":1.8,"u":"3,27 €/KG","img":"https://fd5-photos.leclercdrive.fr/image.ashx?id=2962452&use=l&cat=p&typeid=i","cat":284477},{"id":229982,"n":"Coulommiers Eco+ 320g","p":1.78,"u":"5,56 €/KG","img":"https://fd5-photos.leclercdrive.fr/image.ashx?id=2726824&use=l&cat=p&typeid=i","cat":314033},{"id":230137,"n":"Tablette de chocolat Pure Via Eclats d'amandes - 100g","p":2.6,"u":"26,00 €/KG","img":"https://fd5-photos.leclercdrive.fr/image.ashx?id=2789949&use=l&cat=p&typeid=i","cat":284497},{"id":230146,"n":"Tablette chocolat Pure Via  100g","p":2.4,"u":"24,00 €/KG","img":"https://fd5-photos.leclercdrive.fr/image.ashx?id=2789934&use=l&cat=p&typeid=i","cat":284956},{"id":230147,"n":"Tablette chocolat Pure Via Eclats de noisettes - 100g","p":2.36,"u":"23,60 €/KG","img":"https://fd5-photos.leclercdrive.fr/image.ashx?id=2789937&use=l&cat=p&typeid=i","cat":284497},{"id":230148,"n":"Tablette de chocolat Pure Via Noir pointe de sel - 100g","p":2.13,"u":"21,30 €/KG","img":"https://fd5-photos.leclercdrive.fr/image.ashx?id=2789940&use=l&cat=p&typeid=i","cat":284956},{"id":230149,"n":"Tablette de chocolat Pur Via Noir - 100g","p":2.89,"u":"28,90 €/KG","img":"https://fd5-photos.leclercdrive.fr/image.ashx?id=2789943&use=l&cat=p&typeid=i","cat":284956},{"id":230151,"n":"Tablette de chocolat Lindt Création blanc rocher - 145g","p":4.0,"u":"27,59 €/KG","img":"https://fd5-photos.leclercdrive.fr/image.ashx?id=2720446&use=l&cat=p&typeid=i","cat":284957},{"id":230155,"n":"Tablette chocolat Poulain Noir extra - 400g","p":4.39,"u":"10,98 €/KG","img":"https://fd5-photos.leclercdrive.fr/image.ashx?id=2964502&use=l&cat=p&typeid=i","cat":284956},{"id":230160,"n":"Chocolat gianduja Novi Noisettes - 130g","p":3.27,"u":"25,15 €/KG","img":"https://fd5-photos.leclercdrive.fr/image.ashx?id=2778602&use=l&cat=p&typeid=i","cat":284497},{"id":230161,"n":"Tablette de chocolat Lindt Excellence noir dentelle - 100g","p":2.59,"u":"25,90 €/KG","img":"https://fd5-photos.leclercdrive.fr/image.ashx?id=2720440&use=l&cat=p&typeid=i","cat":284497},{"id":230162,"n":"Tablette de chocolat Lindt Excellence noir gaufrette  100g","p":2.93,"u":"29,30 €/KG","img":"https://fd5-photos.leclercdrive.fr/image.ashx?id=2720437&use=l&cat=p&typeid=i","cat":284956},{"id":230167,"n":"Lessive liquide X-tra Total  Ecopack  x41 - 1.845L","p":5.46,"u":"2,96 €/L","img":"https://fd5-photos.leclercdrive.fr/image.ashx?id=2890124&use=l&cat=p&typeid=i","cat":284640},{"id":230171,"n":"Bière Picon 1L","p":9.56,"u":"9,56 €/L","img":"https://fd5-photos.leclercdrive.fr/image.ashx?id=2720908&use=l&cat=p&typeid=i","cat":334872},{"id":230172,"n":"Boisson protéinée Lindahls pro+ Chocolat - 50cl","p":2.39,"u":"4,78 €/L","img":"https://fd5-photos.leclercdrive.fr/image.ashx?id=2721859&use=l&cat=p&typeid=i","cat":295246},{"id":230174,"n":"Bière blonde Fischer Tradition 6% - 66cl","p":1.88,"u":"2,85 €/L","img":"https://fd5-photos.leclercdrive.fr/image.ashx?id=3008128&use=l&cat=p&typeid=i","cat":334873},{"id":230176,"n":"Le Comté Président affiné 6 mois 200g","p":3.52,"u":"17,60 €/KG","img":"https://fd5-photos.leclercdrive.fr/image.ashx?id=2721730&use=l&cat=p&typeid=i","cat":314034},{"id":230193,"n":"Nettoyant ménager La Croix Gel utra dégraissant - 1L","p":1.87,"u":"1,87 €/L","img":"https://fd5-photos.leclercdrive.fr/image.ashx?id=2721534&use=l&cat=p&typeid=i","cat":325357},{"id":230198,"n":"Gel nettoyant WC La Croix Ultra WC - 750ml","p":1.44,"u":"1,92 €/L","img":"https://fd5-photos.leclercdrive.fr/image.ashx?id=2721531&use=l&cat=p&typeid=i","cat":284662},{"id":230306,"n":"Saucisson secs Saint Azay Fromage de chèvre - 100g","p":2.29,"u":"22,90 €/KG","img":"https://fd5-photos.leclercdrive.fr/image.ashx?id=2721398&use=l&cat=p&typeid=i","cat":316006},{"id":230314,"n":"Stick de saucissons secs olive Saint Azay - 100g","p":2.29,"u":"22,90 €/KG","img":"https://fd5-photos.leclercdrive.fr/image.ashx?id=2721401&use=l&cat=p&typeid=i","cat":316006},{"id":230318,"n":"Talc boîte poudreuse Felce Azzurra - 200g","p":2.61,"u":"13,05 €/KG","img":"https://fd5-photos.leclercdrive.fr/image.ashx?id=2938935&use=l&cat=p&typeid=i","cat":284741},{"id":230356,"n":"Vin de France  Domaine Desprat Le Chardonnay Blanc - 75cl","p":9.3,"u":"12,40 €/L","img":"https://fd5-photos.leclercdrive.fr/image.ashx?id=2721820&use=l&cat=p&typeid=i","cat":289557},{"id":230376,"n":"Creme glacée L'Angelys Coulis caramel - 300g","p":4.28,"u":"14,27 €/KG","img":"https://fd5-photos.leclercdrive.fr/image.ashx?id=2963772&use=l&cat=p&typeid=i","cat":284725},{"id":230596,"n":"Colin à la Bordelaise Findus  MSC - 380g","p":3.52,"u":"9,26 €/KG","img":"https://fd5-photos.leclercdrive.fr/image.ashx?id=2899503&use=l&cat=p&typeid=i","cat":319786},{"id":230628,"n":"Mini burgers Montagnard L'Atelier Traiteur x6 - 240g","p":5.99,"u":"24,96 €/KG","img":"https://fd5-photos.leclercdrive.fr/image.ashx?id=2722315&use=l&cat=p&typeid=i","cat":316003},{"id":230647,"n":"Dessert végétal Andros Chocolat - 4x100g","p":2.78,"u":"6,95 €/KG","img":"https://fd5-photos.leclercdrive.fr/image.ashx?id=2872003&use=l&cat=p&typeid=i","cat":316071},{"id":230691,"n":"Carottes rapées Bonduelle À la moutarde à l'ancienne 300g","p":1.82,"u":"6,07 €/KG","img":"https://fd5-photos.leclercdrive.fr/image.ashx?id=2894179&use=l&cat=p&typeid=i","cat":333657},{"id":230705,"n":"Gnocchi à poêler Lustucru Jambon fromage - 500g","p":3.47,"u":"6,94 €/KG","img":"https://fd5-photos.leclercdrive.fr/image.ashx?id=2786213&use=l&cat=p&typeid=i","cat":333682},{"id":230707,"n":"Poisson à la Bordelaise Fleury Michon - 300g","p":4.08,"u":"13,60 €/KG","img":"https://fd5-photos.leclercdrive.fr/image.ashx?id=3003239&use=l&cat=p&typeid=i","cat":333665},{"id":230709,"n":"Mini tartinade Daunat Thon - 130g","p":2.46,"u":"18,92 €/KG","img":"https://fd5-photos.leclercdrive.fr/image.ashx?id=2723794&use=l&cat=p&typeid=i","cat":333658},{"id":230740,"n":"Serviettes incontinence Eco+ Extra - x10","p":1.68,"img":"https://fd5-photos.leclercdrive.fr/image.ashx?id=2722979&use=l&cat=p&typeid=i","cat":284628},{"id":230757,"n":"Crème fixante Polident Soin & tolérance 0% - 44g","p":4.69,"u":"106,59 €/KG","img":"https://fd5-photos.leclercdrive.fr/image.ashx?id=2723893&use=l&cat=p&typeid=i","cat":285158},{"id":230775,"n":"Huile sèche Corine de Farme SPF30 - 150ml","p":7.65,"u":"51,00 €/L","img":"https://fd5-photos.leclercdrive.fr/image.ashx?id=2772119&use=l&cat=p&typeid=i","cat":325355},{"id":230777,"n":"Déodorant bille Homme Rexona Invisible Ice - 50ml","p":3.4,"u":"68,00 €/L","img":"https://fd5-photos.leclercdrive.fr/image.ashx?id=2849665&use=l&cat=p&typeid=i","cat":284618},{"id":230830,"n":"Crackers Belin Monaco Emmental 110g","p":1.1,"u":"10,00 €/KG","img":"https://fd5-photos.leclercdrive.fr/image.ashx?id=3002228&use=l&cat=p&typeid=i","cat":297000},{"id":230855,"n":"Crackers Belin Feuilleté Emmental 95g","p":1.23,"u":"12,95 €/KG","img":"https://fd5-photos.leclercdrive.fr/image.ashx?id=3005320&use=l&cat=p&typeid=i","cat":297000},{"id":230863,"n":"Crackers Monaco Belin Emmental  170g","p":1.64,"u":"9,65 €/KG","img":"https://fd5-photos.leclercdrive.fr/image.ashx?id=3002231&use=l&cat=p&typeid=i","cat":297000},{"id":230937,"n":"Panés végétal Better Balance 160g","p":2.93,"u":"18,31 €/KG","img":"https://fd5-photos.leclercdrive.fr/image.ashx?id=2866136&use=l&cat=p&typeid=i","cat":316036},{"id":230980,"n":"Chocolat lait Lindt Noisettes  Lucky Monkey - 100g","p":2.9,"u":"29,00 €/KG","img":"https://fd5-photos.leclercdrive.fr/image.ashx?id=2725075&use=l&cat=p&typeid=i","cat":284497},{"id":231015,"n":"Comté AOP Cave Juraflore Fort des Rousses 12 mois - 200g","p":4.28,"u":"21,40 €/KG","img":"https://fd5-photos.leclercdrive.fr/image.ashx?id=3008677&use=l&cat=p&typeid=i","cat":314034},{"id":231038,"n":"Truite fumée des Pyrénées Mini tranches - 100g","p":3.5,"u":"35,00 €/KG","img":"https://fd5-photos.leclercdrive.fr/image.ashx?id=2725519&use=l&cat=p&typeid=i","cat":285188},{"id":231048,"n":"Yaourts brassés bio pêche Les 2 Vaches - 4x115g","p":2.03,"u":"4,41 €/KG","img":"https://fd5-photos.leclercdrive.fr/image.ashx?id=2725714&use=l&cat=p&typeid=i","cat":284410},{"id":231052,"n":"Bacon fumé au bois de hêtre Cochonou - 10 tranches - 100g","p":1.64,"u":"16,40 €/KG","img":"https://fd5-photos.leclercdrive.fr/image.ashx?id=2833630&use=l&cat=p&typeid=i","cat":316007},{"id":231084,"n":"Taille-crayon Esquisse Gris avec réserve 2 trous","p":1.1,"img":"https://fd5-photos.leclercdrive.fr/image.ashx?id=2724705&use=l&cat=p&typeid=i","cat":334133},{"id":231095,"n":"Mayonnaise de Dijon Amora 605g","p":4.08,"u":"6,74 €/KG","img":"https://fd5-photos.leclercdrive.fr/image.ashx?id=2877292&use=l&cat=p&typeid=i","cat":298295},{"id":231098,"n":"Thon Rio Mare 195g","p":4.21,"u":"21,59 €/KG","img":"https://fd5-photos.leclercdrive.fr/image.ashx?id=2725867&use=l&cat=p&typeid=i","cat":303867},{"id":231126,"n":"Thon entier MSC Rio Mare Filet d'huile d'olive - 120g","p":2.88,"u":"24,00 €/KG","img":"https://fd5-photos.leclercdrive.fr/image.ashx?id=2726263&use=l&cat=p&typeid=i","cat":303867},{"id":231127,"n":"Filets de thon Rio Mare Huile d'olive & piment 130g","p":4.13,"u":"31,77 €/KG","img":"https://fd5-photos.leclercdrive.fr/image.ashx?id=2726260&use=l&cat=p&typeid=i","cat":303867},{"id":231129,"n":"Filets de thon Rio Mare Huile d'olive vierge extra 130g","p":3.73,"u":"28,69 €/KG","img":"https://fd5-photos.leclercdrive.fr/image.ashx?id=2726257&use=l&cat=p&typeid=i","cat":303867},{"id":231153,"n":"Lunch bowl Bonduelle Quinoa légumes - 250g","p":3.04,"u":"12,16 €/KG","img":"https://fd5-photos.leclercdrive.fr/image.ashx?id=2979641&use=l&cat=p&typeid=i","cat":284953},{"id":231203,"n":"Lessive liquide Super Croix  X-tra Japon x42- 1.89L","p":8.28,"u":"4,38 €/L","img":"https://fd5-photos.leclercdrive.fr/image.ashx?id=2876272&use=l&cat=p&typeid=i","cat":284640},{"id":231215,"n":"Crevettes panées Pescanova 300 g","p":7.72,"u":"25,73 €/KG","img":"https://fd5-photos.leclercdrive.fr/image.ashx?id=2790699&use=l&cat=p&typeid=i","cat":319787},{"id":231255,"n":"Bonbons pixels Haribo 180g","p":1.58,"u":"8,78 €/KG","img":"https://fd5-photos.leclercdrive.fr/image.ashx?id=2984964&use=l&cat=p&typeid=i","cat":304250},{"id":231282,"n":"Chips Street food Vico  Saveur tzatziki - 120g","p":1.42,"u":"11,83 €/KG","img":"https://fd5-photos.leclercdrive.fr/image.ashx?id=2985192&use=l&cat=p&typeid=i","cat":284447},{"id":231301,"n":"Nouilles au poulet  Tables du Monde - 900g","p":5.19,"u":"5,77 €/KG","img":"https://fd5-photos.leclercdrive.fr/image.ashx?id=2726794&use=l&cat=p&typeid=i","cat":284254},{"id":231324,"n":"Rôti de porc cuit Tradilège Supérieur -25% de sel x4 - 160g","p":2.81,"u":"17,56 €/KG","img":"https://fd5-photos.leclercdrive.fr/image.ashx?id=2726896&use=l&cat=p&typeid=i","cat":316009},{"id":231325,"n":"Rôti de porc cuit Tradilège supérieur -25% de sel x6 - 210g","p":3.31,"u":"15,76 €/KG","img":"https://fd5-photos.leclercdrive.fr/image.ashx?id=2728291&use=l&cat=p&typeid=i","cat":316009},{"id":231361,"n":"Mûres entières Fresh Cueillette - 500g","p":4.48,"u":"8,96 €/KG","img":"https://fd5-photos.leclercdrive.fr/image.ashx?id=2743493&use=l&cat=p&typeid=i","cat":284268},{"id":231368,"n":"Capsules café L'Or Espresso Supremo N°10 x30","p":8.75,"u":"56,09 €/KG","img":"https://fd5-photos.leclercdrive.fr/image.ashx?id=2788052&use=l&cat=p&typeid=i","cat":284749},{"id":231369,"n":"Capsules café L'Or Espresso Splendente N°7 x30","p":8.75,"u":"56,09 €/KG","img":"https://fd5-photos.leclercdrive.fr/image.ashx?id=2728846&use=l&cat=p&typeid=i","cat":284749},{"id":231370,"n":"Capsules café L'Or Espresso Ristretto N°11 x30","p":8.75,"u":"56,09 €/KG","img":"https://fd5-photos.leclercdrive.fr/image.ashx?id=2728843&use=l&cat=p&typeid=i","cat":284749},{"id":231371,"n":"Capsules café L'Or Espresso Forza N°9 x30","p":8.75,"u":"56,09 €/KG","img":"https://fd5-photos.leclercdrive.fr/image.ashx?id=3000468&use=l&cat=p&typeid=i","cat":284749},{"id":231372,"n":"Capsules café L'Or Espresso Delizioso N°5 x30","p":8.75,"u":"56,09 €/KG","img":"https://fd5-photos.leclercdrive.fr/image.ashx?id=2851345&use=l&cat=p&typeid=i","cat":284749},{"id":231375,"n":"Fromage Carré Eco+ 25%MG - 200g","p":1.56,"u":"7,80 €/KG","img":"https://fd5-photos.leclercdrive.fr/image.ashx?id=2728047&use=l&cat=p&typeid=i","cat":314033},{"id":231394,"n":"Gommage Le Petit Marseillais Corps - Karité et argan - 150ml","p":4.98,"u":"33,20 €/L","img":"https://fd5-photos.leclercdrive.fr/image.ashx?id=2899428&use=l&cat=p&typeid=i","cat":325375},{"id":231401,"n":"Test de grossesse Clearblue x1","p":11.07,"img":"https://fd5-photos.leclercdrive.fr/image.ashx?id=2906862&use=l&cat=p&typeid=i","cat":324482},{"id":231402,"n":"Chips Paysannes Pom'Lisse Lardon oignon - 135g","p":1.39,"u":"10,30 €/KG","img":"https://fd5-photos.leclercdrive.fr/image.ashx?id=2919538&use=l&cat=p&typeid=i","cat":284447},{"id":231403,"n":"Chips sel & vinaigre Pom'Lisse 135g","p":1.07,"u":"7,93 €/KG","img":"https://fd5-photos.leclercdrive.fr/image.ashx?id=2919670&use=l&cat=p&typeid=i","cat":284447},{"id":231404,"n":"Capsules café L'Or Espresso Decaffeinato N°6 x30","p":8.64,"u":"55,38 €/KG","img":"https://fd5-photos.leclercdrive.fr/image.ashx?id=2728834&use=l&cat=p&typeid=i","cat":284749},{"id":231441,"n":"Pâte à tartiner  Merveilles du monde - 190g","p":2.79,"u":"14,68 €/KG","img":"https://fd5-photos.leclercdrive.fr/image.ashx?id=2728645&use=l&cat=p&typeid=i","cat":284481},{"id":231513,"n":"Eau de parfum Hechter Daniel L'homme - 90ml","p":21.11,"u":"234,56 €/L","img":"https://fd5-photos.leclercdrive.fr/image.ashx?id=2879083&use=l&cat=p&typeid=i","cat":291525},{"id":231517,"n":"Eau aromatisée Volvic Zest Pêche - 1.5L","p":1.27,"u":"0,85 €/L","img":"https://fd5-photos.leclercdrive.fr/image.ashx?id=2753943&use=l&cat=p&typeid=i","cat":284537},{"id":231570,"n":"Badoit bulles de fruits rouges 1l","p":1.52,"u":"1,52 €/L","img":"https://fd5-photos.leclercdrive.fr/image.ashx?id=2964676&use=l&cat=p&typeid=i","cat":284536},{"id":231571,"n":"Badoit bulles de fruits  Exotiques - 1L","p":1.59,"u":"1,59 €/L","img":"https://fd5-photos.leclercdrive.fr/image.ashx?id=2753952&use=l&cat=p&typeid=i","cat":284536},{"id":231657,"n":"Tablettes lave-vaisselle Finish Power Plus - x35","p":7.08,"u":"12,64 €/KG","img":"https://fd5-photos.leclercdrive.fr/image.ashx?id=2749431&use=l&cat=p&typeid=i","cat":284656},{"id":231658,"n":"Lessive liquide X-tra Total  4 en 1 propreté x85 - 3.825L","p":12.54,"u":"3,28 €/L","img":"https://fd5-photos.leclercdrive.fr/image.ashx?id=2740568&use=l&cat=p&typeid=i","cat":284640},{"id":231659,"n":"Tablette lave-vaisselle Tout-en-un - x100","p":11.43,"img":"https://fd5-photos.leclercdrive.fr/image.ashx?id=2954908&use=l&cat=p&typeid=i","cat":284656},{"id":231660,"n":"Lessive liquide Super Croix  X-tra Maroc x42 - 1.890L","p":9.07,"u":"4,80 €/L","img":"https://fd5-photos.leclercdrive.fr/image.ashx?id=2876275&use=l&cat=p&typeid=i","cat":284640},{"id":231667,"n":"Brosse à dent Colgate Zig Zag Souple - x1","p":2.3,"img":"https://fd5-photos.leclercdrive.fr/image.ashx?id=2740910&use=l&cat=p&typeid=i","cat":284614},{"id":231690,"n":"Crème soin Mixa Cica réparatrice - 10en1 150ml","p":7.88,"u":"52,53 €/L","img":"https://fd5-photos.leclercdrive.fr/image.ashx?id=2819403&use=l&cat=p&typeid=i","cat":325350},{"id":231692,"n":"Crème corps Mixa Réparatrice - 150ml","p":3.03,"u":"20,20 €/L","img":"https://fd5-photos.leclercdrive.fr/image.ashx?id=2867557&use=l&cat=p&typeid=i","cat":325350},{"id":231694,"n":"Crème corps Mixa Réparatrice Peau sensibles  - 150ml","p":3.02,"u":"20,13 €/L","img":"https://fd5-photos.leclercdrive.fr/image.ashx?id=2892199&use=l&cat=p&typeid=i","cat":325350},{"id":231697,"n":"Crème à raser Gillette Satin care - Douce - 177ml","p":11.52,"u":"65,08 €/L","img":"https://fd5-photos.leclercdrive.fr/image.ashx?id=2740883&use=l&cat=p&typeid=i","cat":325352},{"id":231699,"n":"Rasoir Gillette ProShield Power - +1 recharge","p":16.47,"img":"https://fd5-photos.leclercdrive.fr/image.ashx?id=2740865&use=l&cat=p&typeid=i","cat":284616},{"id":231700,"n":"Lingette désinfectantes St Marc Anti-bactériennes - x126","p":4.05,"img":"https://fd5-photos.leclercdrive.fr/image.ashx?id=2740781&use=l&cat=p&typeid=i","cat":325358},{"id":231704,"n":"Lessive multi-usages St Marc  à la Résine de pin - 1,4kg","p":4.32,"u":"3,09 €/KG","img":"https://fd5-photos.leclercdrive.fr/image.ashx?id=2884645&use=l&cat=p&typeid=i","cat":325365},{"id":231707,"n":"Capsules lave-vaisselle Finish  Ultimate - x42","p":10.37,"u":"18,26 €/KG","img":"https://fd5-photos.leclercdrive.fr/image.ashx?id=2749443&use=l&cat=p&typeid=i","cat":284656},{"id":231708,"n":"Capsules lave-vaisselle Finish  Quantum - x46","p":10.18,"u":"21,30 €/KG","img":"https://fd5-photos.leclercdrive.fr/image.ashx?id=2749440&use=l&cat=p&typeid=i","cat":284656},{"id":231709,"n":"Capsules lave-vaisselle Finish Ultimate Plus Citron - x35","p":10.06,"u":"23,56 €/KG","img":"https://fd5-photos.leclercdrive.fr/image.ashx?id=2749437&use=l&cat=p&typeid=i","cat":284656},{"id":231710,"n":"Capsules lave-vaisselle Finish Ultimate Plus - x35","p":9.81,"u":"22,97 €/KG","img":"https://fd5-photos.leclercdrive.fr/image.ashx?id=2749434&use=l&cat=p&typeid=i","cat":284656},{"id":231711,"n":"Tablettes lave-vaisselle Finish Power Plus - x80","p":17.1,"u":"13,36 €/KG","img":"https://fd5-photos.leclercdrive.fr/image.ashx?id=2749428&use=l&cat=p&typeid=i","cat":284656},{"id":231712,"n":"Tablettes lave-vaisselle Finish Power Plus - x54","p":10.52,"u":"12,18 €/KG","img":"https://fd5-photos.leclercdrive.fr/image.ashx?id=2749425&use=l&cat=p&typeid=i","cat":284656},{"id":231713,"n":"Spray nettoyant Cillit Bang Expert crasse & calcaire 750ml","p":3.42,"u":"4,56 €/L","img":"https://fd5-photos.leclercdrive.fr/image.ashx?id=2839755&use=l&cat=p&typeid=i","cat":325362},{"id":231714,"n":"Spray nettoyant Cillit Bang  Expert Anti-moisissures - 750ml","p":2.91,"u":"3,88 €/L","img":"https://fd5-photos.leclercdrive.fr/image.ashx?id=2790114&use=l&cat=p&typeid=i","cat":325357},{"id":231715,"n":"Spray nettoyant Cillit Bang  Expert Javel - 750ml","p":2.79,"u":"3,72 €/L","img":"https://fd5-photos.leclercdrive.fr/image.ashx?id=2793653&use=l&cat=p&typeid=i","cat":325357},{"id":231717,"n":"ST MARC Liquide Nettoyant Multi Usages Côtes Bretonnes - 1L","p":2.13,"u":"2,13 €/L","img":"https://fd5-photos.leclercdrive.fr/image.ashx?id=2859074&use=l&cat=p&typeid=i","cat":284907},{"id":231718,"n":"Nettoyant liquide St Marc Multi usages Forêt des Landes - 1L","p":2.18,"u":"2,18 €/L","img":"https://fd5-photos.leclercdrive.fr/image.ashx?id=2844208&use=l&cat=p&typeid=i","cat":284907},{"id":231719,"n":"Lessive capsules Super Croix X-tra Bora Bora x28  - 336g","p":8.0,"u":"23,81 €/KG","img":"https://fd5-photos.leclercdrive.fr/image.ashx?id=2876284&use=l&cat=p&typeid=i","cat":284641},{"id":231731,"n":"Crème glacée L'Angélys Stracciatella chocolat - 300g","p":4.28,"u":"14,27 €/KG","img":"https://fd5-photos.leclercdrive.fr/image.ashx?id=2963769&use=l&cat=p&typeid=i","cat":284725},{"id":231732,"n":"Crème glacée L'Angélys Vanille pécan caramel - 300g","p":4.31,"u":"14,37 €/KG","img":"https://fd5-photos.leclercdrive.fr/image.ashx?id=2963763&use=l&cat=p&typeid=i","cat":284725},{"id":231735,"n":"Dés de jambon à l'étouffé Fleury Michon - 150g","p":1.99,"u":"13,27 €/KG","img":"https://fd5-photos.leclercdrive.fr/image.ashx?id=2740538&use=l&cat=p&typeid=i","cat":316011},{"id":231857,"n":"Sacs poubelles hautes Handy Bag Fixation élastique 50L x10","p":4.4,"u":"0,44 €/P","img":"https://fd5-photos.leclercdrive.fr/image.ashx?id=2741138&use=l&cat=p&typeid=i","cat":285168},{"id":231923,"n":"Liquide vaisselle Maison Verte  Dégraissant, écologique - 500ml","p":1.65,"u":"3,30 €/L","img":"https://fd5-photos.leclercdrive.fr/image.ashx?id=2890619&use=l&cat=p&typeid=i","cat":284655},{"id":231936,"n":"Café en grains Lavazza Voix de la Terre Cuba - 500g","p":10.38,"u":"20,76 €/KG","img":"https://fd5-photos.leclercdrive.fr/image.ashx?id=2865221&use=l&cat=p&typeid=i","cat":293237},{"id":232017,"n":"Huile lavante Sanex Natural Prebiotic Atopic  800ml","p":5.67,"u":"7,09 €/KG","img":"https://fd5-photos.leclercdrive.fr/image.ashx?id=2744083&use=l&cat=p&typeid=i","cat":284594},{"id":232022,"n":"Lessive capsules Super Croix  X-tra Japon x28 - 336g","p":8.0,"u":"23,81 €/KG","img":"https://fd5-photos.leclercdrive.fr/image.ashx?id=2876278&use=l&cat=p&typeid=i","cat":284641},{"id":232025,"n":"Lessive capsules Super Croix X-tra - Maroc - x28 - 336g","p":8.69,"u":"25,86 €/KG","img":"https://fd5-photos.leclercdrive.fr/image.ashx?id=2876281&use=l&cat=p&typeid=i","cat":284641},{"id":232039,"n":"Lessive liquide couleurs Mir Explosion floral - 1.35L - x27","p":6.37,"u":"4,72 €/L","img":"https://fd5-photos.leclercdrive.fr/image.ashx?id=2972940&use=l&cat=p&typeid=i","cat":284640},{"id":232041,"n":"Lessive liquide Maison Verte Amande douce - x33 - 1.485L","p":6.9,"u":"4,65 €/L","img":"https://fd5-photos.leclercdrive.fr/image.ashx?id=2743073&use=l&cat=p&typeid=i","cat":284640},{"id":232043,"n":"Lessive liquide X-tra Total 4+1 - Ecopack - 1.26L - x28","p":5.61,"u":"4,45 €/L","img":"https://fd5-photos.leclercdrive.fr/image.ashx?id=2890637&use=l&cat=p&typeid=i","cat":284640},{"id":232044,"n":"Pois Cassés Bio Ethiquable Charente - 500g","p":2.65,"u":"5,30 €/KG","img":"https://fd5-photos.leclercdrive.fr/image.ashx?id=2944263&use=l&cat=p&typeid=i","cat":284430},{"id":232080,"n":"Huile d'olive A Paesana 1L","p":7.56,"u":"7,56 €/L","img":"https://fd5-photos.leclercdrive.fr/image.ashx?id=2743343&use=l&cat=p&typeid=i","cat":284453},{"id":232083,"n":"Confiture Charles Antona Abricot bocal 325g","p":3.97,"u":"12,22 €/KG","img":"https://fd5-photos.leclercdrive.fr/image.ashx?id=2986531&use=l&cat=p&typeid=i","cat":284480},{"id":232094,"n":"Confiture Charles Antona Fraise Clémentine - 350g","p":4.04,"u":"11,54 €/KG","img":"https://fd5-photos.leclercdrive.fr/image.ashx?id=2743298&use=l&cat=p&typeid=i","cat":284480},{"id":232095,"n":"Confiture Charles Antona Orange 325g","p":3.56,"u":"10,95 €/KG","img":"https://fd5-photos.leclercdrive.fr/image.ashx?id=2986525&use=l&cat=p&typeid=i","cat":284480},{"id":232096,"n":"Confiture Charles Antona Fraise - 325g","p":3.98,"u":"12,25 €/KG","img":"https://fd5-photos.leclercdrive.fr/image.ashx?id=2986534&use=l&cat=p&typeid=i","cat":284480},{"id":232098,"n":"Crème de marron Charles Antona 350g","p":3.5,"u":"10,00 €/KG","img":"https://fd5-photos.leclercdrive.fr/image.ashx?id=2986528&use=l&cat=p&typeid=i","cat":284481},{"id":232099,"n":"Confiture de châtaigne de Corse Charles Antona bocal 350grs","p":4.01,"u":"11,46 €/KG","img":"https://fd5-photos.leclercdrive.fr/image.ashx?id=2862473&use=l&cat=p&typeid=i","cat":284480},{"id":232100,"n":"Assortiment Charles Antona Mini cabas - 420g","p":14.3,"u":"34,05 €/KG","img":"https://fd5-photos.leclercdrive.fr/image.ashx?id=2745910&use=l&cat=p&typeid=i","cat":305149},{"id":232118,"n":"Bière blonde Corona Extra 4,5% - 3x33cl","p":5.4,"u":"5,45 €/L","img":"https://fd5-photos.leclercdrive.fr/image.ashx?id=2861177&use=l&cat=p&typeid=i","cat":334873},{"id":232122,"n":"Chorizo tapas Cesar Moroni Doux - 180g","p":2.77,"u":"15,39 €/KG","img":"https://fd5-photos.leclercdrive.fr/image.ashx?id=2948944&use=l&cat=p&typeid=i","cat":316006},{"id":232130,"n":"Lessive liquide Super Croix  X-tra Bora Bora x63 - 2.835L","p":12.14,"u":"4,28 €/L","img":"https://fd5-photos.leclercdrive.fr/image.ashx?id=2876269&use=l&cat=p&typeid=i","cat":284640},{"id":232136,"n":"Lessive poudre Le Chat  Sensitive x36 - 2.16kg","p":11.88,"u":"5,50 €/KG","img":"https://fd5-photos.leclercdrive.fr/image.ashx?id=2965031&use=l&cat=p&typeid=i","cat":284642},{"id":232141,"n":"Lessive liquide Mir Couleur - 2.7L - x54","p":11.91,"u":"4,41 €/L","img":"https://fd5-photos.leclercdrive.fr/image.ashx?id=2746232&use=l&cat=p&typeid=i","cat":284640},{"id":232147,"n":"Lessive liquide Mir Laine - 650ml - x13","p":5.17,"u":"7,95 €/L","img":"https://fd5-photos.leclercdrive.fr/image.ashx?id=2743046&use=l&cat=p&typeid=i","cat":284644},{"id":232183,"n":"Liquide vaisselle Mir  Dégraissant citron - 450ml","p":1.78,"u":"3,96 €/L","img":"https://fd5-photos.leclercdrive.fr/image.ashx?id=2744028&use=l&cat=p&typeid=i","cat":284655},{"id":232186,"n":"Liquide vaisselle Mir  Dégraissant orange - 450ml","p":1.87,"u":"4,16 €/L","img":"https://fd5-photos.leclercdrive.fr/image.ashx?id=2874907&use=l&cat=p&typeid=i","cat":284655},{"id":232193,"n":"Liquide vaisselle Mir vinaigre Pamplemousse dégraissant -450ml","p":1.98,"u":"4,40 €/L","img":"https://fd5-photos.leclercdrive.fr/image.ashx?id=2889346&use=l&cat=p&typeid=i","cat":284655},{"id":232195,"n":"Liquide vaisselle Mir  Peau sensible aloe vera - 450ml","p":1.56,"u":"3,47 €/L","img":"https://fd5-photos.leclercdrive.fr/image.ashx?id=2874904&use=l&cat=p&typeid=i","cat":284655},{"id":232201,"n":"Liquide vaisselle Mir  Dégraissant & brillance - 450ml","p":2.01,"u":"4,47 €/L","img":"https://fd5-photos.leclercdrive.fr/image.ashx?id=2744049&use=l&cat=p&typeid=i","cat":284655},{"id":232230,"n":"Crème visage Mixa Expert Anti-tâches SPF20 - 50ml","p":9.9,"u":"198,00 €/L","img":"https://fd5-photos.leclercdrive.fr/image.ashx?id=2770551&use=l&cat=p&typeid=i","cat":325345},{"id":232231,"n":"Nettoyant confort visage Mixa Anti-secheresse - 150ml","p":4.54,"u":"30,27 €/L","img":"https://fd5-photos.leclercdrive.fr/image.ashx?id=2744171&use=l&cat=p&typeid=i","cat":284603},{"id":232233,"n":"Gelée matifiante visage Mixa Anti-imperfections - 50ml","p":10.11,"u":"202,20 €/L","img":"https://fd5-photos.leclercdrive.fr/image.ashx?id=2770554&use=l&cat=p&typeid=i","cat":325345},{"id":232237,"n":"Nettoyant confort visage Mixa Anti-imperfection - 150ml","p":4.54,"u":"30,27 €/L","img":"https://fd5-photos.leclercdrive.fr/image.ashx?id=2744168&use=l&cat=p&typeid=i","cat":284603},{"id":232275,"n":"Bain de bouche Colgate Max Fraîcheur intense - 500ml","p":4.41,"u":"8,82 €/L","img":"https://fd5-photos.leclercdrive.fr/image.ashx?id=2745433&use=l&cat=p&typeid=i","cat":284613},{"id":232278,"n":"Pâte à tartiner Merveilles du monde - 340g","p":3.51,"u":"10,32 €/KG","img":"https://fd5-photos.leclercdrive.fr/image.ashx?id=2745760&use=l&cat=p&typeid=i","cat":284481},{"id":232299,"n":"Bande de cire visage Nair Kit Caresse - x20","p":3.84,"img":"https://fd5-photos.leclercdrive.fr/image.ashx?id=2903236&use=l&cat=p&typeid=i","cat":325351},{"id":232302,"n":"Dentifrice Signal Professionnel Soin complet - 75ml","p":3.67,"u":"48,93 €/L","img":"https://fd5-photos.leclercdrive.fr/image.ashx?id=2903878&use=l&cat=p&typeid=i","cat":284612},{"id":232304,"n":"Brosse à dent Signal  Integral 8 - Souple - x1","p":2.03,"img":"https://fd5-photos.leclercdrive.fr/image.ashx?id=2772539&use=l&cat=p&typeid=i","cat":284614},{"id":232305,"n":"Brosse à dent Signal Triple action - Souple - x4","p":1.7,"img":"https://fd5-photos.leclercdrive.fr/image.ashx?id=2745871&use=l&cat=p&typeid=i","cat":284614},{"id":232309,"n":"Bloc WC Fresh Disc Canard Citron vert - 1x36ml","p":3.21,"img":"https://fd5-photos.leclercdrive.fr/image.ashx?id=2745769&use=l&cat=p&typeid=i","cat":284662},{"id":232310,"n":"Cantal AOP Les Croisés 30%MG Tranchettes - 180g","p":2.59,"u":"14,39 €/KG","img":"https://fd5-photos.leclercdrive.fr/image.ashx?id=2744551&use=l&cat=p&typeid=i","cat":314028},{"id":232311,"n":"Dentifrice enfant L'Arbre Vert Bien-être Fraise 7-12 ans 50ml","p":2.58,"u":"51,60 €/L","img":"https://fd5-photos.leclercdrive.fr/image.ashx?id=2892811&use=l&cat=p&typeid=i","cat":288898},{"id":232313,"n":"Brossettes interdentaires Ricqles Réutilisables 5x0.7mm","p":4.98,"img":"https://fd5-photos.leclercdrive.fr/image.ashx?id=2745640&use=l&cat=p&typeid=i","cat":285159},{"id":232315,"n":"Nettoyant Steradent Pureté active - x36","p":2.64,"img":"https://fd5-photos.leclercdrive.fr/image.ashx?id=2745604&use=l&cat=p&typeid=i","cat":285158},{"id":232316,"n":"Brossettes interdentaires Efiseptyl Clean Expert 6x0.6mm","p":4.21,"img":"https://fd5-photos.leclercdrive.fr/image.ashx?id=2996452&use=l&cat=p&typeid=i","cat":285159},{"id":232317,"n":"Ruban interdentaire Efiseptyl Ultra doux - 25m","p":3.76,"img":"https://fd5-photos.leclercdrive.fr/image.ashx?id=2923474&use=l&cat=p&typeid=i","cat":285159},{"id":232318,"n":"Tablette lave-vaisselle Sun Tout-en-1 - x86 - 1.419kg","p":16.03,"u":"11,30 €/KG","img":"https://fd5-photos.leclercdrive.fr/image.ashx?id=3000899&use=l&cat=p&typeid=i","cat":284656},{"id":232319,"n":"Tablettes lave-vaisselle Sun Tout-en-1 - x24 -396g","p":5.11,"u":"12,90 €/KG","img":"https://fd5-photos.leclercdrive.fr/image.ashx?id=2760543&use=l&cat=p&typeid=i","cat":284656},{"id":232341,"n":"Bloc WC Canard Fresh Disc Fraîcheur marine - 36ml","p":2.49,"img":"https://fd5-photos.leclercdrive.fr/image.ashx?id=2747691&use=l&cat=p&typeid=i","cat":284662},{"id":232348,"n":"Perles de linge Soupline Lavande - 230g","p":6.49,"u":"28,22 €/KG","img":"https://fd5-photos.leclercdrive.fr/image.ashx?id=2745835&use=l&cat=p&typeid=i","cat":325302},{"id":232349,"n":"Adoucissant Soupline Concentré Lavande Elixir - x45 1L","p":5.48,"u":"5,48 €/L","img":"https://fd5-photos.leclercdrive.fr/image.ashx?id=2745850&use=l&cat=p&typeid=i","cat":284650},{"id":232351,"n":"Désinfectant du linge Lysol  Douceur de printemps - 1L","p":5.99,"pp":3.95,"u":"3,95 €/L","img":"https://fd5-photos.leclercdrive.fr/image.ashx?id=2745745&use=l&cat=p&typeid=i","cat":290451},{"id":232352,"n":"Désinfectant du linge Lysol  Parfum linge frais - 1,5L","p":5.99,"pp":3.95,"u":"2,63 €/L","img":"https://fd5-photos.leclercdrive.fr/image.ashx?id=2745742&use=l&cat=p&typeid=i","cat":290451},{"id":232353,"n":"Désodorisant diffuseur Airwick  huile essentielle Vanille -20ml","p":9.38,"img":"https://fd5-photos.leclercdrive.fr/image.ashx?id=2963481&use=l&cat=p&typeid=i","cat":311629},{"id":232354,"n":"CILLIT Recharge Concentrée Cr asse & Calcaire Expert - 200ml","p":3.63,"u":"18,15 €/L","img":"https://fd5-photos.leclercdrive.fr/image.ashx?id=2745736&use=l&cat=p&typeid=i","cat":325362},{"id":232355,"n":"Déodorant bille Sanex 0% Pure & Fresh - 50ml","p":2.42,"u":"48,40 €/L","img":"https://fd5-photos.leclercdrive.fr/image.ashx?id=2745862&use=l&cat=p&typeid=i","cat":284595},{"id":232356,"n":"Gel douche Sanex Zéro Family - Pompe - 700ml","p":5.64,"u":"8,06 €/L","img":"https://fd5-photos.leclercdrive.fr/image.ashx?id=2745859&use=l&cat=p&typeid=i","cat":284594},{"id":232357,"n":"Recharge Gel douche Sanex Zéro - Peaux sensibles - 500ml","p":3.36,"u":"6,72 €/L","img":"https://fd5-photos.leclercdrive.fr/image.ashx?id=2745856&use=l&cat=p&typeid=i","cat":284594},{"id":232358,"n":"Gel lavant désinfectant Sanytol Purifiant - 500ml","p":5.35,"u":"10,70 €/L","img":"https://fd5-photos.leclercdrive.fr/image.ashx?id=2904664&use=l&cat=p&typeid=i","cat":284597},{"id":232366,"n":"Déodorant spray Dove Zéro - Invisible Care - 200ml","p":2.95,"u":"14,75 €/L","img":"https://fd5-photos.leclercdrive.fr/image.ashx?id=2772542&use=l&cat=p&typeid=i","cat":284595},{"id":232367,"n":"Déodorant spray homme Axe Black Vanilla 72h - 150ml","p":3.74,"u":"24,93 €/L","img":"https://fd5-photos.leclercdrive.fr/image.ashx?id=2910237&use=l&cat=p&typeid=i","cat":284618},{"id":232369,"n":"Bain de bouche Colgate Max Fresh Protection complète 500ml","p":3.65,"u":"7,30 €/L","img":"https://fd5-photos.leclercdrive.fr/image.ashx?id=2747178&use=l&cat=p&typeid=i","cat":284613},{"id":232371,"n":"Dentifrice enfant Elmex Anti-caries - 6-12 ans - 75ml","p":2.93,"u":"39,07 €/L","img":"https://fd5-photos.leclercdrive.fr/image.ashx?id=2747175&use=l&cat=p&typeid=i","cat":288898},{"id":232373,"n":"Brosse à dent Interdentaire Col Colgate - Medium - x1","p":2.48,"img":"https://fd5-photos.leclercdrive.fr/image.ashx?id=2747172&use=l&cat=p&typeid=i","cat":284614},{"id":232377,"n":"Insecticide Raid Max Système anti-fourmis - 1 piège","p":3.63,"img":"https://fd5-photos.leclercdrive.fr/image.ashx?id=2968454&use=l&cat=p&typeid=i","cat":298368},{"id":232378,"n":"Piège stickers fenêtre Raid A mouches - x6","p":4.2,"u":"0,70 €/P","img":"https://fd5-photos.leclercdrive.fr/image.ashx?id=2747076&use=l&cat=p&typeid=i","cat":298368},{"id":232389,"n":"Nettoyant Textiles Tech9 + Brosse","p":4.59,"img":"https://fd5-photos.leclercdrive.fr/image.ashx?id=2907267&use=l&cat=p&typeid=i","cat":298252},{"id":232395,"n":"Nettoyant Jantes Tech9 Pulvérisateur - 500ml","p":3.99,"u":"7,98 €/L","img":"https://fd5-photos.leclercdrive.fr/image.ashx?id=2907276&use=l&cat=p&typeid=i","cat":298252},{"id":232408,"n":"Nettoyant plastique Tech9 Agrumes - Brillance - 400ml","p":3.99,"u":"9,98 €/L","img":"https://fd5-photos.leclercdrive.fr/image.ashx?id=2953428&use=l&cat=p&typeid=i","cat":298252},{"id":232416,"n":"Nettoyant pour vitres TECH9 500ml","p":3.2,"u":"6,40 €/L","img":"https://fd5-photos.leclercdrive.fr/image.ashx?id=2907291&use=l&cat=p&typeid=i","cat":298252},{"id":232421,"n":"Café Soluble Nescafé Cappuccino Vanille - 276g","p":5.15,"u":"18,66 €/KG","img":"https://fd5-photos.leclercdrive.fr/image.ashx?id=2866843&use=l&cat=p&typeid=i","cat":284843},{"id":232468,"n":"Carafe filtrante Brita Marella Graphite - 2.4L","p":23.9,"img":"https://fd5-photos.leclercdrive.fr/image.ashx?id=2878279&use=l&cat=p&typeid=i","cat":334135},{"id":232518,"n":"Pâtes Barilla Stelline - 500g","p":1.42,"u":"2,84 €/KG","img":"https://fd5-photos.leclercdrive.fr/image.ashx?id=2748662&use=l&cat=p&typeid=i","cat":284427},{"id":232519,"n":"Pâtes Barilla Risoni - 500g","p":1.14,"u":"2,28 €/KG","img":"https://fd5-photos.leclercdrive.fr/image.ashx?id=2748665&use=l&cat=p&typeid=i","cat":284427},{"id":232520,"n":"Pâtes Barilla Ditalini Rigati - 500g","p":1.16,"u":"2,32 €/KG","img":"https://fd5-photos.leclercdrive.fr/image.ashx?id=2748668&use=l&cat=p&typeid=i","cat":284427},{"id":232536,"n":"Lindahls Pro+ 6 Tranches - 120g","p":2.27,"u":"18,92 €/KG","img":"https://fd5-photos.leclercdrive.fr/image.ashx?id=2748308&use=l&cat=p&typeid=i","cat":314028},{"id":232638,"n":"Lait d'avoine Oatly Barista Edition - 1L","p":2.21,"u":"2,21 €/L","img":"https://fd5-photos.leclercdrive.fr/image.ashx?id=2748626&use=l&cat=p&typeid=i","cat":316067},{"id":232701,"n":"Thon au naturel Petit Navire  93g","p":1.49,"u":"16,02 €/KG","img":"https://fd5-photos.leclercdrive.fr/image.ashx?id=2748101&use=l&cat=p&typeid=i","cat":303867},{"id":232702,"n":"Miettes de thon Petit Navire  A l'huile d'olive 80g","p":1.49,"u":"18,63 €/KG","img":"https://fd5-photos.leclercdrive.fr/image.ashx?id=2748107&use=l&cat=p&typeid=i","cat":303867},{"id":232703,"n":"Miettes de thon Petit Navire à l'huile de tournesol 80g","p":1.26,"u":"15,75 €/KG","img":"https://fd5-photos.leclercdrive.fr/image.ashx?id=2748104&use=l&cat=p&typeid=i","cat":303867},{"id":232704,"n":"Filets de maquereaux Petit  Navire Sauce escabeche 169g","p":1.85,"u":"10,95 €/KG","img":"https://fd5-photos.leclercdrive.fr/image.ashx?id=2748113&use=l&cat=p&typeid=i","cat":303868},{"id":232706,"n":"Miettes de thon Petit Navire à  la Sauce tomate 230g","p":2.24,"u":"9,74 €/KG","img":"https://fd5-photos.leclercdrive.fr/image.ashx?id=2748110&use=l&cat=p&typeid=i","cat":303867},{"id":232740,"n":"Chips Tuiles Pringles HOT Barbecue Ribs - 160g","p":2.11,"u":"13,19 €/KG","img":"https://fd5-photos.leclercdrive.fr/image.ashx?id=2749506&use=l&cat=p&typeid=i","cat":287899},{"id":232768,"n":"Skyr à boire Danone Fruits exotiques 270g","p":1.72,"u":"6,37 €/KG","img":"https://fd5-photos.leclercdrive.fr/image.ashx?id=2748784&use=l&cat=p&typeid=i","cat":284415},{"id":232769,"n":"Skyr à boire Danone Fruits rouges 270g","p":1.63,"u":"6,04 €/KG","img":"https://fd5-photos.leclercdrive.fr/image.ashx?id=2748787&use=l&cat=p&typeid=i","cat":284415},{"id":232770,"n":"Skyr à boire Danone Vanille 270g","p":1.61,"u":"5,96 €/KG","img":"https://fd5-photos.leclercdrive.fr/image.ashx?id=2817332&use=l&cat=p&typeid=i","cat":284415},{"id":232839,"n":"Gel déboucheur Destop  Turbo 5 min - 4 doses - 1L","p":6.56,"u":"6,56 €/L","img":"https://fd5-photos.leclercdrive.fr/image.ashx?id=2976032&use=l&cat=p&typeid=i","cat":284908},{"id":232840,"n":"Gel déboucheur Destop  Turbo 5 min - 2 doses - 500ml","p":3.9,"u":"7,80 €/L","img":"https://fd5-photos.leclercdrive.fr/image.ashx?id=2976029&use=l&cat=p&typeid=i","cat":284908},{"id":232856,"n":"Mini saucissons secs Saint-Azay À la truffe d'été - 75g","p":1.99,"u":"26,53 €/KG","img":"https://fd5-photos.leclercdrive.fr/image.ashx?id=2754901&use=l&cat=p&typeid=i","cat":316006},{"id":232858,"n":"L'Onctueux Rians Caramel beurre salé - 2x90g","p":2.61,"u":"14,50 €/KG","img":"https://fd5-photos.leclercdrive.fr/image.ashx?id=2750438&use=l&cat=p&typeid=i","cat":285041},{"id":232872,"n":"Brossettes interdentaires Gum Bi-direction - 1.2mmx6","p":2.99,"img":"https://fd5-photos.leclercdrive.fr/image.ashx?id=2750087&use=l&cat=p&typeid=i","cat":301595},{"id":232879,"n":"Brossettes interdentaires Gum Bi-direction - 0.7mmx6","p":3.49,"img":"https://fd5-photos.leclercdrive.fr/image.ashx?id=2750081&use=l&cat=p&typeid=i","cat":301595},{"id":232882,"n":"Attache-sucette Mam Baby Décor - x1","p":4.99,"img":"https://fd5-photos.leclercdrive.fr/image.ashx?id=2751393&use=l&cat=p&typeid=i","cat":290430},{"id":232889,"n":"Gel lavant Baby Green Doux Bio - 1L","p":9.49,"u":"9,49 €/L","img":"https://fd5-photos.leclercdrive.fr/image.ashx?id=2795393&use=l&cat=p&typeid=i","cat":290425},{"id":232896,"n":"Mon 1er coffret Baby Green Dès la naissance - x5 produits","p":15.59,"u":"28,35 €/KG","img":"https://fd5-photos.leclercdrive.fr/image.ashx?id=2795384&use=l&cat=p&typeid=i","cat":290425},{"id":232918,"n":"Gel douche Osmae Figuier sauvage - 1L","p":7.25,"u":"7,25 €/L","img":"https://fd5-photos.leclercdrive.fr/image.ashx?id=2751234&use=l&cat=p&typeid=i","cat":301591},{"id":232920,"n":"Biberon initiation Dodie Anti-colique Rose jungle 330ml","p":6.29,"u":"19,06 €/L","img":"https://fd5-photos.leclercdrive.fr/image.ashx?id=2750045&use=l&cat=p&typeid=i","cat":290386},{"id":232921,"n":"Biberon Sensation Dodie Anti- Colique - Bleu - 50ml 0-6mois","p":4.79,"u":"31,93 €/L","img":"https://fd5-photos.leclercdrive.fr/image.ashx?id=2750042&use=l&cat=p&typeid=i","cat":290386},{"id":232946,"n":"Kefir à boire Activia  Nature 280g","p":1.78,"u":"6,36 €/KG","img":"https://fd5-photos.leclercdrive.fr/image.ashx?id=2750976&use=l&cat=p&typeid=i","cat":284415},{"id":232949,"n":"Cottage cheese Danone Nature x2 - 360g","p":3.39,"u":"9,42 €/KG","img":"https://fd5-photos.leclercdrive.fr/image.ashx?id=2915694&use=l&cat=p&typeid=i","cat":314029},{"id":232961,"n":"Gel douche Sanex Zéro% Sensitive Pompe - 700ml","p":6.07,"u":"8,67 €/L","img":"https://fd5-photos.leclercdrive.fr/image.ashx?id=2751384&use=l&cat=p&typeid=i","cat":284594},{"id":232969,"n":"Gel douche Sanex Essentials Zéro% - Peau sensibles - 475ml","p":4.38,"u":"9,22 €/L","img":"https://fd5-photos.leclercdrive.fr/image.ashx?id=2751375&use=l&cat=p&typeid=i","cat":284594},{"id":232971,"n":"Râpe Scholl Manuelle Nanofile - x1","p":8.59,"img":"https://fd5-photos.leclercdrive.fr/image.ashx?id=2990958&use=l&cat=p&typeid=i","cat":323852},{"id":232972,"n":"Gel Douche Homme Nivea Men 3 en 1 Réveil Express - 250ml","p":1.95,"u":"7,80 €/L","img":"https://fd5-photos.leclercdrive.fr/image.ashx?id=2985459&use=l&cat=p&typeid=i","cat":284619},{"id":232979,"n":"Bougie Glade Aromatherapy  Orange & Néroli - x1","p":6.35,"img":"https://fd5-photos.leclercdrive.fr/image.ashx?id=2867725&use=l&cat=p&typeid=i","cat":284666},{"id":232980,"n":"Bougie Glade Aromatherapy Lavande & bois de santal - x1","p":7.08,"img":"https://fd5-photos.leclercdrive.fr/image.ashx?id=2867722&use=l&cat=p&typeid=i","cat":284666},{"id":232982,"n":"Bougie Glade Vanille - 112g","p":4.41,"img":"https://fd5-photos.leclercdrive.fr/image.ashx?id=2751285&use=l&cat=p&typeid=i","cat":284666},{"id":232984,"n":"Bougie Glade I Love You - 112g","p":3.67,"img":"https://fd5-photos.leclercdrive.fr/image.ashx?id=2865440&use=l&cat=p&typeid=i","cat":284666},{"id":232985,"n":"Bougie Glade Honey & Chocolate - x1","p":3.67,"img":"https://fd5-photos.leclercdrive.fr/image.ashx?id=2865437&use=l&cat=p&typeid=i","cat":284666},{"id":232986,"n":"Bougie Glade Anti-tabac - 112g","p":4.45,"img":"https://fd5-photos.leclercdrive.fr/image.ashx?id=2751276&use=l&cat=p&typeid=i","cat":284666},{"id":232989,"n":"Spray nettoyant Cillit Bang  Expert Dégraissant - 750ml","p":3.5,"img":"https://fd5-photos.leclercdrive.fr/image.ashx?id=2751222&use=l&cat=p&typeid=i","cat":325357},{"id":232991,"n":"Déodorant Eco+ Floral - 200ml","p":0.87,"u":"4,35 €/L","img":"https://fd5-photos.leclercdrive.fr/image.ashx?id=2750270&use=l&cat=p&typeid=i","cat":284595},{"id":232996,"n":"Lotion anti-poux Marie Rose Extra forte - 200ml","p":10.89,"u":"54,45 €/L","img":"https://fd5-photos.leclercdrive.fr/image.ashx?id=2751009&use=l&cat=p&typeid=i","cat":299654},{"id":233001,"n":"Gel Lubrifiant Durex Naturel Hydratant - 100ML","p":9.06,"u":"90,60 €/L","img":"https://fd5-photos.leclercdrive.fr/image.ashx?id=2962026&use=l&cat=p&typeid=i","cat":285160},{"id":233005,"n":"Microfibre Eco+ Multi-usage - x3","p":1.37,"img":"https://fd5-photos.leclercdrive.fr/image.ashx?id=2750273&use=l&cat=p&typeid=i","cat":298252},{"id":233032,"n":"Drap de bain Tissaïa Vert sauge - 70x140cm","p":12.85,"img":"https://fd5-photos.leclercdrive.fr/image.ashx?id=2755017&use=l&cat=p&typeid=i","cat":286694},{"id":233102,"n":"Dentifrice Sensodyne Soin complet - 2x75ml","p":8.11,"u":"54,07 €/L","img":"https://fd5-photos.leclercdrive.fr/image.ashx?id=2805186&use=l&cat=p&typeid=i","cat":284612},{"id":233103,"n":"Dentifrice Sensodyne Soin blancheur - 2x75ml","p":7.74,"u":"51,60 €/L","img":"https://fd5-photos.leclercdrive.fr/image.ashx?id=2829928&use=l&cat=p&typeid=i","cat":284612},{"id":233104,"n":"Dentifrice Sensodyne Soin Gencives - 2x75ml","p":6.56,"u":"43,73 €/L","img":"https://fd5-photos.leclercdrive.fr/image.ashx?id=2829934&use=l&cat=p&typeid=i","cat":284612},{"id":233106,"n":"Dentifrice Sensodyne Répare & Protège Blancheur 2x75ml","p":8.44,"u":"56,27 €/L","img":"https://fd5-photos.leclercdrive.fr/image.ashx?id=2880312&use=l&cat=p&typeid=i","cat":284612},{"id":233137,"n":"Masque cheveux Fructis Réparateur - Papaye - 320ml","p":5.8,"u":"18,13 €/L","img":"https://fd5-photos.leclercdrive.fr/image.ashx?id=2754036&use=l&cat=p&typeid=i","cat":284608},{"id":233151,"n":"Masque cheveux fructis Nourrissant - Banana - 320ml","p":5.85,"u":"18,28 €/L","img":"https://fd5-photos.leclercdrive.fr/image.ashx?id=2754042&use=l&cat=p&typeid=i","cat":284608},{"id":233153,"n":"Masque cheveux Fructis Nutrition Beurre de cacao 320ml","p":6.3,"u":"19,69 €/L","img":"https://fd5-photos.leclercdrive.fr/image.ashx?id=2788763&use=l&cat=p&typeid=i","cat":284608},{"id":233154,"n":"Masque cheveux Fructis Hydratant - Aloe Vera - 320ml","p":5.8,"u":"18,13 €/L","img":"https://fd5-photos.leclercdrive.fr/image.ashx?id=2754048&use=l&cat=p&typeid=i","cat":284608},{"id":233160,"n":"Vinaigre ménager Multi-usages - 5L","p":4.97,"u":"0,99 €/L","img":"https://fd5-photos.leclercdrive.fr/image.ashx?id=2757961&use=l&cat=p&typeid=i","cat":300576},{"id":233179,"n":"Chips Tuiles Pringles HOT Mexican Chili & Lime - 160g","p":2.4,"u":"15,00 €/KG","img":"https://fd5-photos.leclercdrive.fr/image.ashx?id=2753244&use=l&cat=p&typeid=i","cat":284447},{"id":233204,"n":"Guimauves Chocours Copains copines 600g","p":5.19,"u":"8,65 €/KG","img":"https://fd5-photos.leclercdrive.fr/image.ashx?id=2934778&use=l&cat=p&typeid=i","cat":304250},{"id":233252,"n":"Flammekueches Kauffer's Thon - x2  540g","p":6.23,"u":"11,54 €/KG","img":"https://fd5-photos.leclercdrive.fr/image.ashx?id=2806177&use=l&cat=p&typeid=i","cat":284256},{"id":233280,"n":"Nouilles Tables du Monde Boeuf - 3x65g","p":1.25,"u":"6,41 €/KG","img":"https://fd5-photos.leclercdrive.fr/image.ashx?id=2752545&use=l&cat=p&typeid=i","cat":288992},{"id":233284,"n":"Bougie romantique Glade Vanille  blossom Longue durée","p":6.39,"img":"https://fd5-photos.leclercdrive.fr/image.ashx?id=2753226&use=l&cat=p&typeid=i","cat":284666},{"id":233304,"n":"Rape zesteur x1","p":17.0,"img":"https://fd5-photos.leclercdrive.fr/image.ashx?id=2816794&use=l&cat=p&typeid=i","cat":334135},{"id":233307,"n":"Cocotte avec couvercle 24cm - x1","p":99.0,"img":"https://fd5-photos.leclercdrive.fr/image.ashx?id=2816788&use=l&cat=p&typeid=i","cat":298490},{"id":233313,"n":"Gel WC Javel Harpic Ultra blancheur Agrumes - 750ml","p":1.93,"u":"2,57 €/L","img":"https://fd5-photos.leclercdrive.fr/image.ashx?id=2864690&use=l&cat=p&typeid=i","cat":284662},{"id":233319,"n":"Détachant Gel Vanish  Blanc  - 750ml","p":6.27,"u":"8,36 €/L","img":"https://fd5-photos.leclercdrive.fr/image.ashx?id=2878111&use=l&cat=p&typeid=i","cat":284651},{"id":233373,"n":"Recharge lessive L'Arbre vert Fraicheur intense - 1.53L","p":7.55,"u":"4,93 €/L","img":"https://fd5-photos.leclercdrive.fr/image.ashx?id=2755588&use=l&cat=p&typeid=i","cat":284640},{"id":233398,"n":"Graines chia Pérou  Bio 250g","p":3.87,"u":"15,48 €/KG","img":"https://fd5-photos.leclercdrive.fr/image.ashx?id=2876854&use=l&cat=p&typeid=i","cat":284357},{"id":233405,"n":"Emmental Entremont  Tendre Meule - 160g","p":1.93,"u":"12,06 €/KG","img":"https://fd5-photos.leclercdrive.fr/image.ashx?id=2983135&use=l&cat=p&typeid=i","cat":314034},{"id":233411,"n":"Mini pots Häagen-Dazs Lotus Biscoff Collection 324g","p":4.87,"u":"15,03 €/KG","img":"https://fd5-photos.leclercdrive.fr/image.ashx?id=2893474&use=l&cat=p&typeid=i","cat":284725},{"id":233436,"n":"Coquille St-Jacques et fruits  de mer Eco+ 360g","p":3.97,"u":"11,03 €/KG","img":"https://fd5-photos.leclercdrive.fr/image.ashx?id=2754249&use=l&cat=p&typeid=i","cat":319787},{"id":233443,"n":"Escalopes de dinde Eco+ x5 - 600g","p":5.98,"u":"9,97 €/KG","img":"https://fd5-photos.leclercdrive.fr/image.ashx?id=2759187&use=l&cat=p&typeid=i","cat":284337},{"id":233453,"n":"Oeufs Fraîcheur Coque Matines Gros et très gros x10","p":2.89,"u":"0,29 €/P","img":"https://fd5-photos.leclercdrive.fr/image.ashx?id=2796243&use=l&cat=p&typeid=i","cat":284378},{"id":233473,"n":"Bière blonde Leffe Prestige 124 8,5% - 75cl","p":4.12,"u":"5,49 €/L","img":"https://fd5-photos.leclercdrive.fr/image.ashx?id=2755816&use=l&cat=p&typeid=i","cat":334852},{"id":233474,"n":"Bière blonde Leffe Prestige  8,5% - 12x25cl","p":13.67,"u":"4,56 €/L","img":"https://fd5-photos.leclercdrive.fr/image.ashx?id=2755819&use=l&cat=p&typeid=i","cat":334852},{"id":233534,"n":"Vin d'Italie Contarini blanc Extra Dry - 75cl","p":4.95,"u":"6,60 €/L","img":"https://fd5-photos.leclercdrive.fr/image.ashx?id=2781284&use=l&cat=p&typeid=i","cat":289461},{"id":233550,"n":"Salade Quinoa semoule noisettes Bonduelle 250g","p":2.69,"u":"10,76 €/KG","img":"https://fd5-photos.leclercdrive.fr/image.ashx?id=2903002&use=l&cat=p&typeid=i","cat":333657},{"id":233623,"n":"Baume corps Le Petit Marseillais - Monoï - 380ml","p":6.03,"u":"15,87 €/L","img":"https://fd5-photos.leclercdrive.fr/image.ashx?id=2908171&use=l&cat=p&typeid=i","cat":325350},{"id":233624,"n":"Baume corps Le Petit Marseillais - Coco - 380ml","p":5.35,"u":"14,08 €/L","img":"https://fd5-photos.leclercdrive.fr/image.ashx?id=2758105&use=l&cat=p&typeid=i","cat":325350},{"id":233625,"n":"Gommage corps Le Petit Marseillais - Coco - 150ml","p":4.23,"u":"28,20 €/L","img":"https://fd5-photos.leclercdrive.fr/image.ashx?id=2758108&use=l&cat=p&typeid=i","cat":325375},{"id":233626,"n":"Spray démêlant Le Petit Marseillais Pamplemousse 200ml","p":3.63,"u":"18,15 €/L","img":"https://fd5-photos.leclercdrive.fr/image.ashx?id=2758099&use=l&cat=p&typeid=i","cat":284608},{"id":233630,"n":"Shampooing Le Petit Marseillais Nutrition - 300ml","p":2.07,"u":"6,90 €/L","img":"https://fd5-photos.leclercdrive.fr/image.ashx?id=2758093&use=l&cat=p&typeid=i","cat":284606},{"id":233631,"n":"Shampooing Le Petit Marseillais Purifiant - 300ml","p":2.16,"u":"7,20 €/L","img":"https://fd5-photos.leclercdrive.fr/image.ashx?id=2758096&use=l&cat=p&typeid=i","cat":284606},{"id":233632,"n":"Shampooing Le Petit Marseillais Douceur & éclat - 300ml","p":2.29,"u":"7,63 €/MT","img":"https://fd5-photos.leclercdrive.fr/image.ashx?id=2758111&use=l&cat=p&typeid=i","cat":284606},{"id":233644,"n":"Escalopes de dinde Eco+ x2 - 240g","p":2.99,"u":"12,46 €/KG","img":"https://fd5-photos.leclercdrive.fr/image.ashx?id=2764797&use=l&cat=p&typeid=i","cat":284337},{"id":233645,"n":"Café Soluble Starbucks Caramel Latte 5 sticks - 115g","p":3.09,"u":"26,87 €/KG","img":"https://fd5-photos.leclercdrive.fr/image.ashx?id=2766099&use=l&cat=p&typeid=i","cat":284843},{"id":233646,"n":"Café Soluble Starbucks White Mocha 5 sticks - 120g","p":3.05,"u":"25,42 €/KG","img":"https://fd5-photos.leclercdrive.fr/image.ashx?id=2758463&use=l&cat=p&typeid=i","cat":284843},{"id":233648,"n":"Capsules Starbucks by Nespresso  Blonde Décaféiné Int 6 - x10","p":3.74,"u":"0,37 €/P","img":"https://fd5-photos.leclercdrive.fr/image.ashx?id=2758469&use=l&cat=p&typeid=i","cat":284749},{"id":233649,"n":"Bouchées vapeur aux crevettes Tables du Monde x8 - 164g","p":3.17,"u":"19,33 €/KG","img":"https://fd5-photos.leclercdrive.fr/image.ashx?id=2757949&use=l&cat=p&typeid=i","cat":319774},{"id":233658,"n":"Chipster salé Belin  85g","p":1.12,"u":"13,18 €/KG","img":"https://fd5-photos.leclercdrive.fr/image.ashx?id=3002240&use=l&cat=p&typeid=i","cat":284449},{"id":233683,"n":"Rasoirs précision Wilkinson jetables - 12+3 offerts","p":4.32,"u":"0,29 €/P","img":"https://fd5-photos.leclercdrive.fr/image.ashx?id=2882890&use=l&cat=p&typeid=i","cat":284616},{"id":233718,"n":"Spray solaire La Roche-Posay Enfant SPF50+ 200ml","p":16.87,"u":"84,35 €/L","img":"https://fd5-photos.leclercdrive.fr/image.ashx?id=2837415&use=l&cat=p&typeid=i","cat":290397},{"id":233720,"n":"Lait solaire La Roche Posay  SPF50+ Enfant - 250ml","p":18.98,"u":"75,92 €/L","img":"https://fd5-photos.leclercdrive.fr/image.ashx?id=2795117&use=l&cat=p&typeid=i","cat":290397},{"id":233729,"n":"Lessive liquide Skip Cycle  Court Efficacité Express x54","p":15.75,"u":"7,29 €/L","img":"https://fd5-photos.leclercdrive.fr/image.ashx?id=2843553&use=l&cat=p&typeid=i","cat":284640},{"id":233730,"n":"Lessive liquide Skip Cycle Court Couleur Protect x54","p":15.75,"u":"7,29 €/L","img":"https://fd5-photos.leclercdrive.fr/image.ashx?id=2842168&use=l&cat=p&typeid=i","cat":284640},{"id":233731,"n":"Lessive liquide Skip Cycle  Court Odeur Control x54","p":16.86,"u":"7,81 €/L","img":"https://fd5-photos.leclercdrive.fr/image.ashx?id=2788253&use=l&cat=p&typeid=i","cat":284640},{"id":233744,"n":"Bâtonnets glace Magnum  Remix Amandes x3 - 198g","p":2.61,"u":"13,18 €/KG","img":"https://fd5-photos.leclercdrive.fr/image.ashx?id=2891758&use=l&cat=p&typeid=i","cat":284265},{"id":233746,"n":"Bâtonnets glace Ferrero Rondnoir x4 - 200g","p":3.49,"u":"17,45 €/KG","img":"https://fd5-photos.leclercdrive.fr/image.ashx?id=2807891&use=l&cat=p&typeid=i","cat":284265},{"id":233755,"n":"Infusion à froid Tiséa  Pêche x15 - 33g","p":1.7,"u":"51,52 €/KG","img":"https://fd5-photos.leclercdrive.fr/image.ashx?id=2929888&use=l&cat=p&typeid=i","cat":293234},{"id":233756,"n":"Riz long grain Taureau Ailé Méditerranée - 800g","p":2.12,"u":"2,65 €/KG","img":"https://fd5-photos.leclercdrive.fr/image.ashx?id=2866801&use=l&cat=p&typeid=i","cat":284428},{"id":233874,"n":"Boisson Alpro café avoine 750ml","p":1.83,"u":"2,44 €/L","img":"https://fd5-photos.leclercdrive.fr/image.ashx?id=2975416&use=l&cat=p&typeid=i","cat":313736},{"id":233875,"n":"Boisson Alpro café amande 750ml","p":1.83,"u":"2,44 €/L","img":"https://fd5-photos.leclercdrive.fr/image.ashx?id=2814181&use=l&cat=p&typeid=i","cat":313736},{"id":233886,"n":"Dosettes café Senseo Cappuccino x8","p":2.93,"u":"31,85 €/KG","img":"https://fd5-photos.leclercdrive.fr/image.ashx?id=2760187&use=l&cat=p&typeid=i","cat":293238},{"id":233946,"n":"Lessive capsules Omo Monoï - 3en1 - x29 - 502g","p":9.85,"u":"19,62 €/KG","img":"https://fd5-photos.leclercdrive.fr/image.ashx?id=2841607&use=l&cat=p&typeid=i","cat":284641},{"id":233947,"n":"Lessive capsules 3en1 Omo Rose & Lilas Blanc - 502g x29","p":9.62,"u":"19,16 €/KG","img":"https://fd5-photos.leclercdrive.fr/image.ashx?id=2841610&use=l&cat=p&typeid=i","cat":284641},{"id":233949,"n":"Lessive capsules 3en1 Omo Lavande & Patchouli - x29 502g","p":9.85,"u":"19,62 €/KG","img":"https://fd5-photos.leclercdrive.fr/image.ashx?id=2832599&use=l&cat=p&typeid=i","cat":284641},{"id":233950,"n":"Lessive capsules 3en1 Omo Jasmin fleur de coton 502g x29","p":9.62,"u":"19,16 €/KG","img":"https://fd5-photos.leclercdrive.fr/image.ashx?id=2841613&use=l&cat=p&typeid=i","cat":284641},{"id":233953,"n":"Lessive liquide Skip Cycle  Court Efficacité Express x37","p":11.86,"u":"8,01 €/L","img":"https://fd5-photos.leclercdrive.fr/image.ashx?id=2910240&use=l&cat=p&typeid=i","cat":284640},{"id":233955,"n":"Lessive liquide Skip Cycle Court Odeur Control x37","p":11.81,"u":"7,98 €/L","img":"https://fd5-photos.leclercdrive.fr/image.ashx?id=2927735&use=l&cat=p&typeid=i","cat":284640},{"id":233956,"n":"Lessive liquide Omo Rose & Lilas Blanc - 1.76L","p":8.9,"u":"5,05 €/L","img":"https://fd5-photos.leclercdrive.fr/image.ashx?id=2818208&use=l&cat=p&typeid=i","cat":284640},{"id":233961,"n":"Lessive liquide Omo Jasmin & Fleur de coton 1.764L x42","p":8.47,"u":"4,80 €/L","img":"https://fd5-photos.leclercdrive.fr/image.ashx?id=2841616&use=l&cat=p&typeid=i","cat":284640},{"id":233963,"n":"Lessive liquide Skip Cycle Court Couleur Protect x37","p":11.81,"u":"7,98 €/L","img":"https://fd5-photos.leclercdrive.fr/image.ashx?id=2910246&use=l&cat=p&typeid=i","cat":284640},{"id":233984,"n":"Nouilles instantanées Daisuki Curry Pirikara - 61g","p":1.85,"u":"30,33 €/KG","img":"https://fd5-photos.leclercdrive.fr/image.ashx?id=2762007&use=l&cat=p&typeid=i","cat":288992},{"id":233985,"n":"Nouilles instantanées Daisuki Boeuf Gyudon - 60g","p":1.67,"u":"27,83 €/KG","img":"https://fd5-photos.leclercdrive.fr/image.ashx?id=2762004&use=l&cat=p&typeid=i","cat":288992},{"id":234019,"n":"Bol nouilles instantanées  Daisuki - Poulet Teriyaki 60g","p":1.67,"u":"27,83 €/KG","img":"https://fd5-photos.leclercdrive.fr/image.ashx?id=2762001&use=l&cat=p&typeid=i","cat":288992},{"id":234147,"n":"Mascara Maybelline  Fire Work Sensationnal - x1","p":9.45,"pp":6.24,"img":"https://fd5-photos.leclercdrive.fr/image.ashx?id=2826459&use=l&cat=p&typeid=i","cat":287029},{"id":234149,"n":"Crème de douche Cadum Hypoallergenic - 750ml","p":5.24,"u":"6,99 €/L","img":"https://fd5-photos.leclercdrive.fr/image.ashx?id=2802515&use=l&cat=p&typeid=i","cat":284594},{"id":234150,"n":"Crème de douche Cadum Douceur velours - 450ml","p":3.37,"u":"7,49 €/L","img":"https://fd5-photos.leclercdrive.fr/image.ashx?id=2802518&use=l&cat=p&typeid=i","cat":284594},{"id":234151,"n":"Déodorant bille Narta  Resixyl 72h - 50ml","p":4.84,"u":"96,80 €/L","img":"https://fd5-photos.leclercdrive.fr/image.ashx?id=2769017&use=l&cat=p&typeid=i","cat":284595},{"id":234152,"n":"Déodorant bille Ushuaïa Monoï & tiaré - 50ml","p":2.74,"u":"54,80 €/L","img":"https://fd5-photos.leclercdrive.fr/image.ashx?id=2769020&use=l&cat=p&typeid=i","cat":284595},{"id":234155,"n":"Déodorant bille femme Ushuaïa Grenade açores - 50ml","p":2.74,"u":"54,80 €/L","img":"https://fd5-photos.leclercdrive.fr/image.ashx?id=2789092&use=l&cat=p&typeid=i","cat":284595},{"id":234156,"n":"Déodorant bille Ushuaïa Vanille - 50ml","p":2.74,"u":"54,80 €/L","img":"https://fd5-photos.leclercdrive.fr/image.ashx?id=2769023&use=l&cat=p&typeid=i","cat":284595},{"id":234157,"n":"Déodorant spray Ushuaïa Grenade - 200ml","p":2.74,"u":"13,70 €/L","img":"https://fd5-photos.leclercdrive.fr/image.ashx?id=2769026&use=l&cat=p&typeid=i","cat":284595},{"id":234158,"n":"Déodorant spray Ushuaïa Orchidée - 200ml","p":2.74,"u":"13,70 €/L","img":"https://fd5-photos.leclercdrive.fr/image.ashx?id=2769029&use=l&cat=p&typeid=i","cat":284595},{"id":234159,"n":"Déodorant spray Ushuaïa Vanille - 200ml","p":2.74,"u":"13,70 €/L","img":"https://fd5-photos.leclercdrive.fr/image.ashx?id=2769032&use=l&cat=p&typeid=i","cat":284595},{"id":234163,"n":"Déodorant compressé Narta Resixyl Physio - 100ml","p":4.84,"u":"48,40 €/L","img":"https://fd5-photos.leclercdrive.fr/image.ashx?id=2778401&use=l&cat=p&typeid=i","cat":284595},{"id":234166,"n":"Déodorant spray homme Narta Resixyl Physio - 200ml","p":4.56,"u":"22,80 €/L","img":"https://fd5-photos.leclercdrive.fr/image.ashx?id=2769044&use=l&cat=p&typeid=i","cat":284596},{"id":234168,"n":"Déodorant bille homme Narta Resixyl Physio - 50ml","p":4.41,"u":"88,20 €/L","img":"https://fd5-photos.leclercdrive.fr/image.ashx?id=2769035&use=l&cat=p&typeid=i","cat":284596},{"id":234226,"n":"Couverts inox Mots d'enfants Jungle - x3","p":3.5,"img":"https://fd5-photos.leclercdrive.fr/image.ashx?id=2762689&use=l&cat=p&typeid=i","cat":289435},{"id":234274,"n":"Aérosol Glade huile essentielle  jasmin et bois santal 300ml","p":2.01,"u":"6,70 €/L","img":"https://fd5-photos.leclercdrive.fr/image.ashx?id=2763685&use=l&cat=p&typeid=i","cat":311626},{"id":234290,"n":"KINDER Surprise PLAYMOBIL Chocolat au lait - 3x20g","p":3.37,"u":"56,17 €/KG","img":"https://fd5-photos.leclercdrive.fr/image.ashx?id=2948495&use=l&cat=p&typeid=i","cat":284958},{"id":234291,"n":"KINDER Surprise Natoons Dino Chocolat au lait - 3x20g","p":3.4,"u":"56,67 €/KG","img":"https://fd5-photos.leclercdrive.fr/image.ashx?id=2940537&use=l&cat=p&typeid=i","cat":284958},{"id":234292,"n":"KINDER Surprise Licorne Chocolat au lait - 3x20g","p":3.4,"u":"56,67 €/KG","img":"https://fd5-photos.leclercdrive.fr/image.ashx?id=2883756&use=l&cat=p&typeid=i","cat":284958},{"id":234293,"n":"Le Pur bœuf Charal 18%MG Façon bouchère 8x100g","p":11.8,"u":"14,75 €/KG","img":"https://fd5-photos.leclercdrive.fr/image.ashx?id=2763205&use=l&cat=p&typeid=i","cat":319778},{"id":234333,"n":"Gourdes Pom'Potes Pomme poire banane x96 - 8.64kg","p":39.77,"u":"4,60 €/KG","img":"https://fd5-photos.leclercdrive.fr/image.ashx?id=2918553&use=l&cat=p&typeid=i","cat":284508},{"id":234370,"n":"Cornichons Croq'Vert  Amora Extra-fins aux épices 210g","p":1.95,"u":"9,29 €/KG","img":"https://fd5-photos.leclercdrive.fr/image.ashx?id=2770671&use=l&cat=p&typeid=i","cat":284458},{"id":234372,"n":"Dessert brassé végétal Andros Fruits exotiques - 6x100g","p":2.67,"u":"4,45 €/KG","img":"https://fd5-photos.leclercdrive.fr/image.ashx?id=2855981&use=l&cat=p&typeid=i","cat":316071},{"id":234373,"n":"Dessert brassé végétal Andros Fruits du Verger - 6x100g","p":3.02,"u":"5,03 €/KG","img":"https://fd5-photos.leclercdrive.fr/image.ashx?id=2855984&use=l&cat=p&typeid=i","cat":316071},{"id":234374,"n":"Dessert brassé végétal Andros Vanille Bourbon 6x100g","p":3.12,"u":"5,20 €/KG","img":"https://fd5-photos.leclercdrive.fr/image.ashx?id=2881957&use=l&cat=p&typeid=i","cat":316071},{"id":234375,"n":"Nouilles Tables du Monde Poulet - 3x65g","p":1.39,"u":"7,13 €/KG","img":"https://fd5-photos.leclercdrive.fr/image.ashx?id=2763045&use=l&cat=p&typeid=i","cat":288992},{"id":234378,"n":"Bâtonnets Magnum Wonder Chocolat blanc caramélisé 208g","p":2.54,"u":"12,21 €/KG","img":"https://fd5-photos.leclercdrive.fr/image.ashx?id=2764044&use=l&cat=p&typeid=i","cat":284265},{"id":234379,"n":"Bâtonnets Magnum Euphoria Pink limonade x3 - 208g","p":2.58,"u":"12,40 €/KG","img":"https://fd5-photos.leclercdrive.fr/image.ashx?id=2788121&use=l&cat=p&typeid=i","cat":284265},{"id":234420,"n":"Bonbons La Pie qui Chante Frui'andise - 250g","p":2.24,"u":"8,96 €/KG","img":"https://fd5-photos.leclercdrive.fr/image.ashx?id=2817911&use=l&cat=p&typeid=i","cat":304250},{"id":234514,"n":"Infusion Elephant Ligne equilibre x12 - 30g","p":2.94,"u":"98,00 €/KG","img":"https://fd5-photos.leclercdrive.fr/image.ashx?id=2769128&use=l&cat=p&typeid=i","cat":293234},{"id":234518,"n":"Infusion douce Pukka Bio relaxation x20 - 30g","p":4.06,"u":"135,33 €/KG","img":"https://fd5-photos.leclercdrive.fr/image.ashx?id=2769122&use=l&cat=p&typeid=i","cat":293234},{"id":234519,"n":"Infusion Pukka Delice de curcuma x20 36g","p":4.8,"u":"133,33 €/KG","img":"https://fd5-photos.leclercdrive.fr/image.ashx?id=2901088&use=l&cat=p&typeid=i","cat":293234},{"id":234523,"n":"Thé noir en vrac Lipton Fruits rouges à la fraise 150g","p":6.8,"u":"45,33 €/KG","img":"https://fd5-photos.leclercdrive.fr/image.ashx?id=2769146&use=l&cat=p&typeid=i","cat":293233},{"id":234524,"n":"Thé vert supreme Pukka Bio matcha - x20 - 30g","p":4.89,"u":"163,00 €/KG","img":"https://fd5-photos.leclercdrive.fr/image.ashx?id=2856011&use=l&cat=p&typeid=i","cat":293233},{"id":234525,"n":"Infusion Pukka Bio 3 gingembres x20 36g","p":5.01,"u":"139,17 €/KG","img":"https://fd5-photos.leclercdrive.fr/image.ashx?id=2901085&use=l&cat=p&typeid=i","cat":293234},{"id":234597,"n":"Glaces Twister Mini Tropical 8 bâtonnets - 348g","p":3.28,"u":"9,43 €/KG","img":"https://fd5-photos.leclercdrive.fr/image.ashx?id=3009317&use=l&cat=p&typeid=i","cat":285250},{"id":234615,"n":"Bière Cherry 8.6 7.2%  50cl","p":1.94,"u":"3,88 €/L","img":"https://fd5-photos.leclercdrive.fr/image.ashx?id=2766102&use=l&cat=p&typeid=i","cat":334853},{"id":234651,"n":"Sirop Dami Citron Spécial amer - 1L","p":8.77,"u":"8,77 €/L","img":"https://fd5-photos.leclercdrive.fr/image.ashx?id=2789955&use=l&cat=p&typeid=i","cat":295020},{"id":234749,"n":"Thon entier Saupiquet Huile d'olive & basilic - 120g","p":2.66,"u":"22,17 €/KG","img":"https://fd5-photos.leclercdrive.fr/image.ashx?id=2767084&use=l&cat=p&typeid=i","cat":303867},{"id":234750,"n":"Thon entier Huile d'olive Saupiquet  citron & thym 120g","p":2.88,"u":"24,00 €/KG","img":"https://fd5-photos.leclercdrive.fr/image.ashx?id=2767081&use=l&cat=p&typeid=i","cat":303867},{"id":234813,"n":"Mélange pour guacamole Ducros à la Mexicaine - 20g","p":1.04,"u":"52,00 €/KG","img":"https://fd5-photos.leclercdrive.fr/image.ashx?id=2767830&use=l&cat=p&typeid=i","cat":298297},{"id":234857,"n":"Yaourt végétal brassé Andros Multifruit Lait d'amande 4x100g","p":2.19,"u":"5,48 €/KG","img":"https://fd5-photos.leclercdrive.fr/image.ashx?id=2872009&use=l&cat=p&typeid=i","cat":284933},{"id":234858,"n":"Yaourt brassé végétal Andros Lait de coco Nature - 8x100g","p":4.64,"u":"5,80 €/KG","img":"https://fd5-photos.leclercdrive.fr/image.ashx?id=2872027&use=l&cat=p&typeid=i","cat":284933},{"id":234860,"n":"Fromage Mini Caprice Des Dieux Filet de 4 Portions - 200g","p":3.23,"u":"16,15 €/KG","img":"https://fd5-photos.leclercdrive.fr/image.ashx?id=2768933&use=l&cat=p&typeid=i","cat":314033},{"id":234863,"n":"Fromage à tartiner Rondelé Figue et noix - 125g","p":1.6,"u":"12,80 €/KG","img":"https://fd5-photos.leclercdrive.fr/image.ashx?id=2877754&use=l&cat=p&typeid=i","cat":314029},{"id":234865,"n":"Curry de poulet  Tables du Monde - 900g","p":5.33,"u":"5,92 €/KG","img":"https://fd5-photos.leclercdrive.fr/image.ashx?id=2768481&use=l&cat=p&typeid=i","cat":284254},{"id":234866,"n":"Mini nems au poulet Tables du Monde x8 - 240g","p":3.68,"u":"15,33 €/KG","img":"https://fd5-photos.leclercdrive.fr/image.ashx?id=2768484&use=l&cat=p&typeid=i","cat":319774},{"id":234867,"n":"Mini nems au porc Tables du Monde x8 - 240g","p":2.82,"u":"11,75 €/KG","img":"https://fd5-photos.leclercdrive.fr/image.ashx?id=2768487&use=l&cat=p&typeid=i","cat":319774},{"id":234869,"n":"Gâteau moelleux Chocalin Harrys Cacao et Chocolat X10 - 350G","p":3.16,"u":"9,03 €/KG","img":"https://fd5-photos.leclercdrive.fr/image.ashx?id=2962464&use=l&cat=p&typeid=i","cat":284495},{"id":234870,"n":"Gâteaux Choco Mousse Harrys Fourrés au chocolat  X8 - 280G","p":2.76,"u":"9,86 €/KG","img":"https://fd5-photos.leclercdrive.fr/image.ashx?id=2985069&use=l&cat=p&typeid=i","cat":284495},{"id":234872,"n":"Houmous Florette 175g","p":2.83,"u":"16,17 €/KG","img":"https://fd5-photos.leclercdrive.fr/image.ashx?id=2768963&use=l&cat=p&typeid=i","cat":315999},{"id":234875,"n":"Purée de tomates Heinz x 3 - 212g","p":2.23,"u":"3,51 €/KG","img":"https://fd5-photos.leclercdrive.fr/image.ashx?id=2927004&use=l&cat=p&typeid=i","cat":288384},{"id":234876,"n":"Purée de tomates Heinz - 520g","p":1.08,"u":"2,08 €/KG","img":"https://fd5-photos.leclercdrive.fr/image.ashx?id=2926999&use=l&cat=p&typeid=i","cat":288384},{"id":234880,"n":"Bière ambrée Pietra Canette 4x33cl","p":7.58,"u":"5,74 €/L","img":"https://fd5-photos.leclercdrive.fr/image.ashx?id=2779600&use=l&cat=p&typeid=i","cat":334853},{"id":234882,"n":"Bière Pietra Blonda 12x25cl","p":14.43,"u":"4,81 €/L","img":"https://fd5-photos.leclercdrive.fr/image.ashx?id=2780460&use=l&cat=p&typeid=i","cat":334872},{"id":234889,"n":"Bière Pietra Summer session IPA - 33cl","p":2.63,"u":"7,97 €/L","img":"https://fd5-photos.leclercdrive.fr/image.ashx?id=2780469&use=l&cat=p&typeid=i","cat":334872},{"id":234959,"n":"Croissants prêts à cuire Eco+ x20 - 1.1kg","p":5.7,"u":"5,18 €/KG","img":"https://fd5-photos.leclercdrive.fr/image.ashx?id=2770286&use=l&cat=p&typeid=i","cat":284267},{"id":234960,"n":"Pains au chocolat Eco+ x20 - 1.2kg","p":5.99,"u":"4,99 €/KG","img":"https://fd5-photos.leclercdrive.fr/image.ashx?id=2770289&use=l&cat=p&typeid=i","cat":284267},{"id":234975,"n":"Lessive liquide fraîcheur Bonux 50 lavages - 2.25L","p":8.44,"u":"3,75 €/L","img":"https://fd5-photos.leclercdrive.fr/image.ashx?id=2881996&use=l&cat=p&typeid=i","cat":284640},{"id":235007,"n":"Mais Bio Village  2x140g","p":1.49,"u":"5,32 €/KG","img":"https://fd5-photos.leclercdrive.fr/image.ashx?id=3002722&use=l&cat=p&typeid=i","cat":312611},{"id":235016,"n":"Chocolats  Lucky Monkey Lindt Céréales - 100g","p":2.89,"u":"28,90 €/KG","img":"https://fd5-photos.leclercdrive.fr/image.ashx?id=2773068&use=l&cat=p&typeid=i","cat":284497},{"id":235051,"n":"Repas bébé Blédichef 12 mois  Risotto épinards Kiri - 230g","p":2.16,"u":"9,39 €/KG","img":"https://fd5-photos.leclercdrive.fr/image.ashx?id=2852375&use=l&cat=p&typeid=i","cat":312237},{"id":235065,"n":"Repas bébé Blédichef 15 mois  Pâtes poireaux et kiri -250g","p":2.0,"u":"8,00 €/KG","img":"https://fd5-photos.leclercdrive.fr/image.ashx?id=2928420&use=l&cat=p&typeid=i","cat":312238},{"id":235066,"n":"Repas bébé Blédichef 12 mois Potirons et panais -2x230g","p":3.72,"u":"8,09 €/KG","img":"https://fd5-photos.leclercdrive.fr/image.ashx?id=2935780&use=l&cat=p&typeid=i","cat":312237},{"id":235067,"n":"Repas bébé Blédichef Dès 12mois Carotte et semoule - 4x230g","p":6.2,"u":"6,74 €/KG","img":"https://fd5-photos.leclercdrive.fr/image.ashx?id=2773216&use=l&cat=p&typeid=i","cat":312237},{"id":235068,"n":"Repas bébé Blédichef 15 mois Lasagne bolognaise -230g","p":2.69,"u":"11,70 €/KG","img":"https://fd5-photos.leclercdrive.fr/image.ashx?id=2975098&use=l&cat=p&typeid=i","cat":312238},{"id":235069,"n":"Repas bébé Blédichef 15 mois Lasagnes légumes -230g","p":2.64,"u":"11,48 €/KG","img":"https://fd5-photos.leclercdrive.fr/image.ashx?id=2865632&use=l&cat=p&typeid=i","cat":312238},{"id":235070,"n":"Repas bébé Blédichef 15 mois Lasagne épinards merlu -230g","p":2.64,"u":"11,48 €/KG","img":"https://fd5-photos.leclercdrive.fr/image.ashx?id=2865635&use=l&cat=p&typeid=i","cat":312238},{"id":235071,"n":"Aubergines compotées & blé  Cassegrain - 375g","p":3.19,"u":"8,51 €/KG","img":"https://fd5-photos.leclercdrive.fr/image.ashx?id=2970840&use=l&cat=p&typeid=i","cat":312612},{"id":235072,"n":"Légumes du soleil et épautre  Cassegrain - 375g","p":3.98,"u":"10,61 €/KG","img":"https://fd5-photos.leclercdrive.fr/image.ashx?id=2953456&use=l&cat=p&typeid=i","cat":312612},{"id":235079,"n":"Lait infantile Hipp Biologique Bio Dès 6 mois Combiotic  800g","p":16.45,"u":"20,56 €/KG","img":"https://fd5-photos.leclercdrive.fr/image.ashx?id=2926828&use=l&cat=p&typeid=i","cat":284727},{"id":235080,"n":"Plat cuisiné William Saurin  Blanquette volaille - 320g","p":3.34,"u":"10,44 €/KG","img":"https://fd5-photos.leclercdrive.fr/image.ashx?id=2966017&use=l&cat=p&typeid=i","cat":284953},{"id":235081,"n":"Plat cuisiné William Saurin Trio gourmand boeuf - 320g","p":4.06,"u":"12,69 €/KG","img":"https://fd5-photos.leclercdrive.fr/image.ashx?id=2986386&use=l&cat=p&typeid=i","cat":284953},{"id":235082,"n":"Plat cuisiné William Saurin Trio gourmand merlu - 320g","p":4.09,"u":"12,78 €/KG","img":"https://fd5-photos.leclercdrive.fr/image.ashx?id=2986389&use=l&cat=p&typeid=i","cat":284953},{"id":235083,"n":"Plat cuisiné William Saurin Trio gourmand poulet pesto 320g","p":4.05,"u":"12,66 €/KG","img":"https://fd5-photos.leclercdrive.fr/image.ashx?id=2986383&use=l&cat=p&typeid=i","cat":284953},{"id":235084,"n":"Plat cuisiné William Saurin Trio gourmand 320g","p":3.37,"u":"10,53 €/KG","img":"https://fd5-photos.leclercdrive.fr/image.ashx?id=2986380&use=l&cat=p&typeid=i","cat":284953},{"id":235121,"n":"Morceaux de thon Petit Navire Au naturel - 3x112g","p":5.39,"u":"16,04 €/KG","img":"https://fd5-photos.leclercdrive.fr/image.ashx?id=2887488&use=l&cat=p&typeid=i","cat":303867},{"id":235127,"n":"Biscuits parmesan poivre Savour 100g","p":1.85,"u":"18,50 €/KG","img":"https://fd5-photos.leclercdrive.fr/image.ashx?id=2791048&use=l&cat=p&typeid=i","cat":297000},{"id":235132,"n":"Meule de Savoie Nos Régions ont du Talent 200g","p":2.99,"u":"14,95 €/KG","img":"https://fd5-photos.leclercdrive.fr/image.ashx?id=2775706&use=l&cat=p&typeid=i","cat":329184},{"id":235133,"n":"Cabécou du Périgord NRT - 3x35g","p":2.19,"u":"20,86 €/KG","img":"https://fd5-photos.leclercdrive.fr/image.ashx?id=2788984&use=l&cat=p&typeid=i","cat":314031},{"id":235240,"n":"Pâte à tartiner Andros Be Nut's Beurre cacahuète crémeux - 525g","p":5.59,"u":"10,65 €/KG","img":"https://fd5-photos.leclercdrive.fr/image.ashx?id=2985357&use=l&cat=p&typeid=i","cat":284481},{"id":235241,"n":"Pate à tartiner Bonne Maman Cacahuète et cacao - 560g","p":4.74,"u":"8,46 €/KG","img":"https://fd5-photos.leclercdrive.fr/image.ashx?id=2985360&use=l&cat=p&typeid=i","cat":284481},{"id":235243,"n":"Pate à tartiner Bonne Maman Cacahuète et cacao - 350g","p":3.66,"u":"10,46 €/KG","img":"https://fd5-photos.leclercdrive.fr/image.ashx?id=2986663&use=l&cat=p&typeid=i","cat":284481},{"id":235245,"n":"Purée Mousline  Presse purée - 3x65g","p":2.12,"u":"10,87 €/KG","img":"https://fd5-photos.leclercdrive.fr/image.ashx?id=2789520&use=l&cat=p&typeid=i","cat":284431},{"id":235247,"n":"M&M's Peanut x5 180g","p":1.87,"u":"10,39 €/KG","img":"https://fd5-photos.leclercdrive.fr/image.ashx?id=3009011&use=l&cat=p&typeid=i","cat":304238},{"id":235260,"n":"Pâte Lotus Biscoff Speculoos Creamy - 410g","p":3.55,"u":"8,66 €/KG","img":"https://fd5-photos.leclercdrive.fr/image.ashx?id=2776208&use=l&cat=p&typeid=i","cat":284481},{"id":235271,"n":"Café froid Nescafé Latte  Macchiato - 240ml","p":1.74,"u":"7,25 €/L","img":"https://fd5-photos.leclercdrive.fr/image.ashx?id=2997301&use=l&cat=p&typeid=i","cat":313735},{"id":235273,"n":"Café froid Nescafé Latte  Cookies - 240ml","p":1.81,"u":"7,54 €/L","img":"https://fd5-photos.leclercdrive.fr/image.ashx?id=2980752&use=l&cat=p&typeid=i","cat":295246},{"id":235293,"n":"Lentilles verte Notre Jardin 1kg","p":2.76,"u":"2,76 €/KG","img":"https://fd5-photos.leclercdrive.fr/image.ashx?id=2983838&use=l&cat=p&typeid=i","cat":312609},{"id":235299,"n":"Lessive désinfectante Sanytol Grand Air - 1,7L","p":10.92,"u":"6,42 €/L","img":"https://fd5-photos.leclercdrive.fr/image.ashx?id=2806078&use=l&cat=p&typeid=i","cat":284640},{"id":235349,"n":"Sucre glace Daddy 500g","p":1.59,"u":"3,18 €/KG","img":"https://fd5-photos.leclercdrive.fr/image.ashx?id=2975864&use=l&cat=p&typeid=i","cat":284502},{"id":235364,"n":"Friandises chat Whiskas  Poulet et fromage - 60g","p":1.07,"u":"17,83 €/KG","img":"https://fd5-photos.leclercdrive.fr/image.ashx?id=2976851&use=l&cat=p&typeid=i","cat":285285},{"id":235365,"n":"Friandises chat Whiskas saveur Saumon maxi pack -180g","p":2.78,"u":"15,44 €/KG","img":"https://fd5-photos.leclercdrive.fr/image.ashx?id=2944963&use=l&cat=p&typeid=i","cat":285285},{"id":235369,"n":"Friandises chat Whiskas saveur  Poulet et fromage -180g","p":2.78,"u":"15,44 €/KG","img":"https://fd5-photos.leclercdrive.fr/image.ashx?id=2944966&use=l&cat=p&typeid=i","cat":285285},{"id":235405,"n":"Friandises chat temptations Whiskas saveur saumon - 60g","p":1.07,"u":"17,83 €/KG","img":"https://fd5-photos.leclercdrive.fr/image.ashx?id=2976854&use=l&cat=p&typeid=i","cat":285285},{"id":235407,"n":"Lait 2ème âge Hipp biologique  Combiotic Nutrigest - 800g","p":16.53,"u":"20,66 €/KG","img":"https://fd5-photos.leclercdrive.fr/image.ashx?id=2926831&use=l&cat=p&typeid=i","cat":284727},{"id":235414,"n":"Lait en poudre Modilac Actigest LF+1 Bébé 0-6 mois - 800g","p":17.96,"u":"22,45 €/KG","img":"https://fd5-photos.leclercdrive.fr/image.ashx?id=2981184&use=l&cat=p&typeid=i","cat":284726},{"id":235419,"n":"Lait en poudre Picot Expert 1er âge - 800g","p":16.0,"u":"20,00 €/KG","img":"https://fd5-photos.leclercdrive.fr/image.ashx?id=2925415&use=l&cat=p&typeid=i","cat":284726},{"id":235420,"n":"Lait en poudre Modilac Actigest LF+1 Bébé 2ème âge - 800g","p":15.94,"u":"19,93 €/KG","img":"https://fd5-photos.leclercdrive.fr/image.ashx?id=2981181&use=l&cat=p&typeid=i","cat":284727},{"id":235459,"n":"Goûter moelleux Tendrissime Cacao Noisette x8 - 264g","p":3.39,"u":"12,84 €/KG","img":"https://fd5-photos.leclercdrive.fr/image.ashx?id=2962461&use=l&cat=p&typeid=i","cat":284495},{"id":235544,"n":"Brosse à dent enfant Signal Extra-souple - 0-6 ans x3","p":5.47,"u":"1,82 €/P","img":"https://fd5-photos.leclercdrive.fr/image.ashx?id=2779091&use=l&cat=p&typeid=i","cat":288897},{"id":235545,"n":"Brosse à dent enfant Signal Super Mario - 6-13 ans - x3","p":5.47,"u":"1,82 €/P","img":"https://fd5-photos.leclercdrive.fr/image.ashx?id=2805951&use=l&cat=p&typeid=i","cat":288897},{"id":235632,"n":"Sucre vanilline La Patelière 75g","p":1.12,"u":"14,93 €/KG","img":"https://fd5-photos.leclercdrive.fr/image.ashx?id=3011263&use=l&cat=p&typeid=i","cat":284504},{"id":235639,"n":"Piment  Marcel Senchou cayenne - 43g","p":1.5,"u":"34,88 €/KG","img":"https://fd5-photos.leclercdrive.fr/image.ashx?id=2780277&use=l&cat=p&typeid=i","cat":298297},{"id":235655,"n":"Cassonade Saint Louis Equitable - 650g","p":2.69,"u":"4,14 €/KG","img":"https://fd5-photos.leclercdrive.fr/image.ashx?id=2780214&use=l&cat=p&typeid=i","cat":284502},{"id":235658,"n":"Herbes de provence Saint Lucie \"L'Originale Recette\" - 30g","p":1.58,"u":"52,67 €/KG","img":"https://fd5-photos.leclercdrive.fr/image.ashx?id=2968154&use=l&cat=p&typeid=i","cat":298297},{"id":235685,"n":"Lait bébé en poudre Calisma Gallia Croissance 12 mois 830g","p":10.52,"u":"12,67 €/KG","img":"https://fd5-photos.leclercdrive.fr/image.ashx?id=2794274&use=l&cat=p&typeid=i","cat":290219},{"id":235710,"n":"Chapelure Tablier Blanc 400g","p":0.88,"u":"2,20 €/KG","img":"https://fd5-photos.leclercdrive.fr/image.ashx?id=2793335&use=l&cat=p&typeid=i","cat":288382},{"id":235728,"n":"Pur Jus Gioia Clémentine Corse - 75cl","p":4.99,"u":"6,65 €/L","img":"https://fd5-photos.leclercdrive.fr/image.ashx?id=2815337&use=l&cat=p&typeid=i","cat":284915},{"id":235729,"n":"Pur Jus Gioia Clémentine Corse -25cl","p":2.55,"u":"10,20 €/L","img":"https://fd5-photos.leclercdrive.fr/image.ashx?id=2815340&use=l&cat=p&typeid=i","cat":284915},{"id":235730,"n":"Pur Jus Gioia Pomelo Corse - 25cl","p":2.75,"u":"11,00 €/L","img":"https://fd5-photos.leclercdrive.fr/image.ashx?id=2815334&use=l&cat=p&typeid=i","cat":284914},{"id":235731,"n":"Gioia pur jus de pomelos Corse Pomelo Corse - 75cl","p":4.99,"u":"6,65 €/L","img":"https://fd5-photos.leclercdrive.fr/image.ashx?id=2815331&use=l&cat=p&typeid=i","cat":284914},{"id":235766,"n":"Rape double action Scholl Cristaux de diamants - x1","p":6.44,"img":"https://fd5-photos.leclercdrive.fr/image.ashx?id=2980881&use=l&cat=p&typeid=i","cat":323852},{"id":235786,"n":"Tablette lave-vaisselle Visior Tout-en-un - x45 - 765g","p":5.27,"u":"6,89 €/KG","img":"https://fd5-photos.leclercdrive.fr/image.ashx?id=2954902&use=l&cat=p&typeid=i","cat":284656},{"id":235793,"n":"Dentifrice Junior Signal Menthe douce - 6-13 ans 75ml","p":2.62,"u":"34,93 €/L","img":"https://fd5-photos.leclercdrive.fr/image.ashx?id=2993502&use=l&cat=p&typeid=i","cat":288898},{"id":235796,"n":"Mouliné de légumes verts Régal 1L","p":1.88,"u":"1,88 €/L","img":"https://fd5-photos.leclercdrive.fr/image.ashx?id=2781007&use=l&cat=p&typeid=i","cat":284462},{"id":235802,"n":"Diffuseur électrique Insectivor Anti-moustique - +1 recharge","p":5.35,"img":"https://fd5-photos.leclercdrive.fr/image.ashx?id=2781004&use=l&cat=p&typeid=i","cat":298368},{"id":235821,"n":"Recharge diffuseur électrique Anti-moustique - x1","p":2.27,"img":"https://fd5-photos.leclercdrive.fr/image.ashx?id=2781052&use=l&cat=p&typeid=i","cat":298368},{"id":235828,"n":"Sac poubelle  Elembal Rectangle coulissant - 40L x 20","p":2.99,"u":"0,15 €/P","img":"https://fd5-photos.leclercdrive.fr/image.ashx?id=2793338&use=l&cat=p&typeid=i","cat":285168},{"id":235831,"n":"Brosse à dent électrique +1 Recharge Active Power","p":14.99,"img":"https://fd5-photos.leclercdrive.fr/image.ashx?id=2781049&use=l&cat=p&typeid=i","cat":297133},{"id":235842,"n":"Papier toilette Lotus L'essentiel - x6","p":2.73,"u":"0,46 €/P","img":"https://fd5-photos.leclercdrive.fr/image.ashx?id=2887245&use=l&cat=p&typeid=i","cat":284634},{"id":235861,"n":"Pack 2 cartouches Brita Filtrantes Maxtra Pro All-in-1","p":19.9,"img":"https://fd5-photos.leclercdrive.fr/image.ashx?id=2950549&use=l&cat=p&typeid=i","cat":334135},{"id":235863,"n":"Pack 4 cartouches Brita Filtrantes Maxtra Pro All-in-1","p":28.9,"img":"https://fd5-photos.leclercdrive.fr/image.ashx?id=2950552&use=l&cat=p&typeid=i","cat":334135},{"id":235864,"n":"Carafe filtrante Marella Brita Blanche - 2.4L - x1 recharge","p":21.9,"img":"https://fd5-photos.leclercdrive.fr/image.ashx?id=2878276&use=l&cat=p&typeid=i","cat":334135},{"id":235951,"n":"Frite classique Mc Cain Air Fryer - 600g","p":2.57,"u":"4,28 €/KG","img":"https://fd5-photos.leclercdrive.fr/image.ashx?id=2973345&use=l&cat=p&typeid=i","cat":319791},{"id":235952,"n":"Noisettes Mc Cain Air Fryer - 550g","p":2.84,"u":"5,16 €/KG","img":"https://fd5-photos.leclercdrive.fr/image.ashx?id=2878474&use=l&cat=p&typeid=i","cat":319792},{"id":236043,"n":"Beurre tendre Président Doux 82%MG - 500g","p":6.12,"u":"12,24 €/P","img":"https://fd5-photos.leclercdrive.fr/image.ashx?id=2792315&use=l&cat=p&typeid=i","cat":284379},{"id":236050,"n":"Lait bébé en poudre Calisma Gallia Junior Dès 18 mois 830g","p":10.59,"u":"12,76 €/KG","img":"https://fd5-photos.leclercdrive.fr/image.ashx?id=2907860&use=l&cat=p&typeid=i","cat":290219},{"id":236083,"n":"Boisson Monster Energy zero Ultra rosa - 50cl","p":1.66,"u":"3,32 €/L","img":"https://fd5-photos.leclercdrive.fr/image.ashx?id=2784465&use=l&cat=p&typeid=i","cat":284533},{"id":236096,"n":"Fromage Fouetté Saint Agur  130g","p":2.25,"u":"17,31 €/KG","img":"https://fd5-photos.leclercdrive.fr/image.ashx?id=2784818&use=l&cat=p&typeid=i","cat":314029},{"id":236121,"n":"Compote Andros La vie en orange 4x100g","p":1.49,"u":"3,73 €/KG","img":"https://fd5-photos.leclercdrive.fr/image.ashx?id=2990760&use=l&cat=p&typeid=i","cat":284416},{"id":236221,"n":"Brioche tressée Epi d'or nature - 600g","p":2.09,"u":"3,48 €/KG","img":"https://fd5-photos.leclercdrive.fr/image.ashx?id=2976297&use=l&cat=p&typeid=i","cat":284478},{"id":236231,"n":"Boisson énergisante Crazy Tiger Pomme - 1L","p":1.77,"u":"1,77 €/L","img":"https://fd5-photos.leclercdrive.fr/image.ashx?id=2792729&use=l&cat=p&typeid=i","cat":284533},{"id":236266,"n":"Boisson Monster Energy zero Ultra peachy keen - 50cl","p":1.66,"u":"3,32 €/L","img":"https://fd5-photos.leclercdrive.fr/image.ashx?id=2789116&use=l&cat=p&typeid=i","cat":284533},{"id":236389,"n":"Fromage raclette Entremont  Autrement bonne - 350g","p":5.09,"u":"14,54 €/KG","img":"https://fd5-photos.leclercdrive.fr/image.ashx?id=2980905&use=l&cat=p&typeid=i","cat":314037},{"id":236397,"n":"Franui Framboise  chocolat au lait - 150g","p":6.5,"u":"43,33 €/KG","img":"https://fd5-photos.leclercdrive.fr/image.ashx?id=3003441&use=l&cat=p&typeid=i","cat":284266},{"id":236398,"n":"Franui Framboise  chocolat noir - 150g","p":6.5,"u":"43,33 €/KG","img":"https://fd5-photos.leclercdrive.fr/image.ashx?id=3005371&use=l&cat=p&typeid=i","cat":284266},{"id":236595,"n":"Fromage rapé Leerdammer  Fruité fondant 150g","p":1.96,"u":"13,07 €/KG","img":"https://fd5-photos.leclercdrive.fr/image.ashx?id=2793578&use=l&cat=p&typeid=i","cat":314035},{"id":236619,"n":"Calendrier de l'Avent Chabert Et Guillot - Provence - 245g","p":10.57,"u":"43,14 €/KG","img":"https://fd5-photos.leclercdrive.fr/image.ashx?id=2794313&use=l&cat=p&typeid=i","cat":336112},{"id":236620,"n":"Pandoro Bauli 700g","p":7.36,"u":"10,51 €/KG","img":"https://fd5-photos.leclercdrive.fr/image.ashx?id=2938163&use=l&cat=p&typeid=i","cat":327607},{"id":236676,"n":"Bâtonnets Mikado Chocolat au lait - 6x100g","p":10.86,"u":"18,10 €/KG","img":"https://fd5-photos.leclercdrive.fr/image.ashx?id=2805885&use=l&cat=p&typeid=i","cat":284488},{"id":236696,"n":"Rasoir jetable Wilkinson Xtreme 3 - Black Edition - 4+2","p":6.15,"img":"https://fd5-photos.leclercdrive.fr/image.ashx?id=2849220&use=l&cat=p&typeid=i","cat":284616},{"id":236763,"n":"Eponge grattante verte Classic Nicols - x6","p":2.53,"u":"0,42 €/P","img":"https://fd5-photos.leclercdrive.fr/image.ashx?id=2819331&use=l&cat=p&typeid=i","cat":284667},{"id":236809,"n":"Pavé de saumon Eco+ 2x110g","p":4.99,"u":"22,68 €/KG","img":"https://fd5-photos.leclercdrive.fr/image.ashx?id=2796330&use=l&cat=p&typeid=i","cat":284342},{"id":236810,"n":"Pavé de saumon Eco+ 4x110g","p":8.99,"u":"20,43 €/KG","img":"https://fd5-photos.leclercdrive.fr/image.ashx?id=2796333&use=l&cat=p&typeid=i","cat":284342},{"id":236986,"n":"Marrons glacés Motta x15 - 255g","p":17.19,"u":"67,41 €/KG","img":"https://fd5-photos.leclercdrive.fr/image.ashx?id=2797530&use=l&cat=p&typeid=i","cat":327603},{"id":236991,"n":"Pandoro Bauli 1kg","p":11.2,"u":"11,20 €/KG","img":"https://fd5-photos.leclercdrive.fr/image.ashx?id=2875186&use=l&cat=p&typeid=i","cat":327607},{"id":236992,"n":"Pandoro Bauli Pépites chocolat noir - 750g","p":9.82,"u":"13,09 €/KG","img":"https://fd5-photos.leclercdrive.fr/image.ashx?id=2938157&use=l&cat=p&typeid=i","cat":327607},{"id":237036,"n":"Petits plaisirs Ferrero Rocher Mix 3 goûts - 200g","p":6.89,"u":"34,45 €/KG","img":"https://fd5-photos.leclercdrive.fr/image.ashx?id=2945017&use=l&cat=p&typeid=i","cat":327600},{"id":237040,"n":"Boîte Grand assortiment Ferrero Chocolat - x20 - 197g","p":8.68,"u":"44,06 €/KG","img":"https://fd5-photos.leclercdrive.fr/image.ashx?id=2909251&use=l&cat=p&typeid=i","cat":327595},{"id":237043,"n":"Calendrier de l'Avent Kinder & Friends - 370g","p":25.39,"u":"68,62 €/KG","img":"https://fd5-photos.leclercdrive.fr/image.ashx?id=2938100&use=l&cat=p&typeid=i","cat":336112},{"id":237054,"n":"Chaussette Kinder&Co Assortiment chocolat - 212g","p":9.35,"u":"44,10 €/KG","img":"https://fd5-photos.leclercdrive.fr/image.ashx?id=2899755&use=l&cat=p&typeid=i","cat":327592},{"id":237056,"n":"Chocolat Ferrero Collection Grand assortiment x42 - 441g","p":14.9,"u":"33,79 €/KG","img":"https://fd5-photos.leclercdrive.fr/image.ashx?id=2940540&use=l&cat=p&typeid=i","cat":327595},{"id":237057,"n":"Chocolat Ferrero Collection Grand assortiment x43 - 432g","p":14.9,"u":"34,49 €/KG","img":"https://fd5-photos.leclercdrive.fr/image.ashx?id=2940543&use=l&cat=p&typeid=i","cat":327595},{"id":237125,"n":"Les Bouchées Les Recettes de L'Atelier - Noir - 187g","p":7.72,"u":"41,28 €/KG","img":"https://fd5-photos.leclercdrive.fr/image.ashx?id=2797112&use=l&cat=p&typeid=i","cat":327595},{"id":237129,"n":"Les Bouchées Les Recettes de L'Atelier - Lait et noir - 398G","p":14.75,"pp":11.06,"u":"27,79 €/KG","img":"https://fd5-photos.leclercdrive.fr/image.ashx?id=2797106&use=l&cat=p&typeid=i","cat":327595},{"id":237137,"n":"Bouchées Les Recettes de L'Atelier - Noir - 401g","p":14.75,"pp":11.06,"u":"27,58 €/KG","img":"https://fd5-photos.leclercdrive.fr/image.ashx?id=2960102&use=l&cat=p&typeid=i","cat":327595},{"id":237140,"n":"L'escargot trio Lanvin Lait Amande Caramel - 362g","p":11.97,"u":"33,07 €/KG","img":"https://fd5-photos.leclercdrive.fr/image.ashx?id=2897405&use=l&cat=p&typeid=i","cat":327595},{"id":237156,"n":"Boîte chocolat Révillon Grand assortiment lait - 407g","p":13.41,"u":"32,95 €/KG","img":"https://fd5-photos.leclercdrive.fr/image.ashx?id=2900788&use=l&cat=p&typeid=i","cat":327595},{"id":237157,"n":"Boîte chocolat Révillon Grand Assortiment Noir 70% Lait 404g","p":14.28,"u":"35,35 €/KG","img":"https://fd5-photos.leclercdrive.fr/image.ashx?id=2900794&use=l&cat=p&typeid=i","cat":327595},{"id":237158,"n":"Boîte chocolat Révillon Noir 70% Lait Blanc - 409g","p":13.41,"u":"32,79 €/KG","img":"https://fd5-photos.leclercdrive.fr/image.ashx?id=2900797&use=l&cat=p&typeid=i","cat":327595},{"id":237159,"n":"Boîte chocolat Révillon Grand Assortiment Noir 70% - 409g","p":14.28,"u":"34,91 €/KG","img":"https://fd5-photos.leclercdrive.fr/image.ashx?id=2900791&use=l&cat=p&typeid=i","cat":327595},{"id":237837,"n":"Ouvre boite éco +","p":1.13,"img":"https://fd5-photos.leclercdrive.fr/image.ashx?id=2804777&use=l&cat=p&typeid=i","cat":334135},{"id":237839,"n":"Cartouches filtrantes Brita Maxtra pro Pack de 6","p":39.99,"img":"https://fd5-photos.leclercdrive.fr/image.ashx?id=2950555&use=l&cat=p&typeid=i","cat":334135},{"id":237851,"n":"Mini Flam's Coté table x12 - 360g","p":5.99,"u":"16,64 €/KG","img":"https://fd5-photos.leclercdrive.fr/image.ashx?id=2801282&use=l&cat=p&typeid=i","cat":319774},{"id":237859,"n":"Emulsion lavante intime  Saugella Dermoliquide- 750ml","p":10.76,"u":"14,35 €/L","img":"https://fd5-photos.leclercdrive.fr/image.ashx?id=2796354&use=l&cat=p&typeid=i","cat":301348},{"id":237865,"n":"Soin intime Hydralin  Calmant irritations - 2x200ml","p":12.59,"img":"https://fd5-photos.leclercdrive.fr/image.ashx?id=2796860&use=l&cat=p&typeid=i","cat":301348},{"id":237885,"n":"Candy canes Bob l'éponge Etoile de noël - 30g","p":1.5,"u":"50,00 €/KG","img":"https://fd5-photos.leclercdrive.fr/image.ashx?id=2803023&use=l&cat=p&typeid=i","cat":327789},{"id":237886,"n":"Candy canes Bored Ape Etoile de noël - 30g","p":1.5,"u":"50,00 €/KG","img":"https://fd5-photos.leclercdrive.fr/image.ashx?id=2803026&use=l&cat=p&typeid=i","cat":327789},{"id":237888,"n":"Candy canes Peppa Pig Etoile de noël - 30g","p":1.5,"u":"50,00 €/KG","img":"https://fd5-photos.leclercdrive.fr/image.ashx?id=2803032&use=l&cat=p&typeid=i","cat":327789},{"id":237889,"n":"Candy canes Tortue Ninja Etoile de noël - 30g","p":1.5,"u":"50,00 €/KG","img":"https://fd5-photos.leclercdrive.fr/image.ashx?id=2803035&use=l&cat=p&typeid=i","cat":327789},{"id":237931,"n":"Assortiment de chocolats belges Hamlet - 200g","p":6.89,"pp":4.55,"u":"22,75 €/KG","img":"https://fd5-photos.leclercdrive.fr/image.ashx?id=2797897&use=l&cat=p&typeid=i","cat":327595},{"id":237940,"n":"Pâtes Barilla Fusilloni  Al Bronzo - 500g","p":1.85,"u":"3,70 €/KG","img":"https://fd5-photos.leclercdrive.fr/image.ashx?id=2797906&use=l&cat=p&typeid=i","cat":284427},{"id":237950,"n":"Pâtes Barilla Linguine  Al Bronzo - 500g","p":1.85,"u":"3,70 €/KG","img":"https://fd5-photos.leclercdrive.fr/image.ashx?id=2798683&use=l&cat=p&typeid=i","cat":284427},{"id":238049,"n":"Glace en pot Ben & Jerry's Spectacu-love - 392g","p":3.91,"u":"9,97 €/KG","img":"https://fd5-photos.leclercdrive.fr/image.ashx?id=2910937&use=l&cat=p&typeid=i","cat":284725},{"id":238056,"n":"Pâtes Barilla Spaghettoni  Al Bronzo - 500g","p":1.85,"u":"3,70 €/KG","img":"https://fd5-photos.leclercdrive.fr/image.ashx?id=2798686&use=l&cat=p&typeid=i","cat":284427},{"id":238073,"n":"Soda Coca-Cola Sans Sucres Bouteille - Pack 6x50CL","p":4.97,"u":"1,66 €/L","img":"https://fd5-photos.leclercdrive.fr/image.ashx?id=2860532&use=l&cat=p&typeid=i","cat":284530},{"id":238167,"n":"Whisky Aberlour Triple Cast 40% 70cl","p":36.83,"u":"52,61 €/L","img":"https://fd5-photos.leclercdrive.fr/image.ashx?id=2999006&use=l&cat=p&typeid=i","cat":284547},{"id":238172,"n":"Nettoyant concentré Mixa Perfecteur de pores 2x15cl","p":8.31,"u":"27,70 €/L","img":"https://fd5-photos.leclercdrive.fr/image.ashx?id=2919760&use=l&cat=p&typeid=i","cat":284603},{"id":238174,"n":"Nettoyant concentré Mixa Hydratant Lot de 2 - 2x15cl","p":8.9,"u":"29,67 €/L","img":"https://fd5-photos.leclercdrive.fr/image.ashx?id=2919763&use=l&cat=p&typeid=i","cat":284603},{"id":238264,"n":"Chocolats Caffarel Noisettes - 200g","p":10.95,"pp":7.23,"u":"36,15 €/KG","img":"https://fd5-photos.leclercdrive.fr/image.ashx?id=2872204&use=l&cat=p&typeid=i","cat":327595},{"id":238313,"n":"Nouilles Tables du Monde Curry - 3x65g","p":1.39,"u":"7,13 €/KG","img":"https://fd5-photos.leclercdrive.fr/image.ashx?id=2799850&use=l&cat=p&typeid=i","cat":288992},{"id":238377,"n":"Mousse à raser Wilkinson 200ml","p":2.65,"u":"13,25 €/L","img":"https://fd5-photos.leclercdrive.fr/image.ashx?id=2801252&use=l&cat=p&typeid=i","cat":284617},{"id":238378,"n":"Gel à raser Wilkinson 200ml","p":3.0,"u":"15,00 €/L","img":"https://fd5-photos.leclercdrive.fr/image.ashx?id=2801255&use=l&cat=p&typeid=i","cat":284617},{"id":238410,"n":"Pancakes bio Yooji pour bébé Carotte et Maïs 120g","p":3.94,"u":"32,83 €/KG","img":"https://fd5-photos.leclercdrive.fr/image.ashx?id=2800950&use=l&cat=p&typeid=i","cat":290631},{"id":238411,"n":"Pancakes bio Yooji pour bébé Petit pois epinard 120g","p":3.63,"u":"30,25 €/KG","img":"https://fd5-photos.leclercdrive.fr/image.ashx?id=2800953&use=l&cat=p&typeid=i","cat":290631},{"id":238415,"n":"Pancakes bio Yooji pour bébé Banane 120g","p":3.02,"u":"25,17 €/KG","img":"https://fd5-photos.leclercdrive.fr/image.ashx?id=2800956&use=l&cat=p&typeid=i","cat":312394},{"id":238422,"n":"Eau minérale Wattwiller 50cl","p":0.47,"u":"0,94 €/L","img":"https://fd5-photos.leclercdrive.fr/image.ashx?id=2801138&use=l&cat=p&typeid=i","cat":284535},{"id":238429,"n":"Chocolat au lait Tablette d'Or caramel beurre salé 180g","p":2.49,"u":"13,83 €/KG","img":"https://fd5-photos.leclercdrive.fr/image.ashx?id=2800758&use=l&cat=p&typeid=i","cat":284497},{"id":238430,"n":"Bâtonnets Popelino Chocolat Noisettes du Piemont 4x78g","p":4.43,"u":"14,20 €/KG","img":"https://fd5-photos.leclercdrive.fr/image.ashx?id=2848313&use=l&cat=p&typeid=i","cat":284265},{"id":238431,"n":"Bâtonnets Popelino Choco blanc pistache de Sicile 4x78g","p":4.91,"u":"15,74 €/KG","img":"https://fd5-photos.leclercdrive.fr/image.ashx?id=2848316&use=l&cat=p&typeid=i","cat":284265},{"id":238520,"n":"Cold Cream Uriage Crème protectrice -100ml","p":9.25,"u":"92,50 €/L","img":"https://fd5-photos.leclercdrive.fr/image.ashx?id=2854630&use=l&cat=p&typeid=i","cat":291171},{"id":238530,"n":"Ravioli Lustucru Selection  4 fromages - 310g","p":1.72,"u":"5,55 €/KG","img":"https://fd5-photos.leclercdrive.fr/image.ashx?id=2962524&use=l&cat=p&typeid=i","cat":333682},{"id":238565,"n":"Compotes gourdes Pom'Potes Multivariétés - 64x90g","p":28.39,"pp":19.87,"u":"3,45 €/KG","img":"https://fd5-photos.leclercdrive.fr/image.ashx?id=2977270&use=l&cat=p&typeid=i","cat":284508},{"id":238567,"n":"Masque cheveux Fructis Garnier Longueur & glow Ananas - 320ml","p":6.3,"u":"19,69 €/L","img":"https://fd5-photos.leclercdrive.fr/image.ashx?id=2802129&use=l&cat=p&typeid=i","cat":284608},{"id":238706,"n":"Coffret Bois Noël Provençal 10 marrons glacés - 200g","p":15.64,"u":"78,20 €/KG","img":"https://fd5-photos.leclercdrive.fr/image.ashx?id=2802530&use=l&cat=p&typeid=i","cat":327603},{"id":238734,"n":"Sarment chocolat  lait  caramel Mademoiselle de Margaux - 150g","p":5.35,"u":"35,67 €/KG","img":"https://fd5-photos.leclercdrive.fr/image.ashx?id=2802560&use=l&cat=p&typeid=i","cat":327601},{"id":238755,"n":"Crème légère fluide UHT 25% Président - 50cl","p":2.5,"u":"5,00 €/L","img":"https://fd5-photos.leclercdrive.fr/image.ashx?id=2996584&use=l&cat=p&typeid=i","cat":284381},{"id":238758,"n":"Crème légère fluide UHT 12% Bridélice - 50cl","p":1.79,"u":"3,58 €/L","img":"https://fd5-photos.leclercdrive.fr/image.ashx?id=2994470&use=l&cat=p&typeid=i","cat":284381},{"id":238785,"n":"Jambon Le tranché fin  Dégustation 4 tranches 120g","p":2.39,"u":"19,92 €/KG","img":"https://fd5-photos.leclercdrive.fr/image.ashx?id=2889298&use=l&cat=p&typeid=i","cat":316009},{"id":238796,"n":"Menus Gourmands Viande en  gelée Tous mes Amis - 48x100g","p":13.95,"u":"2,91 €/KG","img":"https://fd5-photos.leclercdrive.fr/image.ashx?id=2820007&use=l&cat=p&typeid=i","cat":285286},{"id":238872,"n":"Quinoa facile Lustucru 300g","p":2.2,"u":"7,33 €/KG","img":"https://fd5-photos.leclercdrive.fr/image.ashx?id=2804565&use=l&cat=p&typeid=i","cat":284429},{"id":238894,"n":"Pilon de poulet blanc Eco+ 1kg","p":4.74,"u":"4,74 €/KG","img":"https://fd5-photos.leclercdrive.fr/image.ashx?id=2804166&use=l&cat=p&typeid=i","cat":284336},{"id":238895,"n":"Pilon de poulet jaune Eco+ 1kg","p":4.74,"u":"4,74 €/KG","img":"https://fd5-photos.leclercdrive.fr/image.ashx?id=2804169&use=l&cat=p&typeid=i","cat":284336},{"id":238899,"n":"Yaourt protéiné Skyr Yoplait Vanille 0%Mg - 450g","p":2.59,"u":"5,76 €/KG","img":"https://fd5-photos.leclercdrive.fr/image.ashx?id=2884447&use=l&cat=p&typeid=i","cat":315000},{"id":238951,"n":"Garam Masala Bio Ethiquable Sri Lanka - 40g","p":3.39,"u":"84,75 €/KG","img":"https://fd5-photos.leclercdrive.fr/image.ashx?id=2876902&use=l&cat=p&typeid=i","cat":298297},{"id":238953,"n":"Ras El Hanout Bio Ethiquable Tunisie - 40g","p":3.32,"u":"83,00 €/KG","img":"https://fd5-photos.leclercdrive.fr/image.ashx?id=2876899&use=l&cat=p&typeid=i","cat":298297},{"id":238984,"n":"Rasoir Tondeuse Carré Homme Hybride +1 recharge","p":17.9,"u":"17,90 €/PRT","img":"https://fd5-photos.leclercdrive.fr/image.ashx?id=2804072&use=l&cat=p&typeid=i","cat":284616},{"id":238985,"n":"Recharge rasoir tondeuse Hybride - Carré homme","p":8.99,"img":"https://fd5-photos.leclercdrive.fr/image.ashx?id=2804075&use=l&cat=p&typeid=i","cat":284616},{"id":239016,"n":"Compote La vie en jaune Andros - 4x100g","p":1.73,"u":"4,33 €/KG","img":"https://fd5-photos.leclercdrive.fr/image.ashx?id=2908189&use=l&cat=p&typeid=i","cat":284416},{"id":239059,"n":"Foie gras canard Labeyrie Entier - 190g","p":29.05,"u":"152,89 €/KG","img":"https://fd5-photos.leclercdrive.fr/image.ashx?id=2805147&use=l&cat=p&typeid=i","cat":316008},{"id":239101,"n":"Riz Thaï Taureau Ailé 1kg","p":2.99,"u":"2,99 €/KG","img":"https://fd5-photos.leclercdrive.fr/image.ashx?id=2805558&use=l&cat=p&typeid=i","cat":284428},{"id":239183,"n":"Jus multifruits Abc Eco+ 1L","p":1.11,"u":"1,11 €/L","img":"https://fd5-photos.leclercdrive.fr/image.ashx?id=2804840&use=l&cat=p&typeid=i","cat":284917},{"id":239205,"n":"Coloration Palette N°800 Châtain foncé x1","p":3.72,"img":"https://fd5-photos.leclercdrive.fr/image.ashx?id=2817476&use=l&cat=p&typeid=i","cat":288899},{"id":239206,"n":"Coloration Palette N°900 Noir - x1","p":3.71,"img":"https://fd5-photos.leclercdrive.fr/image.ashx?id=2817479&use=l&cat=p&typeid=i","cat":288899},{"id":239207,"n":"Coloration Palette N°909 Noir bleuté - x1","p":4.13,"img":"https://fd5-photos.leclercdrive.fr/image.ashx?id=2911294&use=l&cat=p&typeid=i","cat":288899},{"id":239208,"n":"Lessive capsules Le Chat  Disc Expert 4 en 1 x25 - 413g","p":8.23,"u":"19,98 €/KG","img":"https://fd5-photos.leclercdrive.fr/image.ashx?id=2936125&use=l&cat=p&typeid=i","cat":284641},{"id":239211,"n":"Huile Essentielle So Bio Etic  Eucalyptus Globuleux Bio - 12ml","p":3.59,"u":"299,17 €/MT","img":"https://fd5-photos.leclercdrive.fr/image.ashx?id=2805456&use=l&cat=p&typeid=i","cat":284630},{"id":239213,"n":"Huile Essentielle So Bio Etic Arbre à thé Bio - 12ml","p":5.09,"u":"424,17 €/L","img":"https://fd5-photos.leclercdrive.fr/image.ashx?id=2805459&use=l&cat=p&typeid=i","cat":284630},{"id":239215,"n":"Huile Essentielle So Bio Etic Menthe poivrée Bio - 10ml","p":7.18,"u":"718,00 €/L","img":"https://fd5-photos.leclercdrive.fr/image.ashx?id=2805462&use=l&cat=p&typeid=i","cat":284630},{"id":239218,"n":"Lingettes Décolor Stop  Anti-décoloration x52","p":7.1,"u":"0,14 €/P","img":"https://fd5-photos.leclercdrive.fr/image.ashx?id=2805264&use=l&cat=p&typeid=i","cat":290450},{"id":239220,"n":"Bain de Bouche Listerine Haleine Fraiche 500ml","p":4.36,"u":"8,72 €/L","img":"https://fd5-photos.leclercdrive.fr/image.ashx?id=2806309&use=l&cat=p&typeid=i","cat":284613},{"id":239221,"n":"Bain de Bouche Listerine Total Care 10 en 1-500ml","p":5.47,"u":"10,94 €/L","img":"https://fd5-photos.leclercdrive.fr/image.ashx?id=2806312&use=l&cat=p&typeid=i","cat":284613},{"id":239223,"n":"Bain de bouche Listerine Total Care - Sans alcool 500ml","p":4.58,"u":"9,16 €/L","img":"https://fd5-photos.leclercdrive.fr/image.ashx?id=2806315&use=l&cat=p&typeid=i","cat":284613},{"id":239226,"n":"Adoucissant recharge Soupline à diluer Grand Air - 600ml","p":2.37,"u":"3,95 €/L","img":"https://fd5-photos.leclercdrive.fr/image.ashx?id=2957314&use=l&cat=p&typeid=i","cat":284650},{"id":239227,"n":"Adoucissant recharge Soupline à diluer Hypoallergénique 600ml","p":2.59,"u":"4,32 €/L","img":"https://fd5-photos.leclercdrive.fr/image.ashx?id=2813546&use=l&cat=p&typeid=i","cat":284650},{"id":239228,"n":"Adoucissant recharge Soupline à diluer Moment Magique-600ml","p":2.64,"u":"4,40 €/L","img":"https://fd5-photos.leclercdrive.fr/image.ashx?id=2863027&use=l&cat=p&typeid=i","cat":284650},{"id":239229,"n":"Brume de linge Soupline spray Grand Air - 300ml","p":5.6,"u":"18,67 €/L","img":"https://fd5-photos.leclercdrive.fr/image.ashx?id=2866202&use=l&cat=p&typeid=i","cat":325302},{"id":239230,"n":"Recharge liquide vaisselle Paic Excel 2 - Dégraissant - 900ml","p":3.47,"u":"3,86 €/L","img":"https://fd5-photos.leclercdrive.fr/image.ashx?id=2835586&use=l&cat=p&typeid=i","cat":284655},{"id":239231,"n":"Dentifrice Sensitive Elmex Blancheur - 75ml","p":5.51,"u":"73,47 €/L","img":"https://fd5-photos.leclercdrive.fr/image.ashx?id=2806447&use=l&cat=p&typeid=i","cat":284612},{"id":239232,"n":"Dentifrice Colgate Active Blancheur - 75ml","p":2.53,"u":"33,73 €/L","img":"https://fd5-photos.leclercdrive.fr/image.ashx?id=2814623&use=l&cat=p&typeid=i","cat":284612},{"id":239233,"n":"Dentifrice Colgate Soin complet - 75ml","p":2.51,"u":"33,47 €/L","img":"https://fd5-photos.leclercdrive.fr/image.ashx?id=2836196&use=l&cat=p&typeid=i","cat":284612},{"id":239234,"n":"Dentifrice Colgate Total Résistance de l'émail 75ml","p":2.59,"u":"34,53 €/L","img":"https://fd5-photos.leclercdrive.fr/image.ashx?id=2832578&use=l&cat=p&typeid=i","cat":284612},{"id":239235,"n":"Lingettes bébé Biolane Pure water - x48","p":3.19,"img":"https://fd5-photos.leclercdrive.fr/image.ashx?id=2877907&use=l&cat=p&typeid=i","cat":284738},{"id":239236,"n":"Lingettes pocket bébé Biolane Visage et mains - x20","p":1.85,"img":"https://fd5-photos.leclercdrive.fr/image.ashx?id=2806195&use=l&cat=p&typeid=i","cat":284738},{"id":239237,"n":"Couches bébé Mots d'enfant Taille 3 - 4-9kg - x104","p":12.67,"u":"12,67 €/PRT","img":"https://fd5-photos.leclercdrive.fr/image.ashx?id=2922439&use=l&cat=p&typeid=i","cat":284737},{"id":239239,"n":"Couches bébé Mots d'enfant Taille 4 - 7-18kg - x92","p":12.67,"img":"https://fd5-photos.leclercdrive.fr/image.ashx?id=2922442&use=l&cat=p&typeid=i","cat":284737},{"id":239241,"n":"Couches bébé Mots d'enfant Taille 4+ - 9-20kg - x88","p":12.67,"img":"https://fd5-photos.leclercdrive.fr/image.ashx?id=2922445&use=l&cat=p&typeid=i","cat":284737},{"id":239242,"n":"Couches bébé Mots d'enfant Taille 5 - 11-25kg - x84","p":12.67,"u":"0,15 €/P","img":"https://fd5-photos.leclercdrive.fr/image.ashx?id=2922448&use=l&cat=p&typeid=i","cat":284737},{"id":239247,"n":"Cartouches filtrantes Brita Maxtra pro Anti-tartre Pack 2","p":22.9,"u":"22,90 €/PRT","img":"https://fd5-photos.leclercdrive.fr/image.ashx?id=2950558&use=l&cat=p&typeid=i","cat":334135},{"id":239249,"n":"Carafe filtrante Aluna Brita Maxtra Pro - Blanche 2 mois","p":25.9,"img":"https://fd5-photos.leclercdrive.fr/image.ashx?id=2806393&use=l&cat=p&typeid=i","cat":334135},{"id":239254,"n":"Filet de poulet jaune Maitre Coq nourri mais 300g","p":4.81,"u":"16,03 €/KG","img":"https://fd5-photos.leclercdrive.fr/image.ashx?id=2856100&use=l&cat=p&typeid=i","cat":284336},{"id":239371,"n":"Capsules café L'Or Espresso Supremo N°10 x50","p":14.3,"u":"55,00 €/KG","img":"https://fd5-photos.leclercdrive.fr/image.ashx?id=3000480&use=l&cat=p&typeid=i","cat":284749},{"id":239478,"n":"Burger Géant Jacquet Nature x4 - 330g","p":1.02,"u":"3,09 €/KG","img":"https://fd5-photos.leclercdrive.fr/image.ashx?id=3010981&use=l&cat=p&typeid=i","cat":325067},{"id":239480,"n":"Burger Géant Jacquet Farine complète x4 - 330g","p":1.35,"u":"4,09 €/KG","img":"https://fd5-photos.leclercdrive.fr/image.ashx?id=2973544&use=l&cat=p&typeid=i","cat":325067},{"id":239504,"n":"Burger Géant Jacquet Nature x6 - 495g","p":1.41,"u":"2,85 €/KG","img":"https://fd5-photos.leclercdrive.fr/image.ashx?id=2991876&use=l&cat=p&typeid=i","cat":325067},{"id":239744,"n":"Marrons glacés Frutignac x12 - 240g","p":17.21,"u":"71,71 €/KG","img":"https://fd5-photos.leclercdrive.fr/image.ashx?id=2871970&use=l&cat=p&typeid=i","cat":327603},{"id":239864,"n":"Velouté Liebig 12 legumes - 2x30cl","p":1.75,"u":"2,92 €/L","img":"https://fd5-photos.leclercdrive.fr/image.ashx?id=2923513&use=l&cat=p&typeid=i","cat":284462},{"id":239867,"n":"Soupe Légumes du Soleil Knorr - 600ml","p":2.61,"u":"4,35 €/L","img":"https://fd5-photos.leclercdrive.fr/image.ashx?id=2953079&use=l&cat=p&typeid=i","cat":284462},{"id":239871,"n":"Soupe Douceur à l'Italienne Knorr - 600ml","p":2.75,"u":"4,58 €/L","img":"https://fd5-photos.leclercdrive.fr/image.ashx?id=2950906&use=l&cat=p&typeid=i","cat":284462},{"id":239879,"n":"Soupe Liebig Legumes lait de coco - 1L","p":3.59,"u":"3,59 €/L","img":"https://fd5-photos.leclercdrive.fr/image.ashx?id=2810639&use=l&cat=p&typeid=i","cat":284462},{"id":239881,"n":"Soupe Douceur de 8 légumes Knorr - 1L","p":2.84,"u":"2,84 €/L","img":"https://fd5-photos.leclercdrive.fr/image.ashx?id=2944509&use=l&cat=p&typeid=i","cat":284462},{"id":239883,"n":"Velouté Eco+ Poireaux pomme de terre","p":0.87,"u":"0,87 €/L","img":"https://fd5-photos.leclercdrive.fr/image.ashx?id=2808724&use=l&cat=p&typeid=i","cat":284462},{"id":239888,"n":"Bouillon Maggi Tomate vermicelle - 70g","p":0.6,"u":"8,57 €/KG","img":"https://fd5-photos.leclercdrive.fr/image.ashx?id=2811713&use=l&cat=p&typeid=i","cat":288379},{"id":239889,"n":"Soupe Douceur d'Automne Knorr - 2x30cl","p":2.38,"u":"3,97 €/L","img":"https://fd5-photos.leclercdrive.fr/image.ashx?id=2953076&use=l&cat=p&typeid=i","cat":284462},{"id":239891,"n":"Poule aux vermicelles Maggi 65g","p":0.55,"u":"8,46 €/KG","img":"https://fd5-photos.leclercdrive.fr/image.ashx?id=2811716&use=l&cat=p&typeid=i","cat":288379},{"id":239897,"n":"Velouté de poireaux Royco  pomme de terre x3 - 80cl","p":1.43,"u":"1,79 €/L","img":"https://fd5-photos.leclercdrive.fr/image.ashx?id=2810642&use=l&cat=p&typeid=i","cat":293527},{"id":239899,"n":"Plat Bledina Boeuf et carotte - 200g","p":2.58,"u":"12,90 €/KG","img":"https://fd5-photos.leclercdrive.fr/image.ashx?id=2866307&use=l&cat=p&typeid=i","cat":312238},{"id":239902,"n":"Saumon en croûte Côté Table 700g","p":7.49,"u":"10,70 €/KG","img":"https://fd5-photos.leclercdrive.fr/image.ashx?id=2808733&use=l&cat=p&typeid=i","cat":319776},{"id":239903,"n":"Bonbons  Copains  Copines Mini sucettes - 168g","p":2.19,"u":"13,04 €/KG","img":"https://fd5-photos.leclercdrive.fr/image.ashx?id=2934796&use=l&cat=p&typeid=i","cat":304250},{"id":239905,"n":"Nouilles Tables du Monde Legumes - 3x65g","p":1.39,"u":"7,13 €/KG","img":"https://fd5-photos.leclercdrive.fr/image.ashx?id=2808727&use=l&cat=p&typeid=i","cat":288992},{"id":239928,"n":"Pâte à tartinerLotus Speculoos crunchy Biscoff 390g","p":3.52,"u":"9,03 €/KG","img":"https://fd5-photos.leclercdrive.fr/image.ashx?id=2811575&use=l&cat=p&typeid=i","cat":284481},{"id":239931,"n":"Petits Pots Lemoncelo Citron de Corse - 2x160ml","p":4.11,"u":"12,84 €/L","img":"https://fd5-photos.leclercdrive.fr/image.ashx?id=2811347&use=l&cat=p&typeid=i","cat":284266},{"id":239942,"n":"Bols parmentier Bledina Carottes boeuf - 2x200g","p":2.56,"u":"6,40 €/KG","img":"https://fd5-photos.leclercdrive.fr/image.ashx?id=2975125&use=l&cat=p&typeid=i","cat":312235},{"id":239944,"n":"Bols écrasé Bledina Petits pois riz cabillaud 400g","p":2.32,"u":"5,80 €/KG","img":"https://fd5-photos.leclercdrive.fr/image.ashx?id=2975128&use=l&cat=p&typeid=i","cat":312236},{"id":239945,"n":"Gourdes Bledina Fruits multivariété - 720g","p":6.78,"u":"9,42 €/KG","img":"https://fd5-photos.leclercdrive.fr/image.ashx?id=2810654&use=l&cat=p&typeid=i","cat":312393},{"id":239953,"n":"Chocolat noir Excellence Lindt 3 graines - 100g","p":2.75,"u":"2,75 €/L","img":"https://fd5-photos.leclercdrive.fr/image.ashx?id=2810675&use=l&cat=p&typeid=i","cat":284499},{"id":239960,"n":"Sauce provencale Eco+ 390g","p":0.87,"u":"2,23 €/KG","img":"https://fd5-photos.leclercdrive.fr/image.ashx?id=2808964&use=l&cat=p&typeid=i","cat":299047},{"id":239981,"n":"Sauce napolitaine Eco+ 390g","p":0.97,"u":"2,49 €/KG","img":"https://fd5-photos.leclercdrive.fr/image.ashx?id=2809172&use=l&cat=p&typeid=i","cat":299047},{"id":240103,"n":"Lessive Disc Le Chat Rosée du matin - 627g x38","p":14.87,"u":"23,72 €/KG","img":"https://fd5-photos.leclercdrive.fr/image.ashx?id=2810810&use=l&cat=p&typeid=i","cat":284641},{"id":240106,"n":"Lessive Mono-doses - x20 Uni vert","p":5.65,"img":"https://fd5-photos.leclercdrive.fr/image.ashx?id=2842322&use=l&cat=p&typeid=i","cat":284641},{"id":240121,"n":"Lessive liquide Super Croix Japon - 5.76L - 3x42 lavages","p":39.18,"u":"6,91 €/L","img":"https://fd5-photos.leclercdrive.fr/image.ashx?id=2811398&use=l&cat=p&typeid=i","cat":284640},{"id":240234,"n":"Bûche glacée Pilpa Duo de Vanilles - 535g","p":5.27,"u":"9,85 €/KG","img":"https://fd5-photos.leclercdrive.fr/image.ashx?id=2812765&use=l&cat=p&typeid=i","cat":284266},{"id":240338,"n":"Laque Elnett Fixation normale  200ml","p":5.61,"u":"28,05 €/L","img":"https://fd5-photos.leclercdrive.fr/image.ashx?id=2814064&use=l&cat=p&typeid=i","cat":284609},{"id":240425,"n":"Soda à l'orange Orangina 1,5L","p":1.87,"u":"1,25 €/L","img":"https://fd5-photos.leclercdrive.fr/image.ashx?id=2946499&use=l&cat=p&typeid=i","cat":284532},{"id":240426,"n":"Soda à l'orange Orangina 2x1,5L","p":4.22,"u":"1,41 €/L","img":"https://fd5-photos.leclercdrive.fr/image.ashx?id=2812690&use=l&cat=p&typeid=i","cat":284532},{"id":240427,"n":"Soda à l'orange Orangina 12x33cl","p":8.29,"u":"2,09 €/L","img":"https://fd5-photos.leclercdrive.fr/image.ashx?id=2946505&use=l&cat=p&typeid=i","cat":284532},{"id":240428,"n":"Soda à l'orange Orangina 6x33cl","p":3.86,"u":"1,95 €/L","img":"https://fd5-photos.leclercdrive.fr/image.ashx?id=2946502&use=l&cat=p&typeid=i","cat":284532},{"id":240482,"n":"Riz basmati Lustucru 10min - 5x180g","p":3.19,"u":"3,54 €/KG","img":"https://fd5-photos.leclercdrive.fr/image.ashx?id=2814163&use=l&cat=p&typeid=i","cat":284428},{"id":240623,"n":"Laque fixation forte Elnett 200ml","p":5.66,"u":"28,30 €/L","img":"https://fd5-photos.leclercdrive.fr/image.ashx?id=2828013&use=l&cat=p&typeid=i","cat":284609},{"id":240842,"n":"Skyr nature Délisse 4x100g","p":1.72,"u":"4,30 €/KG","img":"https://fd5-photos.leclercdrive.fr/image.ashx?id=2992588&use=l&cat=p&typeid=i","cat":315000},{"id":240843,"n":"Skyr nature Délisse 850g","p":2.75,"u":"3,24 €/KG","img":"https://fd5-photos.leclercdrive.fr/image.ashx?id=2992600&use=l&cat=p&typeid=i","cat":315000},{"id":240848,"n":"Girolles sauvages entières L'Origine du Goût 300g","p":4.85,"u":"16,17 €/KG","img":"https://fd5-photos.leclercdrive.fr/image.ashx?id=2814713&use=l&cat=p&typeid=i","cat":319805},{"id":240850,"n":"Tomme de Savoie IGP L'Atelier Fromagerie 200g","p":3.46,"u":"17,30 €/KG","img":"https://fd5-photos.leclercdrive.fr/image.ashx?id=2814716&use=l&cat=p&typeid=i","cat":329184},{"id":240852,"n":"Cèpes morceaux L'Origine du Goût 300g","p":4.05,"u":"13,50 €/KG","img":"https://fd5-photos.leclercdrive.fr/image.ashx?id=2814917&use=l&cat=p&typeid=i","cat":319805},{"id":240867,"n":"Frites classiques Pom'lisse  2kg","p":3.69,"u":"1,85 €/KG","img":"https://fd5-photos.leclercdrive.fr/image.ashx?id=2814890&use=l&cat=p&typeid=i","cat":319791},{"id":240889,"n":"Oeufs de lompe Labeyrie  MSC 80g","p":4.17,"u":"52,13 €/KG","img":"https://fd5-photos.leclercdrive.fr/image.ashx?id=2817602&use=l&cat=p&typeid=i","cat":285191},{"id":240919,"n":"Morilles sauvages entières L'Origine du Goût 150g","p":5.99,"u":"39,93 €/KG","img":"https://fd5-photos.leclercdrive.fr/image.ashx?id=2814968&use=l&cat=p&typeid=i","cat":319805},{"id":241099,"n":"Nouilles asiatiques Maggi Pad Thai - 128g","p":1.79,"u":"13,98 €/KG","img":"https://fd5-photos.leclercdrive.fr/image.ashx?id=2899776&use=l&cat=p&typeid=i","cat":288992},{"id":241210,"n":"Dentifrice Enfants Signal  Super Mario - Fruité - 75ml","p":2.62,"u":"34,93 €/L","img":"https://fd5-photos.leclercdrive.fr/image.ashx?id=2993173&use=l&cat=p&typeid=i","cat":288898},{"id":241211,"n":"Dentifrice Enfants Signal Super Mario - Fraise - 75ml","p":2.67,"u":"35,60 €/L","img":"https://fd5-photos.leclercdrive.fr/image.ashx?id=2987047&use=l&cat=p&typeid=i","cat":288898},{"id":241387,"n":"Pizza E Pizze Nustrale Regina Figatelu - 450g","p":6.49,"u":"14,42 €/KG","img":"https://fd5-photos.leclercdrive.fr/image.ashx?id=2818674&use=l&cat=p&typeid=i","cat":284256},{"id":241653,"n":"Riz parfumé Taureau ailé 500g","p":1.92,"u":"3,84 €/KG","img":"https://fd5-photos.leclercdrive.fr/image.ashx?id=2828343&use=l&cat=p&typeid=i","cat":284428},{"id":241657,"n":"Riz Thai Taureau ailé 500g","p":2.17,"u":"4,34 €/KG","img":"https://fd5-photos.leclercdrive.fr/image.ashx?id=2828340&use=l&cat=p&typeid=i","cat":284428},{"id":241912,"n":"Couches Culottes Huggies Pull-ups - T5 - x24","p":10.01,"img":"https://fd5-photos.leclercdrive.fr/image.ashx?id=2844721&use=l&cat=p&typeid=i","cat":290633},{"id":241915,"n":"Couches culottes Huggies Pull-ups - Taille 6 - x20","p":10.07,"img":"https://fd5-photos.leclercdrive.fr/image.ashx?id=2844724&use=l&cat=p&typeid=i","cat":290633},{"id":241921,"n":"Panettone al Limone Tradizioni d'Italia - 500g","p":7.99,"u":"15,98 €/KG","img":"https://fd5-photos.leclercdrive.fr/image.ashx?id=2820290&use=l&cat=p&typeid=i","cat":293600},{"id":241973,"n":"Noisette décortiquée Corse 250g","p":8.99,"u":"35,96 €/KG","img":"https://fd5-photos.leclercdrive.fr/image.ashx?id=2821661&use=l&cat=p&typeid=i","cat":284357},{"id":242214,"n":"Bloc WC Bref Deluxe  Magnolia précieux 2+1","p":2.88,"u":"0,96 €/P","img":"https://fd5-photos.leclercdrive.fr/image.ashx?id=2965022&use=l&cat=p&typeid=i","cat":284662},{"id":242218,"n":"Lingettes Mixa bébé au lait x80","p":2.93,"u":"0,04 €/P","img":"https://fd5-photos.leclercdrive.fr/image.ashx?id=2828079&use=l&cat=p&typeid=i","cat":284738},{"id":242220,"n":"Lingettes Mixa bébé  eau minérale x48","p":3.23,"u":"0,07 €/P","img":"https://fd5-photos.leclercdrive.fr/image.ashx?id=2828082&use=l&cat=p&typeid=i","cat":284738},{"id":242222,"n":"Lingettes Mixa bébé  eau nettoyante x80","p":3.09,"u":"0,04 €/P","img":"https://fd5-photos.leclercdrive.fr/image.ashx?id=2828085&use=l&cat=p&typeid=i","cat":284738},{"id":242226,"n":"Déodorant Mixa Anti-transpirant 48h","p":2.55,"u":"51,00 €/L","img":"https://fd5-photos.leclercdrive.fr/image.ashx?id=2869116&use=l&cat=p&typeid=i","cat":284595},{"id":242229,"n":"Lingettes Mixa bébé Physio x48","p":3.58,"u":"0,07 €/P","img":"https://fd5-photos.leclercdrive.fr/image.ashx?id=2828088&use=l&cat=p&typeid=i","cat":284738},{"id":242235,"n":"Lingettes bébé Cadum  Ultra-douces x48","p":3.81,"u":"0,04 €/P","img":"https://fd5-photos.leclercdrive.fr/image.ashx?id=2828091&use=l&cat=p&typeid=i","cat":284738},{"id":242258,"n":"Laque Elnett 300ml","p":7.99,"u":"26,63 €/L","img":"https://fd5-photos.leclercdrive.fr/image.ashx?id=2828019&use=l&cat=p&typeid=i","cat":284609},{"id":242259,"n":"Laque Elnett fixation forte 300ml","p":8.11,"u":"27,03 €/L","img":"https://fd5-photos.leclercdrive.fr/image.ashx?id=2828016&use=l&cat=p&typeid=i","cat":284609},{"id":242261,"n":"Laque Elnett Fixation normale 400ml","p":8.83,"u":"22,08 €/L","img":"https://fd5-photos.leclercdrive.fr/image.ashx?id=2828025&use=l&cat=p&typeid=i","cat":284609},{"id":242262,"n":"Laque Elnett Fixation forte 400ml","p":10.88,"u":"27,20 €/L","img":"https://fd5-photos.leclercdrive.fr/image.ashx?id=2828022&use=l&cat=p&typeid=i","cat":284609},{"id":242266,"n":"Après-shampoing Garnier Ultra  Doux Cheveux secs -250ml","p":3.05,"u":"12,20 €/L","img":"https://fd5-photos.leclercdrive.fr/image.ashx?id=2828046&use=l&cat=p&typeid=i","cat":284607},{"id":242282,"n":"Ambre solaire Garnier  Ideal Bronze SPF50 - 150ml","p":10.9,"u":"72,67 €/L","img":"https://fd5-photos.leclercdrive.fr/image.ashx?id=2828055&use=l&cat=p&typeid=i","cat":325355},{"id":242311,"n":"Lunettes romans Nos Régions ont du Talent 350g","p":2.79,"u":"7,97 €/KG","img":"https://fd5-photos.leclercdrive.fr/image.ashx?id=2856633&use=l&cat=p&typeid=i","cat":284489},{"id":242323,"n":"Mini sucettes Copains Copines Acides - 180g","p":1.59,"u":"8,83 €/KG","img":"https://fd5-photos.leclercdrive.fr/image.ashx?id=2934799&use=l&cat=p&typeid=i","cat":304250},{"id":242329,"n":"Bonbons Copains Copines Acides - 200g","p":1.13,"u":"5,65 €/KG","img":"https://fd5-photos.leclercdrive.fr/image.ashx?id=2934793&use=l&cat=p&typeid=i","cat":304250},{"id":242353,"n":"Riz Comptoir du Grain Thaï suprême - 500g","p":1.95,"u":"3,90 €/KG","img":"https://fd5-photos.leclercdrive.fr/image.ashx?id=2822371&use=l&cat=p&typeid=i","cat":284428},{"id":242558,"n":"Coffret Whisky Chivas 40%vol - 70cl","p":28.9,"pp":26.01,"u":"37,16 €/L","img":"https://fd5-photos.leclercdrive.fr/image.ashx?id=2998946&use=l&cat=p&typeid=i","cat":284547},{"id":242573,"n":"Coffret Whisky Chivas 70cl","p":37.9,"pp":34.11,"u":"48,73 €/L","img":"https://fd5-photos.leclercdrive.fr/image.ashx?id=2943948&use=l&cat=p&typeid=i","cat":284547},{"id":242585,"n":"Girasoli champignons cèpes  TURINI 250G","p":2.49,"u":"9,96 €/KG","img":"https://fd5-photos.leclercdrive.fr/image.ashx?id=2897823&use=l&cat=p&typeid=i","cat":333682},{"id":242587,"n":"Ravioli carbonara TURINI 250G","p":1.77,"u":"7,08 €/KG","img":"https://fd5-photos.leclercdrive.fr/image.ashx?id=2897868&use=l&cat=p&typeid=i","cat":333682},{"id":242616,"n":"Saucisse L'Origine du Gout A la truffe - 100g","p":2.75,"u":"27,50 €/KG","img":"https://fd5-photos.leclercdrive.fr/image.ashx?id=2994408&use=l&cat=p&typeid=i","cat":316007},{"id":242617,"n":"Jambon L'Origine du Gout Cuit à la truffe - 120g","p":2.3,"u":"19,17 €/KG","img":"https://fd5-photos.leclercdrive.fr/image.ashx?id=2840434&use=l&cat=p&typeid=i","cat":316009},{"id":242618,"n":"Cheddar L'Origine du Goût 200g","p":3.49,"u":"17,45 €/KG","img":"https://fd5-photos.leclercdrive.fr/image.ashx?id=2872478&use=l&cat=p&typeid=i","cat":314034},{"id":242619,"n":"Gruyère AOP Suisse L'Origine du Goût 150g","p":5.5,"u":"36,67 €/KG","img":"https://fd5-photos.leclercdrive.fr/image.ashx?id=2829241&use=l&cat=p&typeid=i","cat":314034},{"id":242683,"n":"Bière blanche Leffe 5,7% - 12x25cl","p":10.06,"u":"3,35 €/L","img":"https://fd5-photos.leclercdrive.fr/image.ashx?id=2828580&use=l&cat=p&typeid=i","cat":334878},{"id":242701,"n":"Déodorant Narta Impeccable anti-traces 48h -50ml","p":2.73,"u":"54,60 €/L","img":"https://fd5-photos.leclercdrive.fr/image.ashx?id=2828097&use=l&cat=p&typeid=i","cat":284595},{"id":242702,"n":"Déodorant Narta Magnesium  protect - 100ml","p":4.3,"u":"43,00 €/L","img":"https://fd5-photos.leclercdrive.fr/image.ashx?id=2828100&use=l&cat=p&typeid=i","cat":284595},{"id":242703,"n":"Déodorant Mennen Intracable  Xtrem 72h - 50ml","p":3.83,"u":"76,60 €/L","img":"https://fd5-photos.leclercdrive.fr/image.ashx?id=2828109&use=l&cat=p&typeid=i","cat":284596},{"id":242705,"n":"Déodorant Bio Ushuaia Vanille 50ml","p":3.07,"u":"61,40 €/L","img":"https://fd5-photos.leclercdrive.fr/image.ashx?id=2828121&use=l&cat=p&typeid=i","cat":284595},{"id":242706,"n":"Crème dessert Danette Praliné - 4x125g","p":1.45,"u":"2,90 €/KG","img":"https://fd5-photos.leclercdrive.fr/image.ashx?id=2918556&use=l&cat=p&typeid=i","cat":285041},{"id":242707,"n":"Crème dessert Danette Petit-beurre chocolat 4x125g","p":1.71,"u":"3,42 €/KG","img":"https://fd5-photos.leclercdrive.fr/image.ashx?id=2928414&use=l&cat=p&typeid=i","cat":285041},{"id":242709,"n":"Yaourt à boire Banane Hipro 300g","p":1.89,"u":"6,30 €/KG","img":"https://fd5-photos.leclercdrive.fr/image.ashx?id=2826585&use=l&cat=p&typeid=i","cat":284415},{"id":242710,"n":"Yaourt à boire Myrtille Hipro 300g","p":1.89,"u":"6,30 €/KG","img":"https://fd5-photos.leclercdrive.fr/image.ashx?id=2826573&use=l&cat=p&typeid=i","cat":284415},{"id":242712,"n":"Skyr Danone Cerise - 2x140g","p":2.42,"u":"8,64 €/KG","img":"https://fd5-photos.leclercdrive.fr/image.ashx?id=2826570&use=l&cat=p&typeid=i","cat":315000},{"id":242713,"n":"Actimel triple action Fraise Grenade - 6x100g","p":3.34,"u":"5,57 €/KG","img":"https://fd5-photos.leclercdrive.fr/image.ashx?id=2826576&use=l&cat=p&typeid=i","cat":284415},{"id":242714,"n":"Actimel triple action Pêche  Fruits de la passion - 6x100g","p":3.0,"u":"5,00 €/P","img":"https://fd5-photos.leclercdrive.fr/image.ashx?id=2831681&use=l&cat=p&typeid=i","cat":284415},{"id":242715,"n":"Kéfir à boire Activia Mangue - 280g","p":1.79,"u":"6,39 €/KG","img":"https://fd5-photos.leclercdrive.fr/image.ashx?id=2983015&use=l&cat=p&typeid=i","cat":284415},{"id":242717,"n":"Skyr à boire Danone Fraise - 270g","p":1.89,"u":"7,00 €/KG","img":"https://fd5-photos.leclercdrive.fr/image.ashx?id=2826564&use=l&cat=p&typeid=i","cat":284415},{"id":242718,"n":"Crème dessert protéinée Hipro Saveur chocolat - 180g","p":1.62,"u":"9,00 €/KG","img":"https://fd5-photos.leclercdrive.fr/image.ashx?id=2826582&use=l&cat=p&typeid=i","cat":285041},{"id":242719,"n":"Yaourt protéiné Hipro Fraise - 2x160g","p":2.14,"u":"6,69 €/KG","img":"https://fd5-photos.leclercdrive.fr/image.ashx?id=2945418&use=l&cat=p&typeid=i","cat":315000},{"id":242803,"n":"Granions décontractant Musculaire - 60 comprimés","p":8.99,"u":"128,43 €/KG","img":"https://fd5-photos.leclercdrive.fr/image.ashx?id=2824037&use=l&cat=p&typeid=i","cat":298633},{"id":242815,"n":"Déodorant Men Expert Sport 150ml","p":3.97,"u":"26,47 €/L","img":"https://fd5-photos.leclercdrive.fr/image.ashx?id=2825877&use=l&cat=p&typeid=i","cat":284618},{"id":242900,"n":"Vin rouge Union Européenne  François d'Aubigné - 3x25cl","p":1.99,"u":"2,65 €/L","img":"https://fd5-photos.leclercdrive.fr/image.ashx?id=2927170&use=l&cat=p&typeid=i","cat":289556},{"id":242901,"n":"AOP Jurançon sec Vin blanc Terrasses d'Autan - 75cl","p":4.99,"u":"6,65 €/L","img":"https://fd5-photos.leclercdrive.fr/image.ashx?id=2933458&use=l&cat=p&typeid=i","cat":289557},{"id":242938,"n":"Crème mains Mixa Intensif  Cica mains 50cl","p":3.55,"u":"8,88 €/L","img":"https://fd5-photos.leclercdrive.fr/image.ashx?id=2979914&use=l&cat=p&typeid=i","cat":325354},{"id":243161,"n":"Gel minceur Eafit 360 - Amincissant - 200ml","p":24.42,"u":"122,10 €/L","img":"https://fd5-photos.leclercdrive.fr/image.ashx?id=2841828&use=l&cat=p&typeid=i","cat":291161},{"id":243311,"n":"Frangipane Sainte Lucie 42% d'amandes - 200g","p":3.16,"u":"15,80 €/KG","img":"https://fd5-photos.leclercdrive.fr/image.ashx?id=2829952&use=l&cat=p&typeid=i","cat":284504},{"id":243312,"n":"Nectar de cranberry Pauline 1L","p":2.87,"u":"2,87 €/L","img":"https://fd5-photos.leclercdrive.fr/image.ashx?id=2830417&use=l&cat=p&typeid=i","cat":284915},{"id":243313,"n":"Galette Tipiak Jambon/emmental - 2x125g","p":3.42,"u":"13,68 €/KG","img":"https://fd5-photos.leclercdrive.fr/image.ashx?id=2830270&use=l&cat=p&typeid=i","cat":319776},{"id":243336,"n":"Panettone Al Nocciola  Tradizioni d'Italia 500g","p":7.99,"u":"15,98 €/KG","img":"https://fd5-photos.leclercdrive.fr/image.ashx?id=2826327&use=l&cat=p&typeid=i","cat":293600},{"id":243385,"n":"Complément alimentaire Azinc Junior - 9 vitamines - 120g","p":7.89,"u":"65,75 €/KG","img":"https://fd5-photos.leclercdrive.fr/image.ashx?id=2833720&use=l&cat=p&typeid=i","cat":301264},{"id":243389,"n":"Complément alimentaire Cystima Médical Infection urinaire x14","p":16.0,"u":"571,43 €/KG","img":"https://fd5-photos.leclercdrive.fr/image.ashx?id=2829226&use=l&cat=p&typeid=i","cat":301268},{"id":243394,"n":"Complément alimentaire Granions Collagène Marin Neutre - 278.6g","p":30.22,"u":"108,32 €/KG","img":"https://fd5-photos.leclercdrive.fr/image.ashx?id=2857581&use=l&cat=p&typeid=i","cat":301266},{"id":243395,"n":"Complément alimentaire Granions Collagène Multi I.II.III.V.X","p":15.89,"img":"https://fd5-photos.leclercdrive.fr/image.ashx?id=2841885&use=l&cat=p&typeid=i","cat":301266},{"id":243397,"n":"Complément alimentaire Luxéol Chute cheveux progressive x90","p":39.49,"img":"https://fd5-photos.leclercdrive.fr/image.ashx?id=2833900&use=l&cat=p&typeid=i","cat":301266},{"id":243399,"n":"Complément alimentaire Ortis Bénétransit Ecopack - x90","p":13.71,"pp":9.6,"img":"https://fd5-photos.leclercdrive.fr/image.ashx?id=2829235&use=l&cat=p&typeid=i","cat":301268},{"id":243400,"n":"Complément alimentaire Desmodium 2300mg x20","p":12.99,"pp":9.74,"u":"9,74 €/PRT","img":"https://fd5-photos.leclercdrive.fr/image.ashx?id=2829238&use=l&cat=p&typeid=i","cat":301268},{"id":243403,"n":"Complément alimentaire Nausélib Etats nauséeux - 20g - x36","p":6.57,"u":"328,50 €/KG","img":"https://fd5-photos.leclercdrive.fr/image.ashx?id=2833543&use=l&cat=p&typeid=i","cat":301268},{"id":243404,"n":"Complément alimentaire Bouffées de chaleur - x120","p":21.99,"img":"https://fd5-photos.leclercdrive.fr/image.ashx?id=2829220&use=l&cat=p&typeid=i","cat":301268},{"id":243487,"n":"Nems au porc X8 560G","p":3.39,"u":"6,05 €/KG","img":"https://fd5-photos.leclercdrive.fr/image.ashx?id=2953377&use=l&cat=p&typeid=i","cat":333673},{"id":243488,"n":"Nems au poulet X8 560G","p":3.58,"u":"6,39 €/KG","img":"https://fd5-photos.leclercdrive.fr/image.ashx?id=2829547&use=l&cat=p&typeid=i","cat":333673},{"id":243685,"n":"Complément alimentaire Herbesan Adoucid Menthe - x30 - 69g","p":7.91,"pp":5.54,"u":"80,29 €/KG","img":"https://fd5-photos.leclercdrive.fr/image.ashx?id=2832074&use=l&cat=p&typeid=i","cat":301264},{"id":243688,"n":"Concentré de citron Frucci 75cl","p":1.54,"u":"2,05 €/L","img":"https://fd5-photos.leclercdrive.fr/image.ashx?id=2865308&use=l&cat=p&typeid=i","cat":295020},{"id":243689,"n":"Boisson energisante X-Tense Energisante pina coco - 50cl","p":0.98,"u":"1,96 €/L","img":"https://fd5-photos.leclercdrive.fr/image.ashx?id=2956798&use=l&cat=p&typeid=i","cat":284533},{"id":243691,"n":"Complément alimentaire Mag2 Gommes Framboise - x45","p":12.99,"img":"https://fd5-photos.leclercdrive.fr/image.ashx?id=2833750&use=l&cat=p&typeid=i","cat":301264},{"id":243696,"n":"Complément alimentaire Forté Magnésium Ultra Fort - x30","p":8.79,"img":"https://fd5-photos.leclercdrive.fr/image.ashx?id=2833771&use=l&cat=p&typeid=i","cat":301264},{"id":243702,"n":"Complément alimentaire Granions Collagène I & II - x80","p":28.56,"u":"352,59 €/KG","img":"https://fd5-photos.leclercdrive.fr/image.ashx?id=2846463&use=l&cat=p&typeid=i","cat":301266},{"id":243706,"n":"Boisson energisante X-tense  Tropical - 50cl","p":0.98,"u":"1,96 €/L","img":"https://fd5-photos.leclercdrive.fr/image.ashx?id=2956795&use=l&cat=p&typeid=i","cat":284533},{"id":243712,"n":"Muffins pépites de chocolat 6 X 40G","p":2.18,"u":"9,08 €/KG","img":"https://fd5-photos.leclercdrive.fr/image.ashx?id=2836682&use=l&cat=p&typeid=i","cat":284495},{"id":243714,"n":"Muffins myrtille 6 x43 G","p":2.09,"u":"8,10 €/KG","img":"https://fd5-photos.leclercdrive.fr/image.ashx?id=2834818&use=l&cat=p&typeid=i","cat":284495},{"id":243756,"n":"Tablette Nestlé l'Atelier  chocolat noir ganache 130g","p":2.73,"u":"2,10 €/L","img":"https://fd5-photos.leclercdrive.fr/image.ashx?id=2863908&use=l&cat=p&typeid=i","cat":284956},{"id":243762,"n":"Tablette Nestlé Chocolat blanc et lait -130g","p":2.79,"u":"21,46 €/KG","img":"https://fd5-photos.leclercdrive.fr/image.ashx?id=2863905&use=l&cat=p&typeid=i","cat":284497},{"id":243948,"n":"Complément alimentaire Granions Morosil 400mg - x60 comprimés","p":19.99,"u":"356,96 €/KG","img":"https://fd5-photos.leclercdrive.fr/image.ashx?id=2834623&use=l&cat=p&typeid=i","cat":301264},{"id":243956,"n":"Complément alimentaire Forté Pharma Désir & vigueur 350g","p":14.95,"u":"42,71 €/KG","img":"https://fd5-photos.leclercdrive.fr/image.ashx?id=2834211&use=l&cat=p&typeid=i","cat":301264},{"id":243957,"n":"Concentré Frucci Citron vert - 75cl","p":1.8,"u":"2,40 €/L","img":"https://fd5-photos.leclercdrive.fr/image.ashx?id=2865311&use=l&cat=p&typeid=i","cat":295020},{"id":243958,"n":"Concentré Frucci Orange Citron - 75cl","p":2.41,"u":"3,21 €/L","img":"https://fd5-photos.leclercdrive.fr/image.ashx?id=2865314&use=l&cat=p&typeid=i","cat":295020},{"id":243962,"n":"Lingettes Decolor Stop Protection couleurs - x22","p":3.21,"img":"https://fd5-photos.leclercdrive.fr/image.ashx?id=2890127&use=l&cat=p&typeid=i","cat":290450},{"id":243969,"n":"Adoucissant Winni's Fleurs blanches - 775ml - x31","p":2.56,"u":"3,30 €/L","img":"https://fd5-photos.leclercdrive.fr/image.ashx?id=2834551&use=l&cat=p&typeid=i","cat":284650},{"id":243974,"n":"Liquide vaisselle Winni's Eco- Pack Citron vert - 1000ml","p":3.81,"img":"https://fd5-photos.leclercdrive.fr/image.ashx?id=2938734&use=l&cat=p&typeid=i","cat":284655},{"id":243975,"n":"Kit Plumeau Eco+ Dépoussiérant - +5 recharges","p":0.81,"img":"https://fd5-photos.leclercdrive.fr/image.ashx?id=2834187&use=l&cat=p&typeid=i","cat":325364},{"id":243976,"n":"Tablette lave-vaisselle Visior Classique - x45","p":3.81,"img":"https://fd5-photos.leclercdrive.fr/image.ashx?id=2931856&use=l&cat=p&typeid=i","cat":284656},{"id":243977,"n":"Vinaigre de nettoyage Clair 5L","p":5.01,"u":"1,00 €/L","img":"https://fd5-photos.leclercdrive.fr/image.ashx?id=2834190&use=l&cat=p&typeid=i","cat":325362},{"id":243995,"n":"Croutons saveur ail Pasquier 80g","p":1.05,"u":"13,13 €/KG","img":"https://fd5-photos.leclercdrive.fr/image.ashx?id=2834458&use=l&cat=p&typeid=i","cat":284464},{"id":243996,"n":"Croutons nature Pasquier 80g","p":0.95,"u":"11,88 €/KG","img":"https://fd5-photos.leclercdrive.fr/image.ashx?id=2834461&use=l&cat=p&typeid=i","cat":284464},{"id":244187,"n":"Gin Tanqueray 0.0% vol. sans alcool - 70cl","p":14.4,"u":"20,57 €/L","img":"https://fd5-photos.leclercdrive.fr/image.ashx?id=2948408&use=l&cat=p&typeid=i","cat":284550},{"id":244218,"n":"Croquettes Friskies chat adulte Thon Légumes - 3kg","p":9.65,"u":"3,22 €/KG","img":"https://fd5-photos.leclercdrive.fr/image.ashx?id=2835148&use=l&cat=p&typeid=i","cat":284680},{"id":244229,"n":"Croquettes Friskies chat adulte Lapin Poulet Légumes - 1.5kg","p":4.31,"u":"2,87 €/KG","img":"https://fd5-photos.leclercdrive.fr/image.ashx?id=2835160&use=l&cat=p&typeid=i","cat":284680},{"id":244230,"n":"Croquettes Friskies chat adulte Poulet Légumes - 3kg","p":8.45,"u":"2,82 €/KG","img":"https://fd5-photos.leclercdrive.fr/image.ashx?id=2835151&use=l&cat=p&typeid=i","cat":284680},{"id":244234,"n":"Croquettes Friskies chat adulte Saumon Légumes - 1.5kg","p":4.7,"u":"3,13 €/KG","img":"https://fd5-photos.leclercdrive.fr/image.ashx?id=2860586&use=l&cat=p&typeid=i","cat":284680},{"id":244235,"n":"Croquettes Friskies chat adulte  Boeuf Poulet Légumes - 1.5kg","p":4.56,"u":"3,04 €/KG","img":"https://fd5-photos.leclercdrive.fr/image.ashx?id=2835154&use=l&cat=p&typeid=i","cat":284680},{"id":244351,"n":"Shampooing Elsève Color vive 250ml","p":2.35,"u":"9,40 €/L","img":"https://fd5-photos.leclercdrive.fr/image.ashx?id=2989318&use=l&cat=p&typeid=i","cat":284606},{"id":244354,"n":"Shampooing Garnier Ultra doux  Miel - 250ml","p":1.98,"u":"7,92 €/L","img":"https://fd5-photos.leclercdrive.fr/image.ashx?id=2836502&use=l&cat=p&typeid=i","cat":284606},{"id":244356,"n":"Shampooing Garnier Ultra doux  Avocat 250ml","p":1.88,"u":"7,52 €/L","img":"https://fd5-photos.leclercdrive.fr/image.ashx?id=2836499&use=l&cat=p&typeid=i","cat":284606},{"id":244359,"n":"Shampooing Elsève Dream length  250ml","p":3.48,"u":"13,92 €/L","img":"https://fd5-photos.leclercdrive.fr/image.ashx?id=2863614&use=l&cat=p&typeid=i","cat":284606},{"id":244360,"n":"Shampooing Elsève Hyaluronique  250ml","p":3.48,"u":"13,92 €/L","img":"https://fd5-photos.leclercdrive.fr/image.ashx?id=2863617&use=l&cat=p&typeid=i","cat":284606},{"id":244632,"n":"Spray épaississant John Frieda Force Filler - 150ml","p":6.34,"u":"42,27 €/L","img":"https://fd5-photos.leclercdrive.fr/image.ashx?id=2837577&use=l&cat=p&typeid=i","cat":284609},{"id":244661,"n":"Riz Basmati Lustucru Selection  10 min - 450g","p":2.06,"u":"4,58 €/KG","img":"https://fd5-photos.leclercdrive.fr/image.ashx?id=2836732&use=l&cat=p&typeid=i","cat":284428},{"id":245060,"n":"Cornichons 6 aromates Rustica extra-fins -220g","p":1.59,"u":"7,23 €/KG","img":"https://fd5-photos.leclercdrive.fr/image.ashx?id=2916734&use=l&cat=p&typeid=i","cat":284458},{"id":245061,"n":"Pain pour panini Epi d'Or Précuit - x4  300g","p":1.48,"u":"4,93 €/KG","img":"https://fd5-photos.leclercdrive.fr/image.ashx?id=2837144&use=l&cat=p&typeid=i","cat":284985},{"id":245074,"n":"Nouilles instantanées Maggi sauce aigre douce - 128g","p":1.62,"pp":1.07,"u":"8,36 €/KG","img":"https://fd5-photos.leclercdrive.fr/image.ashx?id=2837628&use=l&cat=p&typeid=i","cat":288992},{"id":245076,"n":"Nouilles instantanées Maggi sauce Teriyaki - 75g","p":1.79,"u":"23,87 €/KG","img":"https://fd5-photos.leclercdrive.fr/image.ashx?id=2842966&use=l&cat=p&typeid=i","cat":288992},{"id":245078,"n":"Nouilles instantanées Maggi sauce poulet sésame - 75g","p":1.81,"u":"24,13 €/KG","img":"https://fd5-photos.leclercdrive.fr/image.ashx?id=2842963&use=l&cat=p&typeid=i","cat":288992},{"id":245082,"n":"Nouilles instantanées Maggi sauce sweet chili - 75g","p":1.61,"u":"21,47 €/KG","img":"https://fd5-photos.leclercdrive.fr/image.ashx?id=2842960&use=l&cat=p&typeid=i","cat":288992},{"id":245085,"n":"Sauce aigre douce Maggi  pour poulet - 355g","p":3.06,"u":"8,62 €/KG","img":"https://fd5-photos.leclercdrive.fr/image.ashx?id=2947231&use=l&cat=p&typeid=i","cat":288992},{"id":245086,"n":"Sauce Tikka Masala Maggi pour poulet - 340g","p":3.07,"u":"9,03 €/KG","img":"https://fd5-photos.leclercdrive.fr/image.ashx?id=2971772&use=l&cat=p&typeid=i","cat":289012},{"id":245238,"n":"Gousses vanille Tablier Blanc x2 - 4g","p":5.44,"img":"https://fd5-photos.leclercdrive.fr/image.ashx?id=2837701&use=l&cat=p&typeid=i","cat":284504},{"id":245270,"n":"Déodorant spray Ushuaïa Monoï fleur de tiaré - 200ml","p":2.74,"u":"13,70 €/L","img":"https://fd5-photos.leclercdrive.fr/image.ashx?id=2839746&use=l&cat=p&typeid=i","cat":284595},{"id":245397,"n":"Frites au four allumettes  Pom'lisse - 2kg","p":3.99,"u":"2,00 €/KG","img":"https://fd5-photos.leclercdrive.fr/image.ashx?id=2838547&use=l&cat=p&typeid=i","cat":319791},{"id":245400,"n":"Dés de chorizo Saint-Azay 120g","p":1.99,"u":"16,58 €/KG","img":"https://fd5-photos.leclercdrive.fr/image.ashx?id=2959746&use=l&cat=p&typeid=i","cat":316011},{"id":245402,"n":"Gyoza au poulet Tables du Monde x8 - 200g","p":3.2,"u":"16,00 €/KG","img":"https://fd5-photos.leclercdrive.fr/image.ashx?id=2838550&use=l&cat=p&typeid=i","cat":333673},{"id":245560,"n":"Couscous aux epices douces  Comptoir du grain 2x250g","p":1.73,"u":"3,46 €/KG","img":"https://fd5-photos.leclercdrive.fr/image.ashx?id=3012875&use=l&cat=p&typeid=i","cat":284429},{"id":245576,"n":"Sauce Pesto vert Panzani au basilic - 2x90g","p":2.5,"u":"13,89 €/KG","img":"https://fd5-photos.leclercdrive.fr/image.ashx?id=2873841&use=l&cat=p&typeid=i","cat":299047},{"id":245579,"n":"Sauce Pesto vert crémeux  Panzani - 190g","p":2.02,"u":"10,63 €/KG","img":"https://fd5-photos.leclercdrive.fr/image.ashx?id=2873838&use=l&cat=p&typeid=i","cat":299047},{"id":245580,"n":"Sauce Arrabbiata Panzani 400g","p":2.11,"u":"5,28 €/KG","img":"https://fd5-photos.leclercdrive.fr/image.ashx?id=2880694&use=l&cat=p&typeid=i","cat":299047},{"id":245582,"n":"Sauce Pesto Panzani poivrons ricotta - 190g","p":2.34,"u":"12,32 €/KG","img":"https://fd5-photos.leclercdrive.fr/image.ashx?id=2873835&use=l&cat=p&typeid=i","cat":299047},{"id":245745,"n":"Farine de blé type 55 - 1kg Pratiques agricoles bas carbone","p":0.89,"u":"0,89 €/KG","img":"https://fd5-photos.leclercdrive.fr/image.ashx?id=2969994&use=l&cat=p&typeid=i","cat":284503},{"id":245801,"n":"Sweet potato fries Strong Roots Patates Douces 500g","p":3.63,"u":"7,26 €/KG","img":"https://fd5-photos.leclercdrive.fr/image.ashx?id=2899638&use=l&cat=p&typeid=i","cat":319791},{"id":245806,"n":"Rainbow fries Strong Roots Betterave Carottes Panais 500g","p":4.17,"u":"8,34 €/KG","img":"https://fd5-photos.leclercdrive.fr/image.ashx?id=2899644&use=l&cat=p&typeid=i","cat":319791},{"id":245929,"n":"Tablette chocolat KitKat Caramel salé - 99g","p":2.17,"u":"21,92 €/KG","img":"https://fd5-photos.leclercdrive.fr/image.ashx?id=2990868&use=l&cat=p&typeid=i","cat":284497},{"id":245930,"n":"Tablette KitKat  Double chocolat - 99g","p":2.21,"u":"22,32 €/KG","img":"https://fd5-photos.leclercdrive.fr/image.ashx?id=2990865&use=l&cat=p&typeid=i","cat":284497},{"id":245931,"n":"Tablette chocolat KitKat  Noisette - 99g","p":2.17,"u":"21,92 €/KG","img":"https://fd5-photos.leclercdrive.fr/image.ashx?id=2871046&use=l&cat=p&typeid=i","cat":284497},{"id":246198,"n":"Sablés au chèvre Nos Regions ont du Talent 100g","p":1.99,"u":"19,90 €/KG","img":"https://fd5-photos.leclercdrive.fr/image.ashx?id=2909437&use=l&cat=p&typeid=i","cat":297000},{"id":246199,"n":"Sablés au roquefort Nos Régions ont du Talent 100g","p":1.99,"u":"19,90 €/KG","img":"https://fd5-photos.leclercdrive.fr/image.ashx?id=2909927&use=l&cat=p&typeid=i","cat":297000},{"id":246200,"n":"Sablés au comté Nos Régions ont du Talent 100g","p":1.99,"u":"19,90 €/KG","img":"https://fd5-photos.leclercdrive.fr/image.ashx?id=2909924&use=l&cat=p&typeid=i","cat":297000},{"id":246201,"n":"Pâtes penné rigaté Eco+ 1kg","p":1.1,"u":"1,10 €/KG","img":"https://fd5-photos.leclercdrive.fr/image.ashx?id=2856736&use=l&cat=p&typeid=i","cat":284427},{"id":246216,"n":"Coupelles Douceurs du Verger Pomme Fraise - 4x100g","p":1.23,"u":"3,08 €/KG","img":"https://fd5-photos.leclercdrive.fr/image.ashx?id=2878741&use=l&cat=p&typeid=i","cat":284508},{"id":246217,"n":"Gourdes Douceur du Verger Pommes Fraises abricot 4x90g","p":1.6,"u":"4,44 €/KG","img":"https://fd5-photos.leclercdrive.fr/image.ashx?id=2934781&use=l&cat=p&typeid=i","cat":284508},{"id":246218,"n":"Tablette Nestlé L'Atelier Chocolat lait fondant - 130g","p":2.72,"u":"20,92 €/KG","img":"https://fd5-photos.leclercdrive.fr/image.ashx?id=2863902&use=l&cat=p&typeid=i","cat":284497},{"id":246219,"n":"Tablette Nestlé L'Atelier Chocolat","p":3.1,"u":"23,85 €/KG","img":"https://fd5-photos.leclercdrive.fr/image.ashx?id=2852785&use=l&cat=p&typeid=i","cat":284497},{"id":246225,"n":"Tablette de chocolat Equador Amandes caramel - 100g","p":1.69,"u":"16,90 €/KG","img":"https://fd5-photos.leclercdrive.fr/image.ashx?id=2843120&use=l&cat=p&typeid=i","cat":284497},{"id":246260,"n":"Masque Elseve Total Repair 5 - 310ml","p":5.61,"u":"18,10 €/L","img":"https://fd5-photos.leclercdrive.fr/image.ashx?id=2844178&use=l&cat=p&typeid=i","cat":284608},{"id":246261,"n":"Shampooing Elseve Hyaluronique - 400ml","p":5.64,"u":"14,10 €/L","img":"https://fd5-photos.leclercdrive.fr/image.ashx?id=2844181&use=l&cat=p&typeid=i","cat":284606},{"id":246262,"n":"Shampooing Elseve Dream long - 400ml","p":5.13,"u":"12,83 €/L","img":"https://fd5-photos.leclercdrive.fr/image.ashx?id=2844187&use=l&cat=p&typeid=i","cat":284606},{"id":246263,"n":"Sérum Elseve Anti-chute - 102ml","p":12.0,"u":"117,65 €/L","img":"https://fd5-photos.leclercdrive.fr/image.ashx?id=2844190&use=l&cat=p&typeid=i","cat":284608},{"id":246269,"n":"Après-shampooing Elseve Démêlant anti-chute - 150ml","p":6.06,"u":"40,40 €/L","img":"https://fd5-photos.leclercdrive.fr/image.ashx?id=2844193&use=l&cat=p&typeid=i","cat":284607},{"id":246270,"n":"Shampooing Elseve Anti-chute - 200ml","p":6.06,"u":"30,30 €/L","img":"https://fd5-photos.leclercdrive.fr/image.ashx?id=2844196&use=l&cat=p&typeid=i","cat":284606},{"id":246272,"n":"Shampooing Elseve Hyaluronique Pure - 250ml","p":4.18,"u":"16,72 €/L","img":"https://fd5-photos.leclercdrive.fr/image.ashx?id=2981593&use=l&cat=p&typeid=i","cat":284606},{"id":246318,"n":"Tablette de chocolat Equador Blond caramel amandes - 100g","p":1.69,"u":"16,90 €/KG","img":"https://fd5-photos.leclercdrive.fr/image.ashx?id=2843824&use=l&cat=p&typeid=i","cat":284497},{"id":246319,"n":"Tablette de chocolat Equador Noir gianduja - 100g","p":1.49,"u":"14,90 €/KG","img":"https://fd5-photos.leclercdrive.fr/image.ashx?id=2843821&use=l&cat=p&typeid=i","cat":284956},{"id":246321,"n":"Coffret palet Mère Poulard Gamme mythique - citron 500g","p":10.5,"u":"21,00 €/KG","img":"https://fd5-photos.leclercdrive.fr/image.ashx?id=2844133&use=l&cat=p&typeid=i","cat":284490},{"id":246327,"n":"Effilés en sauce Purina One Multivarietés - 680g","p":4.83,"u":"7,10 €/KG","img":"https://fd5-photos.leclercdrive.fr/image.ashx?id=2940606&use=l&cat=p&typeid=i","cat":285286},{"id":246328,"n":"Croquettes Purina One Chat stérilisé - 1,5 kg","p":6.94,"u":"4,63 €/KG","img":"https://fd5-photos.leclercdrive.fr/image.ashx?id=2844490&use=l&cat=p&typeid=i","cat":284680},{"id":246330,"n":"Saumon Selection Purina One Junior 1 à 12 mois - 1.5 kg","p":6.94,"u":"4,63 €/KG","img":"https://fd5-photos.leclercdrive.fr/image.ashx?id=2844487&use=l&cat=p&typeid=i","cat":284680},{"id":246331,"n":"Saumon Purina One Mini 85g","p":4.37,"u":"5,14 €/KG","img":"https://fd5-photos.leclercdrive.fr/image.ashx?id=2844484&use=l&cat=p&typeid=i","cat":294526},{"id":246335,"n":"Mini boeuf Purina One Mini 85g","p":4.42,"u":"5,20 €/KG","img":"https://fd5-photos.leclercdrive.fr/image.ashx?id=2844481&use=l&cat=p&typeid=i","cat":284673},{"id":246363,"n":"Déboucheur à la soude Briochin 900ml","p":4.37,"u":"4,86 €/L","img":"https://fd5-photos.leclercdrive.fr/image.ashx?id=3000779&use=l&cat=p&typeid=i","cat":284908},{"id":246427,"n":"Soupe deshydratée Knorr Pistou","p":1.47,"u":"18,38 €/KG","img":"https://fd5-photos.leclercdrive.fr/image.ashx?id=2845071&use=l&cat=p&typeid=i","cat":284463},{"id":246431,"n":"Bière artisanale Blanche 4.5% - 33cl","p":1.59,"u":"4,82 €/L","img":"https://fd5-photos.leclercdrive.fr/image.ashx?id=2844521&use=l&cat=p&typeid=i","cat":334878},{"id":246466,"n":"Soupe Knorr Pot au feu -14x55g","p":1.26,"u":"1,64 €/KG","img":"https://fd5-photos.leclercdrive.fr/image.ashx?id=2845656&use=l&cat=p&typeid=i","cat":293527},{"id":246480,"n":"Dentifrice Colgate Total 24h Active Soin émail - 2x75ml","p":5.05,"u":"33,67 €/L","img":"https://fd5-photos.leclercdrive.fr/image.ashx?id=2845671&use=l&cat=p&typeid=i","cat":284612},{"id":246540,"n":"Bière artisanale Ipa 6.5% - 33cl","p":1.59,"u":"4,82 €/L","img":"https://fd5-photos.leclercdrive.fr/image.ashx?id=2845164&use=l&cat=p&typeid=i","cat":334872},{"id":246541,"n":"Bière artisanale Blonde 5.6% - 33cl","p":1.49,"u":"4,52 €/L","img":"https://fd5-photos.leclercdrive.fr/image.ashx?id=2845167&use=l&cat=p&typeid=i","cat":334872},{"id":246542,"n":"Bière artisanale Ambrée 6.5% - 33cl","p":1.59,"u":"4,82 €/L","img":"https://fd5-photos.leclercdrive.fr/image.ashx?id=2845173&use=l&cat=p&typeid=i","cat":334872},{"id":246543,"n":"Gommage corps Bionaïa Solide Bio - 100g","p":2.49,"u":"24,90 €/KG","img":"https://fd5-photos.leclercdrive.fr/image.ashx?id=2845158&use=l&cat=p&typeid=i","cat":325375},{"id":246544,"n":"Pain de rasage Carré Homme Beurre de karité Bio - 55g","p":2.49,"u":"45,27 €/KG","img":"https://fd5-photos.leclercdrive.fr/image.ashx?id=2854258&use=l&cat=p&typeid=i","cat":284617},{"id":246545,"n":"Perles de cire corps Siliss Chaude - Monoï - 230g","p":4.69,"u":"20,39 €/KG","img":"https://fd5-photos.leclercdrive.fr/image.ashx?id=2845170&use=l&cat=p&typeid=i","cat":325351},{"id":246547,"n":"Crème nettoyante Neutrogena Points noirs 2% - 150ml","p":4.97,"u":"33,13 €/L","img":"https://fd5-photos.leclercdrive.fr/image.ashx?id=2846045&use=l&cat=p&typeid=i","cat":284603},{"id":246548,"n":"Gel exfoliant Neutrogena Pamplemousse 0.5% - 150ml","p":4.97,"u":"33,13 €/L","img":"https://fd5-photos.leclercdrive.fr/image.ashx?id=2846048&use=l&cat=p&typeid=i","cat":325346},{"id":246549,"n":"Gel nettoyant Neutrogena Pamplemousse 0.5% - 200ml","p":4.8,"u":"24,00 €/L","img":"https://fd5-photos.leclercdrive.fr/image.ashx?id=2846051&use=l&cat=p&typeid=i","cat":284603},{"id":246553,"n":"Gel réparateur cutané Osmo Soft Coups de soleil - 150g","p":5.93,"u":"39,53 €/KG","img":"https://fd5-photos.leclercdrive.fr/image.ashx?id=2862551&use=l&cat=p&typeid=i","cat":290405},{"id":246597,"n":"Rasoirs Jetables Wilkinson Extra essential 3 - 4x8","p":13.87,"img":"https://fd5-photos.leclercdrive.fr/image.ashx?id=2850692&use=l&cat=p&typeid=i","cat":284616},{"id":246629,"n":"Soubressade El Pozo Chorizo à tartiner - 250g","p":2.93,"u":"11,72 €/KG","img":"https://fd5-photos.leclercdrive.fr/image.ashx?id=2846793&use=l&cat=p&typeid=i","cat":316008},{"id":246638,"n":"Riz parfumé Taureau Ailé 1kg","p":3.02,"u":"3,02 €/KG","img":"https://fd5-photos.leclercdrive.fr/image.ashx?id=2846739&use=l&cat=p&typeid=i","cat":284428},{"id":246924,"n":"Émincés de poulet rôti Volandrie - 180g","p":2.99,"u":"16,61 €/KG","img":"https://fd5-photos.leclercdrive.fr/image.ashx?id=2847796&use=l&cat=p&typeid=i","cat":284336},{"id":246926,"n":"Quinoa facile Lustucru Blé  Lentilles et Carottes - 300g","p":2.85,"u":"9,50 €/KG","img":"https://fd5-photos.leclercdrive.fr/image.ashx?id=2849418&use=l&cat=p&typeid=i","cat":284429},{"id":246963,"n":"Soin Hyaluron Activ B3 15 ML Avène","p":24.99,"img":"https://fd5-photos.leclercdrive.fr/image.ashx?id=2857323&use=l&cat=p&typeid=i","cat":291168},{"id":246968,"n":"Test de grossesse  1 pièce","p":2.98,"img":"https://fd5-photos.leclercdrive.fr/image.ashx?id=2848953&use=l&cat=p&typeid=i","cat":291159},{"id":247058,"n":"Les Mini Galettes Saint Michel Emmental - 100g","p":1.56,"u":"15,60 €/KG","img":"https://fd5-photos.leclercdrive.fr/image.ashx?id=2936278&use=l&cat=p&typeid=i","cat":297000},{"id":247059,"n":"Les minis galettes Saint Michel Comté - 100g","p":1.58,"u":"15,80 €/KG","img":"https://fd5-photos.leclercdrive.fr/image.ashx?id=2936281&use=l&cat=p&typeid=i","cat":297000},{"id":247061,"n":"Les minis pesto Saint Michel madeleines moelleuses  100g","p":1.51,"u":"15,10 €/KG","img":"https://fd5-photos.leclercdrive.fr/image.ashx?id=2936302&use=l&cat=p&typeid=i","cat":297000},{"id":247082,"n":"Moutarde de Dijon Rustica 370g","p":1.99,"u":"5,38 €/KG","img":"https://fd5-photos.leclercdrive.fr/image.ashx?id=2955062&use=l&cat=p&typeid=i","cat":288850},{"id":247083,"n":"Mélange Rustica Tournesol & olive - 1L","p":3.39,"u":"3,39 €/L","img":"https://fd5-photos.leclercdrive.fr/image.ashx?id=2900358&use=l&cat=p&typeid=i","cat":284453},{"id":247085,"n":"Mini cornichons Rustica Aigre doux - 220g","p":2.19,"u":"9,95 €/KG","img":"https://fd5-photos.leclercdrive.fr/image.ashx?id=2916737&use=l&cat=p&typeid=i","cat":284458},{"id":247099,"n":"Coupelles Douceur du verger pomme banane - 4x100g","p":1.09,"u":"2,73 €/KG","img":"https://fd5-photos.leclercdrive.fr/image.ashx?id=2878744&use=l&cat=p&typeid=i","cat":284508},{"id":247139,"n":"Croutons Tipiak Ail - 150g","p":1.7,"u":"11,33 €/KG","img":"https://fd5-photos.leclercdrive.fr/image.ashx?id=2864089&use=l&cat=p&typeid=i","cat":284464},{"id":247140,"n":"Crouton Tipiak Nature - 150g","p":1.7,"u":"11,33 €/KG","img":"https://fd5-photos.leclercdrive.fr/image.ashx?id=2866376&use=l&cat=p&typeid=i","cat":284464},{"id":247141,"n":"Petit pois carottes D'Aucy Tendres et fondants - 265g","p":1.36,"u":"5,13 €/KG","img":"https://fd5-photos.leclercdrive.fr/image.ashx?id=2849680&use=l&cat=p&typeid=i","cat":312607},{"id":247142,"n":"Patée en sauce Purina One Thon et poulet - 340g","p":2.15,"u":"6,32 €/KG","img":"https://fd5-photos.leclercdrive.fr/image.ashx?id=2850207&use=l&cat=p&typeid=i","cat":285286},{"id":247144,"n":"Friandises Dentalife Saumon - 140g","p":4.41,"u":"31,50 €/KG","img":"https://fd5-photos.leclercdrive.fr/image.ashx?id=2850279&use=l&cat=p&typeid=i","cat":285285},{"id":247145,"n":"Mousselines cuites Purina  Nature's Créations - 680g","p":5.83,"u":"8,57 €/KG","img":"https://fd5-photos.leclercdrive.fr/image.ashx?id=2861815&use=l&cat=p&typeid=i","cat":285286},{"id":247152,"n":"Funtastix Fido Bacon fromage - 450g","p":4.97,"u":"11,04 €/KG","img":"https://fd5-photos.leclercdrive.fr/image.ashx?id=2940597&use=l&cat=p&typeid=i","cat":294527},{"id":247154,"n":"Gelée Friskies Viandes et légumes - 12x85g","p":4.13,"u":"4,05 €/KG","img":"https://fd5-photos.leclercdrive.fr/image.ashx?id=2957302&use=l&cat=p&typeid=i","cat":284673},{"id":247155,"n":"Soupe pour chat Felix Sélection de la campagne  4x48g","p":1.86,"u":"6,46 €/KG","img":"https://fd5-photos.leclercdrive.fr/image.ashx?id=2899701&use=l&cat=p&typeid=i","cat":285286},{"id":247261,"n":"Shampooing Elsève Colorvive - 300ml","p":4.18,"u":"13,93 €/L","img":"https://fd5-photos.leclercdrive.fr/image.ashx?id=2850614&use=l&cat=p&typeid=i","cat":284606},{"id":247262,"n":"Shampooing Elsève Hyaluronique - 250ml","p":4.18,"u":"16,72 €/L","img":"https://fd5-photos.leclercdrive.fr/image.ashx?id=2869095&use=l&cat=p&typeid=i","cat":284606},{"id":247263,"n":"Shampooing Elsève Total repair 5 - 300ml","p":4.18,"u":"13,93 €/L","img":"https://fd5-photos.leclercdrive.fr/image.ashx?id=2850617&use=l&cat=p&typeid=i","cat":284606},{"id":247264,"n":"Shampooing Elseve Huile extraordinaire - 250ml","p":4.18,"u":"16,72 €/L","img":"https://fd5-photos.leclercdrive.fr/image.ashx?id=2868690&use=l&cat=p&typeid=i","cat":284606},{"id":247265,"n":"Shampooing Elseve Dream long - 250ml","p":4.18,"u":"16,72 €/L","img":"https://fd5-photos.leclercdrive.fr/image.ashx?id=2850623&use=l&cat=p&typeid=i","cat":284606},{"id":247269,"n":"Shampooing Elseve Nutri gloss - 300ml","p":4.18,"u":"13,93 €/L","img":"https://fd5-photos.leclercdrive.fr/image.ashx?id=2869089&use=l&cat=p&typeid=i","cat":284606},{"id":247270,"n":"Shampooing Elseve Multi-vitaminé - 300ml","p":4.18,"u":"13,93 €/L","img":"https://fd5-photos.leclercdrive.fr/image.ashx?id=2850629&use=l&cat=p&typeid=i","cat":284606},{"id":247271,"n":"Après-shampooing Elseve Color vive - 250ml","p":4.18,"u":"16,72 €/L","img":"https://fd5-photos.leclercdrive.fr/image.ashx?id=2850632&use=l&cat=p&typeid=i","cat":284607},{"id":247273,"n":"Démélant Elseve Hyaluronique Booster hydratation 72h - 200ml","p":4.18,"u":"20,90 €/L","img":"https://fd5-photos.leclercdrive.fr/image.ashx?id=2869092&use=l&cat=p&typeid=i","cat":284607},{"id":247274,"n":"Après-Shampooing Elseve Dream Long - 200ml","p":4.18,"u":"20,90 €/L","img":"https://fd5-photos.leclercdrive.fr/image.ashx?id=2850638&use=l&cat=p&typeid=i","cat":284607},{"id":247275,"n":"Après-shampooing Elseve Nutri gloss - 250ml","p":4.18,"u":"16,72 €/L","img":"https://fd5-photos.leclercdrive.fr/image.ashx?id=2850641&use=l&cat=p&typeid=i","cat":284607},{"id":247298,"n":"Sablés normands Nos Régions ont du Talent","p":1.79,"u":"10,23 €/KG","img":"https://fd5-photos.leclercdrive.fr/image.ashx?id=2909930&use=l&cat=p&typeid=i","cat":284487},{"id":247368,"n":"Girasoli Lustucru Selection Mozzarella chorizo - 250g","p":2.95,"u":"11,80 €/KG","img":"https://fd5-photos.leclercdrive.fr/image.ashx?id=2974354&use=l&cat=p&typeid=i","cat":333682},{"id":247505,"n":"Petites girolles Borde 300g","p":5.89,"pp":3.89,"u":"12,97 €/KG","img":"https://fd5-photos.leclercdrive.fr/image.ashx?id=2860154&use=l&cat=p&typeid=i","cat":319805},{"id":247506,"n":"Morilles extra Borde 150g","p":5.89,"pp":3.89,"u":"25,93 €/KG","img":"https://fd5-photos.leclercdrive.fr/image.ashx?id=2860148&use=l&cat=p&typeid=i","cat":319805},{"id":247823,"n":"Dégrippant multi-fonction TECH9 300ml","p":3.45,"u":"11,50 €/L","img":"https://fd5-photos.leclercdrive.fr/image.ashx?id=2907270&use=l&cat=p&typeid=i","cat":298252},{"id":247828,"n":"Rénovateur plastiques TECH9 Extérieurs - 500ml","p":3.45,"u":"6,90 €/L","img":"https://fd5-photos.leclercdrive.fr/image.ashx?id=2953422&use=l&cat=p&typeid=i","cat":298252},{"id":247831,"n":"Nettoyant plastique mat Tech9 400ml","p":3.99,"u":"9,98 €/L","img":"https://fd5-photos.leclercdrive.fr/image.ashx?id=2949664&use=l&cat=p&typeid=i","cat":298252},{"id":247852,"n":"Madeleine Ker Cadelac cœur framboise x10 - 280g","p":2.72,"u":"9,71 €/KG","img":"https://fd5-photos.leclercdrive.fr/image.ashx?id=2855166&use=l&cat=p&typeid=i","cat":284492},{"id":247863,"n":"Shampooing Elsève Color vive  2 en 1 - 250ml","p":3.95,"u":"15,80 €/L","img":"https://fd5-photos.leclercdrive.fr/image.ashx?id=2853961&use=l&cat=p&typeid=i","cat":284606},{"id":247865,"n":"Shampooing Elsève Color vive  500ml","p":5.73,"u":"11,46 €/L","img":"https://fd5-photos.leclercdrive.fr/image.ashx?id=2853964&use=l&cat=p&typeid=i","cat":284606},{"id":247866,"n":"Shampooing Elsève Full resist  250ml","p":4.02,"u":"16,08 €/L","img":"https://fd5-photos.leclercdrive.fr/image.ashx?id=2853967&use=l&cat=p&typeid=i","cat":284606},{"id":247869,"n":"Shampooing Elsève Huile  extraordinaire amla -250ml","p":4.31,"u":"17,24 €/L","img":"https://fd5-photos.leclercdrive.fr/image.ashx?id=2853973&use=l&cat=p&typeid=i","cat":284606},{"id":247871,"n":"Shampooing Elsève  Liss intense -300ml","p":3.63,"u":"12,10 €/L","img":"https://fd5-photos.leclercdrive.fr/image.ashx?id=2853976&use=l&cat=p&typeid=i","cat":284606},{"id":247873,"n":"Shampooing Elsève Fibralogy Volume - 300ml","p":3.86,"u":"12,87 €/L","img":"https://fd5-photos.leclercdrive.fr/image.ashx?id=2870686&use=l&cat=p&typeid=i","cat":284606},{"id":247874,"n":"Savon liquide Le Naturel  Extra pur de Marseille -500ml","p":2.7,"u":"5,40 €/L","img":"https://fd5-photos.leclercdrive.fr/image.ashx?id=2869119&use=l&cat=p&typeid=i","cat":284597},{"id":247877,"n":"Savon liquide Le Naturel Fleur d'oranger - 500ml","p":3.08,"u":"6,16 €/L","img":"https://fd5-photos.leclercdrive.fr/image.ashx?id=2868693&use=l&cat=p&typeid=i","cat":284597},{"id":247878,"n":"Savon liquide Le Natural  Recharge Savon de Marseille -1l","p":4.52,"u":"4,52 €/L","img":"https://fd5-photos.leclercdrive.fr/image.ashx?id=2869122&use=l&cat=p&typeid=i","cat":284597},{"id":247879,"n":"Adoucissant Soupline Concentré Grand air - 1.9L","p":8.26,"u":"4,35 €/L","img":"https://fd5-photos.leclercdrive.fr/image.ashx?id=2966800&use=l&cat=p&typeid=i","cat":284650},{"id":247881,"n":"Adoucissant concentré Soupline  Douceur des Alpes -0,9L","p":3.7,"u":"4,11 €/L","img":"https://fd5-photos.leclercdrive.fr/image.ashx?id=2854825&use=l&cat=p&typeid=i","cat":284650},{"id":247882,"n":"Shampooing Elsève  Antipelliculaire - 300ml","p":3.62,"u":"12,07 €/L","img":"https://fd5-photos.leclercdrive.fr/image.ashx?id=2853982&use=l&cat=p&typeid=i","cat":284606},{"id":248327,"n":"Crème de douche Corine de Farme Surgras - Noix de coco - 500ml","p":3.35,"u":"6,70 €/L","img":"https://fd5-photos.leclercdrive.fr/image.ashx?id=2856386&use=l&cat=p&typeid=i","cat":284594},{"id":248328,"n":"Recharge Crème de douche  Le Petit Marseillais Lait 500ml","p":3.0,"u":"6,00 €/L","img":"https://fd5-photos.leclercdrive.fr/image.ashx?id=2855957&use=l&cat=p&typeid=i","cat":284594},{"id":248329,"n":"Recharge Crème de douche Fleur d'oranger - 500ml","p":2.96,"u":"5,92 €/L","img":"https://fd5-photos.leclercdrive.fr/image.ashx?id=2855960&use=l&cat=p&typeid=i","cat":284594},{"id":248330,"n":"Recharge Crème de douche Lait d'amande - 500ml","p":3.04,"u":"6,08 €/L","img":"https://fd5-photos.leclercdrive.fr/image.ashx?id=2855963&use=l&cat=p&typeid=i","cat":284594},{"id":248340,"n":"Recharge Crème de douche Le Petit Marseillais Vanille 500ml","p":2.92,"u":"5,84 €/L","img":"https://fd5-photos.leclercdrive.fr/image.ashx?id=2855966&use=l&cat=p&typeid=i","cat":284594},{"id":248341,"n":"Shampooing Garnier Merveilleux - Recharge 250ml","p":1.92,"u":"7,68 €/L","img":"https://fd5-photos.leclercdrive.fr/image.ashx?id=2904254&use=l&cat=p&typeid=i","cat":284606},{"id":248343,"n":"Masque capillaire Fructis Méthode boucles - 370ml","p":7.35,"u":"19,86 €/L","img":"https://fd5-photos.leclercdrive.fr/image.ashx?id=2867107&use=l&cat=p&typeid=i","cat":284608},{"id":248345,"n":"Bandes de cire visage Veet Peaux sensibles - x16","p":4.35,"img":"https://fd5-photos.leclercdrive.fr/image.ashx?id=2901668&use=l&cat=p&typeid=i","cat":325351},{"id":248346,"n":"Shampooing solide Bionaïa Cheveux gras - Bio - 85g","p":2.99,"u":"35,18 €/KG","img":"https://fd5-photos.leclercdrive.fr/image.ashx?id=2855813&use=l&cat=p&typeid=i","cat":284606},{"id":248347,"n":"Savon solide Bionaïa 3en1 - Amande douce Bio - 85g","p":3.49,"u":"41,06 €/KG","img":"https://fd5-photos.leclercdrive.fr/image.ashx?id=2856133&use=l&cat=p&typeid=i","cat":284597},{"id":248348,"n":"Déodorant solide stick Bionaïa Huile de coco Bio - 50g","p":3.99,"u":"79,80 €/KG","img":"https://fd5-photos.leclercdrive.fr/image.ashx?id=2855819&use=l&cat=p&typeid=i","cat":284595},{"id":248350,"n":"Complément alimentaire Eafit Minceur 360 - Poudre - 200g","p":20.47,"u":"102,35 €/KG","img":"https://fd5-photos.leclercdrive.fr/image.ashx?id=2862518&use=l&cat=p&typeid=i","cat":301267},{"id":248353,"n":"Le Jambon Supérieur Madrange Avec couenne x4 - 160g","p":3.15,"u":"19,69 €/KG","img":"https://fd5-photos.leclercdrive.fr/image.ashx?id=2975191&use=l&cat=p&typeid=i","cat":316009},{"id":248545,"n":"Chou-fleur blanc 1p","p":1.89,"img":"https://fd5-photos.leclercdrive.fr/image.ashx?id=1631991&use=l&cat=p&typeid=i","cat":284352},{"id":248546,"n":"Feuille de chêne blonde 1p","p":1.09,"img":"https://fd5-photos.leclercdrive.fr/image.ashx?id=1633646&use=l&cat=p&typeid=i","cat":284352},{"id":248585,"n":"Ananas Extra Sweet 1p","p":1.89,"img":"https://fd5-photos.leclercdrive.fr/image.ashx?id=2856700&use=l&cat=p&typeid=i","cat":284356},{"id":248708,"n":"Chiffonnade jambon aux baies Negroni - 85g","p":3.05,"u":"35,88 €/KG","img":"https://fd5-photos.leclercdrive.fr/image.ashx?id=2857863&use=l&cat=p&typeid=i","cat":316009},{"id":248804,"n":"Sauce Bio au Basilic Fattorie Umbrie","p":3.06,"u":"16,11 €/KG","img":"https://fd5-photos.leclercdrive.fr/image.ashx?id=1187648&use=l&cat=p&typeid=i","cat":288384},{"id":248812,"n":"Thé glacé Panda Tea Energie Saveur citron menthe - 4x25cl","p":2.96,"u":"2,96 €/L","img":"https://fd5-photos.leclercdrive.fr/image.ashx?id=2878189&use=l&cat=p&typeid=i","cat":295019},{"id":248813,"n":"Thé glacé Panda Tea Energie Saveur pêche - 4x25cl","p":3.49,"u":"3,49 €/L","img":"https://fd5-photos.leclercdrive.fr/image.ashx?id=2878186&use=l&cat=p&typeid=i","cat":295019},{"id":248823,"n":"Sauce algérienne Rustica 260g","p":1.67,"u":"6,42 €/KG","img":"https://fd5-photos.leclercdrive.fr/image.ashx?id=2954397&use=l&cat=p&typeid=i","cat":318431},{"id":248827,"n":"Pains au lait Epi d'or x15 - 525g","p":1.78,"u":"3,39 €/KG","img":"https://fd5-photos.leclercdrive.fr/image.ashx?id=2893337&use=l&cat=p&typeid=i","cat":296366},{"id":248828,"n":"Galettes maïs et lin Bio  Bio Village - 115g","p":1.2,"u":"8,00 €/KG","img":"https://fd5-photos.leclercdrive.fr/image.ashx?id=2858117&use=l&cat=p&typeid=i","cat":null},{"id":248899,"n":"AOP Sainte-Maure Touraine 250g","p":6.9,"u":"27,60 €/KG","img":"https://fd5-photos.leclercdrive.fr/image.ashx?id=2858648&use=l&cat=p&typeid=i","cat":314031},{"id":249019,"n":"Lessive liquide Xéor Savon de Marseille - 2.2L","p":3.89,"u":"1,77 €/L","img":"https://fd5-photos.leclercdrive.fr/image.ashx?id=2901500&use=l&cat=p&typeid=i","cat":284640},{"id":249020,"n":"Lessive liquide Xéor Fleurs de Cerisiers - 2.2L","p":3.99,"u":"1,81 €/L","img":"https://fd5-photos.leclercdrive.fr/image.ashx?id=2901491&use=l&cat=p&typeid=i","cat":284640},{"id":249021,"n":"Lessive liquide Xéor Savon de Marseille - 1.2L","p":2.12,"u":"1,77 €/L","img":"https://fd5-photos.leclercdrive.fr/image.ashx?id=2901503&use=l&cat=p&typeid=i","cat":284640},{"id":249026,"n":"Mini Pinsa Ciro 130g","p":2.08,"u":"16,00 €/KG","img":"https://fd5-photos.leclercdrive.fr/image.ashx?id=2990859&use=l&cat=p&typeid=i","cat":289010},{"id":249028,"n":"Mini pain Bruschetta Ciro 4 tranches - 260g","p":2.08,"u":"8,00 €/KG","img":"https://fd5-photos.leclercdrive.fr/image.ashx?id=2890316&use=l&cat=p&typeid=i","cat":289010},{"id":249037,"n":"Spray Huile d'amande douce Biolane 75ml","p":2.77,"u":"36,93 €/L","img":"https://fd5-photos.leclercdrive.fr/image.ashx?id=2893705&use=l&cat=p&typeid=i","cat":284741},{"id":249039,"n":"Lingettes au lait de toilette  Biolane x72","p":3.3,"u":"0,05 €/P","img":"https://fd5-photos.leclercdrive.fr/image.ashx?id=2875381&use=l&cat=p&typeid=i","cat":284738},{"id":249040,"n":"Crème nourrissante et hydratant Biolane 100ml","p":2.69,"u":"26,90 €/L","img":"https://fd5-photos.leclercdrive.fr/image.ashx?id=2893699&use=l&cat=p&typeid=i","cat":284741},{"id":249041,"n":"Crème de change dermo-pédiatrie Biolane 100ml","p":3.42,"u":"34,20 €/L","img":"https://fd5-photos.leclercdrive.fr/image.ashx?id=2893702&use=l&cat=p&typeid=i","cat":284741},{"id":249173,"n":"Riz basmati Taureau Ailé 1kg","p":3.54,"u":"3,54 €/KG","img":"https://fd5-photos.leclercdrive.fr/image.ashx?id=2860457&use=l&cat=p&typeid=i","cat":284428},{"id":249743,"n":"Sauce Crudités Bénédicta Nature - 290g","p":1.76,"u":"6,07 €/KG","img":"https://fd5-photos.leclercdrive.fr/image.ashx?id=2889661&use=l&cat=p&typeid=i","cat":284456},{"id":249957,"n":"Risotto aux champignons Knorr 175g","p":2.22,"u":"12,69 €/KG","img":"https://fd5-photos.leclercdrive.fr/image.ashx?id=2938349&use=l&cat=p&typeid=i","cat":284428},{"id":249958,"n":"Risotto classique Knorr 12min - 175g","p":2.2,"u":"12,57 €/KG","img":"https://fd5-photos.leclercdrive.fr/image.ashx?id=3011956&use=l&cat=p&typeid=i","cat":284428},{"id":249961,"n":"Risotto aux asperges Knorr 12min - 175g","p":2.22,"u":"12,69 €/KG","img":"https://fd5-photos.leclercdrive.fr/image.ashx?id=2964255&use=l&cat=p&typeid=i","cat":284428},{"id":249962,"n":"Risotto pointe de safran Knorr 12min - 175g","p":2.13,"u":"12,17 €/KG","img":"https://fd5-photos.leclercdrive.fr/image.ashx?id=2918116&use=l&cat=p&typeid=i","cat":284428},{"id":249964,"n":"Gourdes Douceur du Verger Fruits jaunes - 12x90g","p":4.39,"u":"4,06 €/KG","img":"https://fd5-photos.leclercdrive.fr/image.ashx?id=2934790&use=l&cat=p&typeid=i","cat":284508},{"id":249965,"n":"Gourdes Douceur du Verger 12x90g","p":4.19,"u":"3,88 €/KG","img":"https://fd5-photos.leclercdrive.fr/image.ashx?id=2934787&use=l&cat=p&typeid=i","cat":284508},{"id":249966,"n":"Gourdes Douceur du Verger 20x90g","p":4.89,"u":"2,72 €/KG","img":"https://fd5-photos.leclercdrive.fr/image.ashx?id=2934784&use=l&cat=p&typeid=i","cat":284508},{"id":249998,"n":"Thon en morceaux Pêche Océan 112g","p":1.73,"u":"15,45 €/KG","img":"https://fd5-photos.leclercdrive.fr/image.ashx?id=2942241&use=l&cat=p&typeid=i","cat":303867},{"id":249999,"n":"Mouliné de légumes Liebig - 25% de sel - 2x30cl","p":2.14,"u":"3,57 €/L","img":"https://fd5-photos.leclercdrive.fr/image.ashx?id=2863218&use=l&cat=p&typeid=i","cat":284462},{"id":250006,"n":"Lentilles corail Notre Jardin 280g","p":2.32,"u":"8,29 €/KG","img":"https://fd5-photos.leclercdrive.fr/image.ashx?id=2983841&use=l&cat=p&typeid=i","cat":312609},{"id":250007,"n":"Boisson aux fruits Jafun Tropical - 6x33cl","p":3.03,"u":"1,53 €/L","img":"https://fd5-photos.leclercdrive.fr/image.ashx?id=2992603&use=l&cat=p&typeid=i","cat":295018},{"id":250026,"n":"Sauce samourai Rustica 260g","p":1.39,"u":"5,35 €/KG","img":"https://fd5-photos.leclercdrive.fr/image.ashx?id=2955074&use=l&cat=p&typeid=i","cat":318431},{"id":250147,"n":"Bière blonde Grimbergen 6.7° - 25cl","p":1.0,"u":"4,00 €/L","img":"https://fd5-photos.leclercdrive.fr/image.ashx?id=2863257&use=l&cat=p&typeid=i","cat":334852},{"id":250153,"n":"Sauce burger Rustica 260g","p":1.29,"u":"4,96 €/KG","img":"https://fd5-photos.leclercdrive.fr/image.ashx?id=2954400&use=l&cat=p&typeid=i","cat":318431},{"id":250158,"n":"Crème hydratante So Bio Etic Booster d'éclat Bio 50ml","p":9.11,"u":"182,20 €/L","img":"https://fd5-photos.leclercdrive.fr/image.ashx?id=2863581&use=l&cat=p&typeid=i","cat":325350},{"id":250160,"n":"Sérum hydratation So Bio Etic Booster d'éclat Bio30ml","p":11.42,"u":"380,67 €/L","img":"https://fd5-photos.leclercdrive.fr/image.ashx?id=2863578&use=l&cat=p&typeid=i","cat":325345},{"id":250172,"n":"Sérum hydratant So Bio Etic Fortifiant repulpant Bio - 30ml","p":10.61,"u":"353,67 €/L","img":"https://fd5-photos.leclercdrive.fr/image.ashx?id=2863584&use=l&cat=p&typeid=i","cat":325345},{"id":250187,"n":"Crème douceur nuit So Bio Etic Régénérante - Anesse Bio 50ml","p":10.03,"u":"200,60 €/L","img":"https://fd5-photos.leclercdrive.fr/image.ashx?id=2863587&use=l&cat=p&typeid=i","cat":325345},{"id":250192,"n":"Brookie 12 parts - 870g","p":12.99,"u":"14,93 €/KG","img":"https://fd5-photos.leclercdrive.fr/image.ashx?id=2863566&use=l&cat=p&typeid=i","cat":284360},{"id":250250,"n":"Cognac Hennessy  Very special 40% - 70cl","p":35.16,"u":"50,23 €/L","img":"https://fd5-photos.leclercdrive.fr/image.ashx?id=2863437&use=l&cat=p&typeid=i","cat":286032},{"id":250406,"n":"Sérum capillaire So Bio Etic Karité bio équitable - 100ml","p":8.4,"u":"84,00 €/L","img":"https://fd5-photos.leclercdrive.fr/image.ashx?id=2864104&use=l&cat=p&typeid=i","cat":284608},{"id":250407,"n":"Huile végétale So Bio Etic Ricin Bio équitable - 100ml","p":8.25,"u":"82,50 €/L","img":"https://fd5-photos.leclercdrive.fr/image.ashx?id=2864107&use=l&cat=p&typeid=i","cat":284608},{"id":250408,"n":"Baguette Baléone 3 + 1 offerte","p":2.67,"u":"0,67 €/P","img":"https://fd5-photos.leclercdrive.fr/image.ashx?id=2863175&use=l&cat=p&typeid=i","cat":284359},{"id":250409,"n":"Eau micellaire So Bio Etic Peaux sensibles Bio - 300ml","p":3.45,"u":"11,50 €/L","img":"https://fd5-photos.leclercdrive.fr/image.ashx?id=2864098&use=l&cat=p&typeid=i","cat":284603},{"id":250410,"n":"Eau micellaire So Bio Etic Tous types de peaux Bio 300ml","p":3.14,"u":"10,47 €/L","img":"https://fd5-photos.leclercdrive.fr/image.ashx?id=2864095&use=l&cat=p&typeid=i","cat":284603},{"id":250411,"n":"Gel douche So Bio Etic Fleurs de Cerisier Bio - 300ml","p":3.07,"u":"10,23 €/L","img":"https://fd5-photos.leclercdrive.fr/image.ashx?id=2864101&use=l&cat=p&typeid=i","cat":284594},{"id":250412,"n":"Gel douche So Bio Etic Fruits du verger Bio - 300ml","p":2.87,"u":"9,57 €/L","img":"https://fd5-photos.leclercdrive.fr/image.ashx?id=2912275&use=l&cat=p&typeid=i","cat":284594},{"id":250415,"n":"Lait corps hydratant Nivea Fermeté Q10 + vitamine C 250ml","p":3.94,"u":"15,76 €/L","img":"https://fd5-photos.leclercdrive.fr/image.ashx?id=3008978&use=l&cat=p&typeid=i","cat":325349},{"id":250416,"n":"Crème visage nuit Nivea Q10 Power anti-rides 50ml","p":9.59,"u":"191,80 €/L","img":"https://fd5-photos.leclercdrive.fr/image.ashx?id=3014593&use=l&cat=p&typeid=i","cat":325345},{"id":250417,"n":"Crème visage jour Nivea Q10 anti-rides SPF30 50ml","p":10.5,"u":"210,00 €/L","img":"https://fd5-photos.leclercdrive.fr/image.ashx?id=3000339&use=l&cat=p&typeid=i","cat":325345},{"id":250419,"n":"Crème visage jour Nivea Q10 anti-rides SPF15 50ml","p":9.68,"u":"193,60 €/L","img":"https://fd5-photos.leclercdrive.fr/image.ashx?id=2985480&use=l&cat=p&typeid=i","cat":325345},{"id":250420,"n":"Crème visage Nivea Q10 Energy jour SPF15 50ml","p":11.39,"u":"227,80 €/L","img":"https://fd5-photos.leclercdrive.fr/image.ashx?id=3014862&use=l&cat=p&typeid=i","cat":325345},{"id":250421,"n":"Sérum visage Nivea Luminous anti-tâches 30ml","p":17.5,"u":"583,33 €/L","img":"https://fd5-photos.leclercdrive.fr/image.ashx?id=3000821&use=l&cat=p&typeid=i","cat":325345},{"id":250422,"n":"Sauce curry Rustica Curry - 260g","p":1.58,"u":"6,08 €/KG","img":"https://fd5-photos.leclercdrive.fr/image.ashx?id=2955068&use=l&cat=p&typeid=i","cat":318430},{"id":250425,"n":"Crème soin jour visage Nivea Anti-tâches SPF50 - 40ml","p":17.64,"u":"441,00 €/L","img":"https://fd5-photos.leclercdrive.fr/image.ashx?id=2985501&use=l&cat=p&typeid=i","cat":325345},{"id":250427,"n":"Crème nuit visage Nivea Q10 Energie - 50ml","p":10.83,"u":"216,60 €/L","img":"https://fd5-photos.leclercdrive.fr/image.ashx?id=2981274&use=l&cat=p&typeid=i","cat":325345},{"id":250428,"n":"Sérum visage Q10 Double action - 30ml","p":13.32,"u":"444,00 €/L","img":"https://fd5-photos.leclercdrive.fr/image.ashx?id=3014620&use=l&cat=p&typeid=i","cat":325345},{"id":250429,"n":"Crème contour yeux Nivea Q10 Power anti-rides - 15ml","p":11.95,"u":"796,67 €/L","img":"https://fd5-photos.leclercdrive.fr/image.ashx?id=3000336&use=l&cat=p&typeid=i","cat":325345},{"id":250431,"n":"Adoucissant Soupline concentré  Hypoallergénique - 1900 ml","p":8.26,"u":"4,35 €/L","img":"https://fd5-photos.leclercdrive.fr/image.ashx?id=2864230&use=l&cat=p&typeid=i","cat":284650},{"id":250435,"n":"Adoucissant concentré Soupline Ultra Vanille - 835ml","p":5.24,"u":"6,28 €/L","img":"https://fd5-photos.leclercdrive.fr/image.ashx?id=2864221&use=l&cat=p&typeid=i","cat":284650},{"id":250820,"n":"Gnocchini à poêler Lustucru 2x300g + 1 offert","p":3.19,"u":"3,54 €/KG","img":"https://fd5-photos.leclercdrive.fr/image.ashx?id=2939493&use=l&cat=p&typeid=i","cat":333682},{"id":250862,"n":"Panés epinards  Fromages - 2x90g","p":1.88,"u":"1,04 €/L","img":"https://fd5-photos.leclercdrive.fr/image.ashx?id=2932677&use=l&cat=p&typeid=i","cat":316036},{"id":251522,"n":"Boisson énergisante Celsius Pêche - 35,5cl","p":1.4,"u":"3,94 €/L","img":"https://fd5-photos.leclercdrive.fr/image.ashx?id=2905021&use=l&cat=p&typeid=i","cat":284533},{"id":251524,"n":"Tropicana - Juicy Pêche rouge 1,5L","p":2.18,"u":"1,45 €/L","img":"https://fd5-photos.leclercdrive.fr/image.ashx?id=3010813&use=l&cat=p&typeid=i","cat":284915},{"id":251988,"n":"Spray démêlant Corine de Farme Vaïana - 200ml","p":3.59,"u":"17,95 €/L","img":"https://fd5-photos.leclercdrive.fr/image.ashx?id=2868449&use=l&cat=p&typeid=i","cat":284608},{"id":251990,"n":"Patch invisible visage Garnier Anti-acné - x22","p":9.19,"img":"https://fd5-photos.leclercdrive.fr/image.ashx?id=3000794&use=l&cat=p&typeid=i","cat":325345},{"id":251996,"n":"Perles de linge Soupline Adoucissant - Vanille - 230g","p":6.35,"u":"27,61 €/KG","img":"https://fd5-photos.leclercdrive.fr/image.ashx?id=2868608&use=l&cat=p&typeid=i","cat":284650},{"id":251999,"n":"Gel douche Tahiti Coco & Jasmin - 250ml","p":1.92,"u":"7,68 €/L","img":"https://fd5-photos.leclercdrive.fr/image.ashx?id=2919445&use=l&cat=p&typeid=i","cat":284594},{"id":252000,"n":"Gel douche Tahiti Monoï & frangipanier - 250ml","p":2.18,"u":"8,72 €/L","img":"https://fd5-photos.leclercdrive.fr/image.ashx?id=2919448&use=l&cat=p&typeid=i","cat":284594},{"id":252001,"n":"Gel douche Tahiti Vanille & amande - 250ml","p":2.1,"u":"8,40 €/L","img":"https://fd5-photos.leclercdrive.fr/image.ashx?id=2919451&use=l&cat=p&typeid=i","cat":284594},{"id":252005,"n":"Spray nasal Biolane Eaux thermale et mer - 100ml","p":5.42,"u":"54,20 €/L","img":"https://fd5-photos.leclercdrive.fr/image.ashx?id=2903224&use=l&cat=p&typeid=i","cat":289435},{"id":252006,"n":"Nettoyant visage Revitalift Hydratant et lissant - 150ml","p":6.62,"u":"44,13 €/L","img":"https://fd5-photos.leclercdrive.fr/image.ashx?id=2874006&use=l&cat=p&typeid=i","cat":284603},{"id":252008,"n":"Sérum visage Revitalift Laser Correcteur anti-âge -30ml","p":17.96,"u":"598,67 €/L","img":"https://fd5-photos.leclercdrive.fr/image.ashx?id=2874024&use=l&cat=p&typeid=i","cat":325345},{"id":252009,"n":"Lessive liquide Skip Active clean - x40 - 1.68L","p":11.99,"u":"7,14 €/L","img":"https://fd5-photos.leclercdrive.fr/image.ashx?id=2908393&use=l&cat=p&typeid=i","cat":284640},{"id":252010,"n":"Lessive liquide Skip Fraîcheur intense - x40 - 1.68L","p":9.5,"u":"5,65 €/L","img":"https://fd5-photos.leclercdrive.fr/image.ashx?id=2940657&use=l&cat=p&typeid=i","cat":284640},{"id":252097,"n":"Lessive Liquide SKIP Touche de Cajoline x37 lavages","p":9.87,"u":"6,35 €/L","img":"https://fd5-photos.leclercdrive.fr/image.ashx?id=2940660&use=l&cat=p&typeid=i","cat":284640},{"id":252099,"n":"Fil dentaire Ricqles 2 en 1 - x50","p":3.95,"img":"https://fd5-photos.leclercdrive.fr/image.ashx?id=2868909&use=l&cat=p&typeid=i","cat":285159},{"id":252100,"n":"Fil dentaire expansible Ricqles Fluore et menthole - 40m","p":3.88,"img":"https://fd5-photos.leclercdrive.fr/image.ashx?id=2868912&use=l&cat=p&typeid=i","cat":285159},{"id":252102,"n":"Brossettes interdentaires  Ricqles Réutilisables 0.6mm x5","p":5.02,"img":"https://fd5-photos.leclercdrive.fr/image.ashx?id=2868915&use=l&cat=p&typeid=i","cat":285159},{"id":252105,"n":"Crème douche Naturé Moi Hydratante - Amande - 500ml","p":4.85,"u":"9,70 €/L","img":"https://fd5-photos.leclercdrive.fr/image.ashx?id=2868972&use=l&cat=p&typeid=i","cat":284594},{"id":252107,"n":"Eau de toilette Biolane Fraîcheur - 200ml","p":4.27,"u":"21,35 €/L","img":"https://fd5-photos.leclercdrive.fr/image.ashx?id=2868978&use=l&cat=p&typeid=i","cat":284741},{"id":252109,"n":"Duo sérum anti-âge L'Oréal Age perfect - 30ml","p":24.5,"pp":16.17,"u":"539,00 €/L","img":"https://fd5-photos.leclercdrive.fr/image.ashx?id=2874003&use=l&cat=p&typeid=i","cat":325345},{"id":252112,"n":"Soin anti-tâches L'Oréal Paris Bright Reveal SPF50+ - 50ml","p":16.55,"u":"331,00 €/L","img":"https://fd5-photos.leclercdrive.fr/image.ashx?id=2903428&use=l&cat=p&typeid=i","cat":325345},{"id":252113,"n":"Fluide anti-uv L'Oréal Medium SPF50 50ml","p":15.28,"u":"305,60 €/L","img":"https://fd5-photos.leclercdrive.fr/image.ashx?id=2874009&use=l&cat=p&typeid=i","cat":325345},{"id":252119,"n":"Gel moussant purifiant L'Oréal Men Expert - 260ml","p":9.83,"u":"37,81 €/L","img":"https://fd5-photos.leclercdrive.fr/image.ashx?id=2874012&use=l&cat=p&typeid=i","cat":284622},{"id":252120,"n":"Crème hydratante L'Oréal Bright Reveal - SPF50 - 50ml","p":18.39,"u":"367,80 €/L","img":"https://fd5-photos.leclercdrive.fr/image.ashx?id=2874015&use=l&cat=p&typeid=i","cat":284622},{"id":252125,"n":"Soin hydratant L'Oréal Matifiant - SPF30 - 40ml","p":11.03,"u":"275,75 €/L","img":"https://fd5-photos.leclercdrive.fr/image.ashx?id=3008785&use=l&cat=p&typeid=i","cat":284622},{"id":252127,"n":"Sérum anti-imperfection L'oréal Men expert - 30ml","p":12.87,"u":"429,00 €/L","img":"https://fd5-photos.leclercdrive.fr/image.ashx?id=2874021&use=l&cat=p&typeid=i","cat":284622},{"id":252128,"n":"Spray nettoyant multi-usage CIF Infinite+Clean Protection 280ml","p":4.1,"u":"14,64 €/MT","img":"https://fd5-photos.leclercdrive.fr/image.ashx?id=2948543&use=l&cat=p&typeid=i","cat":325357},{"id":252129,"n":"Spray nettoyant multi-usage Cif  Infinite+Clean Brillance-280ml","p":4.36,"u":"15,57 €/L","img":"https://fd5-photos.leclercdrive.fr/image.ashx?id=2872234&use=l&cat=p&typeid=i","cat":325357},{"id":252133,"n":"Spray nettoyant multi-usage CIF Infinite+Clean 280ml","p":4.1,"u":"14,64 €/L","img":"https://fd5-photos.leclercdrive.fr/image.ashx?id=2948546&use=l&cat=p&typeid=i","cat":325357},{"id":252134,"n":"Recharge Spray nettoyant CIF Infinite+Clean Protection 590ml","p":4.5,"u":"7,63 €/L","img":"https://fd5-photos.leclercdrive.fr/image.ashx?id=2948549&use=l&cat=p&typeid=i","cat":325357},{"id":252136,"n":"Recharge Spray nettoyant CIF Infinite+Clean Brillance 590ml","p":5.23,"u":"8,86 €/L","img":"https://fd5-photos.leclercdrive.fr/image.ashx?id=2940675&use=l&cat=p&typeid=i","cat":325357},{"id":252137,"n":"Recharge Spray nettoyant CIF Infinite+Clean 590ml","p":4.5,"u":"7,63 €/L","img":"https://fd5-photos.leclercdrive.fr/image.ashx?id=2974066&use=l&cat=p&typeid=i","cat":325357},{"id":252144,"n":"Emmental tranchettes Eco+ 30%MG 300g","p":2.59,"u":"8,63 €/KG","img":"https://fd5-photos.leclercdrive.fr/image.ashx?id=2874823&use=l&cat=p&typeid=i","cat":314028},{"id":252302,"n":"Coeurs fondants caramel  Côté Table x2 - 180g","p":2.74,"u":"15,22 €/KG","img":"https://fd5-photos.leclercdrive.fr/image.ashx?id=2869305&use=l&cat=p&typeid=i","cat":284267},{"id":252582,"n":"Après-shampooing Elsève Full resist - 200ml","p":4.41,"u":"22,05 €/L","img":"https://fd5-photos.leclercdrive.fr/image.ashx?id=2872931&use=l&cat=p&typeid=i","cat":284607},{"id":252587,"n":"Frites fraîches précuites Lunor 600g","p":2.93,"u":"4,88 €/KG","img":"https://fd5-photos.leclercdrive.fr/image.ashx?id=2985444&use=l&cat=p&typeid=i","cat":290299},{"id":252785,"n":"Sirop Sport Tropical 60cl","p":1.99,"u":"3,32 €/L","img":"https://fd5-photos.leclercdrive.fr/image.ashx?id=2871787&use=l&cat=p&typeid=i","cat":295020},{"id":252807,"n":"Laque Elnett Cheveux colorés - 300ml","p":8.27,"u":"27,57 €/L","img":"https://fd5-photos.leclercdrive.fr/image.ashx?id=2872928&use=l&cat=p&typeid=i","cat":284609},{"id":252808,"n":"Gel douche enfants L'Abre Vert Corps & cheveux Framboise 720ml","p":5.07,"u":"7,04 €/L","img":"https://fd5-photos.leclercdrive.fr/image.ashx?id=2950300&use=l&cat=p&typeid=i","cat":284594},{"id":252809,"n":"Spray Crème solaire Nivea Sun Hydrate - SPF30 - 200ml","p":8.88,"u":"44,40 €/L","img":"https://fd5-photos.leclercdrive.fr/image.ashx?id=2872066&use=l&cat=p&typeid=i","cat":325355},{"id":252810,"n":"Spray crème solaire Nivea Sun Corps - SPF50+ - 200ml","p":11.86,"u":"59,30 €/L","img":"https://fd5-photos.leclercdrive.fr/image.ashx?id=2986786&use=l&cat=p&typeid=i","cat":325355},{"id":252811,"n":"Lait corps Nivea Nourrissant Peaux sèches 250ml","p":4.5,"u":"22,50 €/L","img":"https://fd5-photos.leclercdrive.fr/image.ashx?id=3005233&use=l&cat=p&typeid=i","cat":325349},{"id":252813,"n":"Lait corps Nivea Douceur - 400ml","p":5.7,"u":"14,25 €/L","img":"https://fd5-photos.leclercdrive.fr/image.ashx?id=3014623&use=l&cat=p&typeid=i","cat":325349},{"id":252814,"n":"Crème visage corps mains Nivea Repair & care - 400ml","p":5.19,"pp":3.43,"u":"8,58 €/L","img":"https://fd5-photos.leclercdrive.fr/image.ashx?id=2872078&use=l&cat=p&typeid=i","cat":325350},{"id":253208,"n":"Crème visage Nivea Anti-rides Power Q10 - 2x50ml","p":16.38,"u":"163,80 €/L","img":"https://fd5-photos.leclercdrive.fr/image.ashx?id=2878258&use=l&cat=p&typeid=i","cat":325345},{"id":253339,"n":"Croque Monsieur Herta Chèvre jambon - 310g","p":2.59,"u":"8,35 €/KG","img":"https://fd5-photos.leclercdrive.fr/image.ashx?id=2877745&use=l&cat=p&typeid=i","cat":333671},{"id":253342,"n":"Croque-Monsieur Herta  Maxi Montagnard x2 - 310g","p":2.59,"u":"8,35 €/KG","img":"https://fd5-photos.leclercdrive.fr/image.ashx?id=2877748&use=l&cat=p&typeid=i","cat":333671},{"id":253344,"n":"Gnocchi à poeler Lustucru 1 sachet offert - 900g","p":3.19,"u":"3,54 €/KG","img":"https://fd5-photos.leclercdrive.fr/image.ashx?id=2873919&use=l&cat=p&typeid=i","cat":333682},{"id":253516,"n":"Brosse à dents enfant Dentamyl Clignotante - Vert  x1","p":1.99,"img":"https://fd5-photos.leclercdrive.fr/image.ashx?id=2878672&use=l&cat=p&typeid=i","cat":288897},{"id":253517,"n":"Brosse à dents enfant Dentamyl Clignotante - Bleu x1","p":1.99,"img":"https://fd5-photos.leclercdrive.fr/image.ashx?id=2878675&use=l&cat=p&typeid=i","cat":288897},{"id":253523,"n":"Brosse à dents Petit Dentamyl 2-6 ans - Rose Vert Bleu x3","p":1.47,"u":"0,49 €/P","img":"https://fd5-photos.leclercdrive.fr/image.ashx?id=2872790&use=l&cat=p&typeid=i","cat":288897},{"id":253527,"n":"Brosse à dents Petit Dentamyl 2-6 ans - Jaune Vert Bleu x3","p":1.47,"u":"0,49 €/P","img":"https://fd5-photos.leclercdrive.fr/image.ashx?id=2872793&use=l&cat=p&typeid=i","cat":288897},{"id":253528,"n":"Brosse à dents junior Dentamyl Vert / Jaune - 1 pièce","p":0.49,"img":"https://fd5-photos.leclercdrive.fr/image.ashx?id=2872796&use=l&cat=p&typeid=i","cat":288897},{"id":253529,"n":"Brosse à dents junior Dentamyl Rose - 1 pièce","p":0.49,"img":"https://fd5-photos.leclercdrive.fr/image.ashx?id=2872799&use=l&cat=p&typeid=i","cat":288897},{"id":253530,"n":"Brosse à dents junior Dentamyl Jaune / Bleu - 1 pièce","p":0.49,"img":"https://fd5-photos.leclercdrive.fr/image.ashx?id=2872802&use=l&cat=p&typeid=i","cat":288897},{"id":253531,"n":"Brosse à dents junior Dentamyl Orange / Rouge - 1 pièce","p":0.49,"img":"https://fd5-photos.leclercdrive.fr/image.ashx?id=2872805&use=l&cat=p&typeid=i","cat":288897},{"id":253533,"n":"Brosse à dent Dentamyl Rouge Tête rechargeable dure x1","p":1.17,"img":"https://fd5-photos.leclercdrive.fr/image.ashx?id=2872808&use=l&cat=p&typeid=i","cat":284614},{"id":253534,"n":"Brosse à dent Dentamyl Vert Tête rechargeable dure x1","p":1.17,"img":"https://fd5-photos.leclercdrive.fr/image.ashx?id=2872811&use=l&cat=p&typeid=i","cat":284614},{"id":253535,"n":"Brosse à dent Dentamyl Bleu Tête rechargeable dure x1","p":1.17,"img":"https://fd5-photos.leclercdrive.fr/image.ashx?id=2872814&use=l&cat=p&typeid=i","cat":284614},{"id":253536,"n":"Brosse à dent Dentamyl Orange Tête rechargeable dure","p":1.17,"img":"https://fd5-photos.leclercdrive.fr/image.ashx?id=2872817&use=l&cat=p&typeid=i","cat":284614},{"id":253539,"n":"Brosse à dent Dentamyl Bleu Tête rechargeable médium","p":1.17,"img":"https://fd5-photos.leclercdrive.fr/image.ashx?id=2872820&use=l&cat=p&typeid=i","cat":284614},{"id":253540,"n":"Brosse à dent Dentamyl Orange Tête rechargeable médium","p":1.17,"img":"https://fd5-photos.leclercdrive.fr/image.ashx?id=2872823&use=l&cat=p&typeid=i","cat":284614},{"id":253541,"n":"Brosse à dent Dentamyl Rouge Tête rechargeable médium","p":1.17,"img":"https://fd5-photos.leclercdrive.fr/image.ashx?id=2872826&use=l&cat=p&typeid=i","cat":284614},{"id":253542,"n":"Brosse à dent Dentamyl Vert Tête rechargeable médium","p":1.17,"img":"https://fd5-photos.leclercdrive.fr/image.ashx?id=2872829&use=l&cat=p&typeid=i","cat":284614},{"id":253571,"n":"Bols Mots d'Enfants - 2x200g  Tomates, pâtes et boeuf dès 8M","p":2.39,"u":"5,98 €/KG","img":"https://fd5-photos.leclercdrive.fr/image.ashx?id=2892358&use=l&cat=p&typeid=i","cat":312236},{"id":253575,"n":"Bols Mots d'Enfants - 2x200g  Parmentier de cabillaud dès 8M","p":2.09,"u":"5,23 €/KG","img":"https://fd5-photos.leclercdrive.fr/image.ashx?id=2892361&use=l&cat=p&typeid=i","cat":312236},{"id":253581,"n":"Bols Mots d'Enfants - 2x200g  Purée de légumes dès 8M","p":1.69,"u":"4,23 €/KG","img":"https://fd5-photos.leclercdrive.fr/image.ashx?id=2892364&use=l&cat=p&typeid=i","cat":312236},{"id":253677,"n":"Bols Mots d'Enfants - 2x200g  Pâtes, épinards et crème dès 8M","p":2.29,"u":"5,73 €/KG","img":"https://fd5-photos.leclercdrive.fr/image.ashx?id=2892367&use=l&cat=p&typeid=i","cat":312236},{"id":253678,"n":"Assiette Mots d'Enfants - 230g Spaghetti bolognaise dès 12M","p":1.39,"u":"6,04 €/KG","img":"https://fd5-photos.leclercdrive.fr/image.ashx?id=2898050&use=l&cat=p&typeid=i","cat":312237},{"id":253679,"n":"Assiette Mots d'Enfants - 230g Hachis parmentier dès 12M","p":1.39,"u":"6,04 €/KG","img":"https://fd5-photos.leclercdrive.fr/image.ashx?id=2892370&use=l&cat=p&typeid=i","cat":312237},{"id":253682,"n":"Assiette Mots d'Enfants - 230g Légumes et macaroni dès 12M","p":1.39,"u":"6,04 €/KG","img":"https://fd5-photos.leclercdrive.fr/image.ashx?id=2892373&use=l&cat=p&typeid=i","cat":312237},{"id":253683,"n":"Assiette Mots d'Enfants - 250g Pommes de terre, poulet dès 15M","p":1.59,"u":"6,36 €/KG","img":"https://fd5-photos.leclercdrive.fr/image.ashx?id=2898053&use=l&cat=p&typeid=i","cat":312238},{"id":253684,"n":"Assiette Mots d'Enfants - 250g Pâtes, tomate et jambon dès 15M","p":1.59,"u":"6,36 €/KG","img":"https://fd5-photos.leclercdrive.fr/image.ashx?id=2892376&use=l&cat=p&typeid=i","cat":312238},{"id":253687,"n":"Assiette Mots d'Enfants - 250g Légumes et patate douce dès 15M","p":1.59,"u":"6,36 €/KG","img":"https://fd5-photos.leclercdrive.fr/image.ashx?id=2892388&use=l&cat=p&typeid=i","cat":312238},{"id":253689,"n":"Assiette Mots d'Enfants - 250g Pdt, fondue de poireaux dès 15M","p":1.59,"u":"6,36 €/KG","img":"https://fd5-photos.leclercdrive.fr/image.ashx?id=2892379&use=l&cat=p&typeid=i","cat":312238},{"id":253691,"n":"Assiette Mots d'Enfants - 250g Pâtes boeuf bourguignon dès 18M","p":1.69,"u":"6,76 €/KG","img":"https://fd5-photos.leclercdrive.fr/image.ashx?id=2892382&use=l&cat=p&typeid=i","cat":312238},{"id":253694,"n":"Assiette Mots d'Enfants - 250g Blanquette de volaille dès 18M","p":1.69,"u":"6,76 €/KG","img":"https://fd5-photos.leclercdrive.fr/image.ashx?id=2898056&use=l&cat=p&typeid=i","cat":312238},{"id":253698,"n":"Assiette Mots d'Enfants - 250g Carottes pâtes épinards dès 18M","p":1.69,"u":"6,76 €/KG","img":"https://fd5-photos.leclercdrive.fr/image.ashx?id=2898059&use=l&cat=p&typeid=i","cat":312238},{"id":253699,"n":"Assiette Mots d'Enfants - 250g Ratatouille et boulgour dès 18M","p":1.69,"u":"6,76 €/KG","img":"https://fd5-photos.leclercdrive.fr/image.ashx?id=2892385&use=l&cat=p&typeid=i","cat":312238},{"id":253992,"n":"Gel douche L'Oréal Menexpert Hyaluronic power - 300ml","p":3.52,"u":"11,73 €/L","img":"https://fd5-photos.leclercdrive.fr/image.ashx?id=2874554&use=l&cat=p&typeid=i","cat":284619},{"id":254008,"n":"Gel douche homme Axe Copper santal - 225ml","p":2.69,"u":"11,96 €/L","img":"https://fd5-photos.leclercdrive.fr/image.ashx?id=2903881&use=l&cat=p&typeid=i","cat":284619},{"id":254028,"n":"Bière sans alcool Tourtel Twist Abricot - 6x27.5cl","p":4.69,"u":"2,84 €/L","img":"https://fd5-photos.leclercdrive.fr/image.ashx?id=2873850&use=l&cat=p&typeid=i","cat":334877},{"id":254050,"n":"Bière Desperados Sunlight citron citron vert 3x33cl","p":3.88,"u":"3,92 €/L","img":"https://fd5-photos.leclercdrive.fr/image.ashx?id=2977987&use=l&cat=p&typeid=i","cat":334878},{"id":254074,"n":"Brochette guimauve Fizzy lapin, oeuf, poussin - 50g","p":2.42,"u":"48,40 €/KG","img":"https://fd5-photos.leclercdrive.fr/image.ashx?id=2873769&use=l&cat=p&typeid=i","cat":304250},{"id":254381,"n":"Lait vitaminé Lactel Vita'Vie 1.0% MG - 6x1L","p":6.29,"u":"1,05 €/L","img":"https://fd5-photos.leclercdrive.fr/image.ashx?id=2951827&use=l&cat=p&typeid=i","cat":317169},{"id":254824,"n":"IGP Pays d'Oc rosé Bleu de Mer - 75cl","p":4.8,"u":"6,40 €/L","img":"https://fd5-photos.leclercdrive.fr/image.ashx?id=2876863&use=l&cat=p&typeid=i","cat":289558},{"id":254838,"n":"Saucisse Saint Agaune La fine - 200g +100g offerts","p":3.51,"u":"11,70 €/KG","img":"https://fd5-photos.leclercdrive.fr/image.ashx?id=2965097&use=l&cat=p&typeid=i","cat":316006},{"id":254885,"n":"Sirop sport Citron - 60cl","p":1.9,"u":"3,17 €/L","img":"https://fd5-photos.leclercdrive.fr/image.ashx?id=2946490&use=l&cat=p&typeid=i","cat":295020},{"id":254888,"n":"Monster Rio punch 50cl","p":1.66,"u":"3,32 €/L","img":"https://fd5-photos.leclercdrive.fr/image.ashx?id=2877067&use=l&cat=p&typeid=i","cat":284533},{"id":254891,"n":"Multivitamin' Capri-Sun 12x20cl + 2x20cl offerts","p":3.89,"u":"1,39 €/L","img":"https://fd5-photos.leclercdrive.fr/image.ashx?id=2920346&use=l&cat=p&typeid=i","cat":284917},{"id":254894,"n":"Tropical Capri-Sun 12x20cl + 2x20cl offerts","p":3.89,"u":"1,39 €/L","img":"https://fd5-photos.leclercdrive.fr/image.ashx?id=2920343&use=l&cat=p&typeid=i","cat":284917},{"id":254895,"n":"Monster alarm Capri-Sun 12x20cl + 2x20cl offerts","p":3.89,"u":"1,39 €/L","img":"https://fd5-photos.leclercdrive.fr/image.ashx?id=2920349&use=l&cat=p&typeid=i","cat":284917},{"id":254906,"n":"Boisson lactée Candy'up Milk skake chocolat - 3x25cl","p":2.28,"u":"3,04 €/L","img":"https://fd5-photos.leclercdrive.fr/image.ashx?id=2876710&use=l&cat=p&typeid=i","cat":295246},{"id":254911,"n":"Boisson lactée Candy'up Milk skake vanille - 3x25cl","p":2.57,"u":"3,43 €/L","img":"https://fd5-photos.leclercdrive.fr/image.ashx?id=2876713&use=l&cat=p&typeid=i","cat":295246},{"id":254937,"n":"Sauce aïoli Rustica Pot - 235g","p":1.05,"u":"4,47 €/KG","img":"https://fd5-photos.leclercdrive.fr/image.ashx?id=2955077&use=l&cat=p&typeid=i","cat":318430},{"id":254941,"n":"Bâtonnets Häagen-Dazs Cracking Macadamia x3 - 201g","p":3.46,"u":"17,21 €/KG","img":"https://fd5-photos.leclercdrive.fr/image.ashx?id=2876599&use=l&cat=p&typeid=i","cat":284265},{"id":254943,"n":"Bâtonnets Häagen-Dazs Salted Caramel x3 - 204g","p":3.18,"u":"15,59 €/KG","img":"https://fd5-photos.leclercdrive.fr/image.ashx?id=2876608&use=l&cat=p&typeid=i","cat":284265},{"id":254944,"n":"Bâtonnets Häagen-Dazs  Cookies & Cream x3 - 192g","p":3.19,"u":"16,61 €/KG","img":"https://fd5-photos.leclercdrive.fr/image.ashx?id=2876602&use=l&cat=p&typeid=i","cat":284265},{"id":254949,"n":"Bâtonnets Häagen-Dazs Smooth Vanilla x3 - 192g","p":3.04,"u":"15,83 €/KG","img":"https://fd5-photos.leclercdrive.fr/image.ashx?id=2876605&use=l&cat=p&typeid=i","cat":284265},{"id":255077,"n":"Pain de savon extra pur 400g","p":3.17,"u":"7,93 €/KG","img":"https://fd5-photos.leclercdrive.fr/image.ashx?id=2876314&use=l&cat=p&typeid=i","cat":284597},{"id":255079,"n":"Savon noir traditionnel Lavande 1L","p":3.39,"u":"3,39 €/L","img":"https://fd5-photos.leclercdrive.fr/image.ashx?id=2889373&use=l&cat=p&typeid=i","cat":284907},{"id":255081,"n":"Liquide vaisselle Thym Ecolabel - 500ml","p":1.44,"u":"2,88 €/L","img":"https://fd5-photos.leclercdrive.fr/image.ashx?id=2876320&use=l&cat=p&typeid=i","cat":284655},{"id":255141,"n":"Brosse à dents enfant Dentamyl Clignotante - Rose x1","p":1.99,"img":"https://fd5-photos.leclercdrive.fr/image.ashx?id=2878678&use=l&cat=p&typeid=i","cat":288897},{"id":255180,"n":"Déodorant tout le corps Rexona  stick 48h anti-odeur 50ml","p":3.95,"u":"79,00 €/L","img":"https://fd5-photos.leclercdrive.fr/image.ashx?id=2896033&use=l&cat=p&typeid=i","cat":284595},{"id":255191,"n":"Préservatif Durex Nude - XL - x10","p":8.39,"img":"https://fd5-photos.leclercdrive.fr/image.ashx?id=2901677&use=l&cat=p&typeid=i","cat":284631},{"id":255193,"n":"Mousse au chocolat noir La Fermière 2x70g","p":2.53,"u":"18,07 €/KG","img":"https://fd5-photos.leclercdrive.fr/image.ashx?id=2878942&use=l&cat=p&typeid=i","cat":284417},{"id":255195,"n":"Préservatifs Durex Feeling - XL - x12","p":7.51,"img":"https://fd5-photos.leclercdrive.fr/image.ashx?id=2878789&use=l&cat=p&typeid=i","cat":284631},{"id":255196,"n":"Mousse au marron  La Fermière 2x85g","p":2.75,"u":"16,18 €/KG","img":"https://fd5-photos.leclercdrive.fr/image.ashx?id=2878945&use=l&cat=p&typeid=i","cat":284417},{"id":255197,"n":"Préservatifs Durex Classic jeans - x12","p":5.51,"img":"https://fd5-photos.leclercdrive.fr/image.ashx?id=2878792&use=l&cat=p&typeid=i","cat":284631},{"id":255199,"n":"Préservatifs Durex Classic Jeans - XL - x12","p":5.17,"img":"https://fd5-photos.leclercdrive.fr/image.ashx?id=2964983&use=l&cat=p&typeid=i","cat":284631},{"id":255200,"n":"Mousse au chocolat au lait La Fermière 2x70g","p":2.67,"u":"19,07 €/KG","img":"https://fd5-photos.leclercdrive.fr/image.ashx?id=2878948&use=l&cat=p&typeid=i","cat":284417},{"id":255202,"n":"Préservatifs Durex Extra protect - x12","p":4.26,"img":"https://fd5-photos.leclercdrive.fr/image.ashx?id=2878801&use=l&cat=p&typeid=i","cat":284631},{"id":255353,"n":"Laque Syoss Tenue Ultra Max hold - 300ml","p":3.53,"u":"11,77 €/L","img":"https://fd5-photos.leclercdrive.fr/image.ashx?id=2878831&use=l&cat=p&typeid=i","cat":284609},{"id":255370,"n":"Huile solaire Avène Peaux sensibles SPF30 - 300ml","p":19.35,"u":"96,75 €/L","img":"https://fd5-photos.leclercdrive.fr/image.ashx?id=2878975&use=l&cat=p&typeid=i","cat":290396},{"id":255372,"n":"Crème solaire Avène Intense protect SPF50+ - 150ml","p":15.99,"u":"106,60 €/L","img":"https://fd5-photos.leclercdrive.fr/image.ashx?id=2878978&use=l&cat=p&typeid=i","cat":290396},{"id":255373,"n":"Spray solaire enfant Avène Haute protection SPF50+ - 200ml","p":15.49,"u":"77,45 €/L","img":"https://fd5-photos.leclercdrive.fr/image.ashx?id=2878981&use=l&cat=p&typeid=i","cat":290397},{"id":255375,"n":"Gel douche surgras A-Derma Les indispensables - 750ml","p":8.8,"u":"11,73 €/L","img":"https://fd5-photos.leclercdrive.fr/image.ashx?id=2878987&use=l&cat=p&typeid=i","cat":301591},{"id":255378,"n":"Lait solaire enfant Avène SPF50+ - 250ml","p":16.49,"u":"65,96 €/L","img":"https://fd5-photos.leclercdrive.fr/image.ashx?id=2878990&use=l&cat=p&typeid=i","cat":290397},{"id":255380,"n":"Lait après-soleil La Roche- Posay - Anthelios Post-uv 200ML","p":12.98,"u":"64,90 €/L","img":"https://fd5-photos.leclercdrive.fr/image.ashx?id=2890941&use=l&cat=p&typeid=i","cat":290394},{"id":255505,"n":"Crème de soin cheveux Nateïs Cheveux sec et frisé - 200ml","p":1.69,"u":"8,45 €/L","img":"https://fd5-photos.leclercdrive.fr/image.ashx?id=2878693&use=l&cat=p&typeid=i","cat":284608},{"id":255515,"n":"Café en grains Grand-mère Puissant - 1kg","p":18.28,"u":"18,28 €/KG","img":"https://fd5-photos.leclercdrive.fr/image.ashx?id=2880585&use=l&cat=p&typeid=i","cat":293237},{"id":255516,"n":"Café en grains Grand-mère Equilibré - 1kg","p":19.14,"u":"19,14 €/KG","img":"https://fd5-photos.leclercdrive.fr/image.ashx?id=2880588&use=l&cat=p&typeid=i","cat":293237},{"id":255547,"n":"Saucisson Mini Justin Bridou Bâton Berger Noix Jambon - 140g","p":3.89,"u":"27,79 €/KG","img":"https://fd5-photos.leclercdrive.fr/image.ashx?id=2924113&use=l&cat=p&typeid=i","cat":316006},{"id":255548,"n":"Saucisson Mini Justin Bridou Bâton de Berger Poulet - 140g","p":4.04,"u":"28,86 €/KG","img":"https://fd5-photos.leclercdrive.fr/image.ashx?id=2924116&use=l&cat=p&typeid=i","cat":316006},{"id":255549,"n":"Saucisson Fuet Justin Bridou Noisette - 150g","p":2.52,"u":"16,80 €/KG","img":"https://fd5-photos.leclercdrive.fr/image.ashx?id=2948941&use=l&cat=p&typeid=i","cat":316006},{"id":255669,"n":"Recharge Gel douche Pêche Blanche bio & Nectar 500ml","p":2.96,"u":"5,92 €/L","img":"https://fd5-photos.leclercdrive.fr/image.ashx?id=2880411&use=l&cat=p&typeid=i","cat":284594},{"id":255678,"n":"Gel douche homme Axe Aqua bergamot - 225ml","p":2.69,"u":"11,96 €/L","img":"https://fd5-photos.leclercdrive.fr/image.ashx?id=2880612&use=l&cat=p&typeid=i","cat":284619},{"id":255688,"n":"Recharge gel douche homme Pin maritime & eucalyptus 500ml","p":2.77,"u":"5,54 €/L","img":"https://fd5-photos.leclercdrive.fr/image.ashx?id=2880420&use=l&cat=p&typeid=i","cat":284619},{"id":255696,"n":"Déodorant spray homme Axe Apollo - 200ml","p":4.64,"u":"23,20 €/L","img":"https://fd5-photos.leclercdrive.fr/image.ashx?id=2985663&use=l&cat=p&typeid=i","cat":284618},{"id":255697,"n":"Déodorant spray homme Axe Black - 200ml","p":4.64,"u":"23,20 €/L","img":"https://fd5-photos.leclercdrive.fr/image.ashx?id=2880609&use=l&cat=p&typeid=i","cat":284618},{"id":255708,"n":"Complément alimentaire Granions Fer - x60 gélules","p":12.89,"u":"402,81 €/KG","img":"https://fd5-photos.leclercdrive.fr/image.ashx?id=2879760&use=l&cat=p&typeid=i","cat":301264},{"id":255714,"n":"Fluide solaire Eau Thermale Avène - Sport - SPF50+ - 100ml","p":14.99,"u":"149,90 €/L","img":"https://fd5-photos.leclercdrive.fr/image.ashx?id=2879691&use=l&cat=p&typeid=i","cat":290396},{"id":255717,"n":"Crème Kertyol  PSO Ducray Anti-démangeaison - 100ml","p":12.95,"u":"129,50 €/L","img":"https://fd5-photos.leclercdrive.fr/image.ashx?id=2879694&use=l&cat=p&typeid=i","cat":290421},{"id":255957,"n":"Déodorant spray homme Axe Dark temptation - 200ml","p":3.75,"u":"18,75 €/L","img":"https://fd5-photos.leclercdrive.fr/image.ashx?id=2881536&use=l&cat=p&typeid=i","cat":284618},{"id":255966,"n":"Déodorant spray homme Axe Epic fresh - 200ml","p":4.59,"u":"22,95 €/L","img":"https://fd5-photos.leclercdrive.fr/image.ashx?id=2881539&use=l&cat=p&typeid=i","cat":284618},{"id":255978,"n":"Déodorant spray homme Axe Ice cool - 200ml","p":4.57,"u":"22,85 €/L","img":"https://fd5-photos.leclercdrive.fr/image.ashx?id=2881548&use=l&cat=p&typeid=i","cat":284618},{"id":256000,"n":"Déodorant stick Dove Pour tout  Le corps - Lavande - 75ml","p":5.4,"u":"72,00 €/L","img":"https://fd5-photos.leclercdrive.fr/image.ashx?id=2894560&use=l&cat=p&typeid=i","cat":284595},{"id":256001,"n":"Déodorant stick Dove Pour tout Le corps - Framboise - 24h 75ml","p":5.21,"u":"69,47 €/L","img":"https://fd5-photos.leclercdrive.fr/image.ashx?id=2894563&use=l&cat=p&typeid=i","cat":284595},{"id":256003,"n":"Déodorant spray Dove Pour tout Le corps - 72h - Lavande 150ml","p":4.91,"u":"32,73 €/L","img":"https://fd5-photos.leclercdrive.fr/image.ashx?id=2894566&use=l&cat=p&typeid=i","cat":284595},{"id":256004,"n":"Déodorant spray Dove Pour tout Le corps - 72h Framboise 150ml","p":5.4,"u":"36,00 €/L","img":"https://fd5-photos.leclercdrive.fr/image.ashx?id=3009341&use=l&cat=p&typeid=i","cat":284595},{"id":256005,"n":"Déodorant crème Dove Pour tout Le corps - 72h Framboise - 75ml","p":5.21,"u":"69,47 €/L","img":"https://fd5-photos.leclercdrive.fr/image.ashx?id=2894572&use=l&cat=p&typeid=i","cat":284595},{"id":256057,"n":"Saucisse sèche Saint Azay tranchée - 120g","p":2.71,"u":"22,58 €/KG","img":"https://fd5-photos.leclercdrive.fr/image.ashx?id=2881078&use=l&cat=p&typeid=i","cat":316007},{"id":256417,"n":"Crème solaire Avène Cleanance solaire SPF50+ - 50ml","p":11.99,"u":"239,80 €/L","img":"https://fd5-photos.leclercdrive.fr/image.ashx?id=2881368&use=l&cat=p&typeid=i","cat":290396},{"id":256419,"n":"Démaquillant yeux Klorane Au bleuet - 2x200ml","p":15.4,"u":"38,50 €/L","img":"https://fd5-photos.leclercdrive.fr/image.ashx?id=2881861&use=l&cat=p&typeid=i","cat":301587},{"id":256422,"n":"Crème apaisante Ducray Kelual DS - 40ml","p":12.66,"u":"316,50 €/L","img":"https://fd5-photos.leclercdrive.fr/image.ashx?id=2881870&use=l&cat=p&typeid=i","cat":290421},{"id":256425,"n":"Ultra fluide Eau thermale Avène - Solaire - SPF50 - 50ml","p":13.89,"u":"277,80 €/L","img":"https://fd5-photos.leclercdrive.fr/image.ashx?id=2881873&use=l&cat=p&typeid=i","cat":290396},{"id":256429,"n":"Lait solaire Eau thermale Avène - SPF50+ - 250ml","p":16.49,"u":"65,96 €/L","img":"https://fd5-photos.leclercdrive.fr/image.ashx?id=2881876&use=l&cat=p&typeid=i","cat":290396},{"id":256441,"n":"Baume hydratant Cerave Visage et corps - 454ml","p":17.91,"u":"39,45 €/L","img":"https://fd5-photos.leclercdrive.fr/image.ashx?id=2881404&use=l&cat=p&typeid=i","cat":290421},{"id":256443,"n":"Crème jour visage CeraVe 52ml","p":10.45,"u":"200,96 €/L","img":"https://fd5-photos.leclercdrive.fr/image.ashx?id=2881407&use=l&cat=p&typeid=i","cat":291171},{"id":256447,"n":"Gel douche Atoderm Bioderma 1L","p":8.99,"u":"8,99 €/L","img":"https://fd5-photos.leclercdrive.fr/image.ashx?id=2979950&use=l&cat=p&typeid=i","cat":301591},{"id":256480,"n":"Gel douche homme Axe Blue lavender - 225ml","p":2.89,"u":"12,84 €/L","img":"https://fd5-photos.leclercdrive.fr/image.ashx?id=2882926&use=l&cat=p&typeid=i","cat":284619},{"id":256481,"n":"Gel douche homme Axe supreme 5-en-1 Apollo - 250ml","p":2.92,"u":"11,68 €/L","img":"https://fd5-photos.leclercdrive.fr/image.ashx?id=2902457&use=l&cat=p&typeid=i","cat":284619},{"id":256483,"n":"Gel douche homme Axe Supreme 5-en-1 - Black - 250ml","p":2.89,"u":"11,56 €/L","img":"https://fd5-photos.leclercdrive.fr/image.ashx?id=2882932&use=l&cat=p&typeid=i","cat":284619},{"id":256485,"n":"Gel douche homme Axe Supreme Dark temptation - 5-en-1 250ml","p":2.89,"u":"11,56 €/L","img":"https://fd5-photos.leclercdrive.fr/image.ashx?id=2882935&use=l&cat=p&typeid=i","cat":284619},{"id":256486,"n":"Gel douche homme Axe Supreme Provocation - 5-en-1 250ml","p":2.89,"u":"11,56 €/L","img":"https://fd5-photos.leclercdrive.fr/image.ashx?id=2992365&use=l&cat=p&typeid=i","cat":284619},{"id":256491,"n":"Déodorant tout le corps Rexona  spray 72h anti-odeur 150ml","p":4.82,"u":"32,13 €/L","img":"https://fd5-photos.leclercdrive.fr/image.ashx?id=2989486&use=l&cat=p&typeid=i","cat":284595},{"id":256494,"n":"Déodorant tout le corps Rexona  crème 72h anti-odeur 75ml","p":5.01,"u":"66,80 €/L","img":"https://fd5-photos.leclercdrive.fr/image.ashx?id=2894575&use=l&cat=p&typeid=i","cat":284595},{"id":256536,"n":"Nectar Bio Pressade Pomme - 6x20cl","p":2.27,"u":"1,89 €/L","img":"https://fd5-photos.leclercdrive.fr/image.ashx?id=2882752&use=l&cat=p&typeid=i","cat":284522},{"id":256566,"n":"AOP Côtes du Rhône Vin rouge - Bag in box - 3L","p":11.95,"u":"3,98 €/L","img":"https://fd5-photos.leclercdrive.fr/image.ashx?id=2905486&use=l&cat=p&typeid=i","cat":289556},{"id":256576,"n":"AOP Bordeaux Vin rouge - Bag in box - 3L","p":11.95,"u":"3,98 €/L","img":"https://fd5-photos.leclercdrive.fr/image.ashx?id=2904838&use=l&cat=p&typeid=i","cat":289556},{"id":256577,"n":"AOP Corbières Vin rouge - Bag in box - 3L","p":11.95,"u":"3,98 €/L","img":"https://fd5-photos.leclercdrive.fr/image.ashx?id=2905483&use=l&cat=p&typeid=i","cat":289556},{"id":256581,"n":"AOP Bergerac Vin rouge - BIB - 3L","p":10.16,"u":"3,39 €/L","img":"https://fd5-photos.leclercdrive.fr/image.ashx?id=2883119&use=l&cat=p&typeid=i","cat":289556},{"id":256587,"n":"AOP Buzet Vin rouge - Bag in box - 3L","p":11.95,"u":"3,98 €/L","img":"https://fd5-photos.leclercdrive.fr/image.ashx?id=2891076&use=l&cat=p&typeid=i","cat":289556},{"id":256710,"n":"Riz Côté Table Poulet Tikka massala  - 300g","p":2.49,"u":"8,30 €/KG","img":"https://fd5-photos.leclercdrive.fr/image.ashx?id=2972250&use=l&cat=p&typeid=i","cat":284953},{"id":256711,"n":"Chili sin carne Côté Table 300g","p":2.49,"u":"8,30 €/KG","img":"https://fd5-photos.leclercdrive.fr/image.ashx?id=2882249&use=l&cat=p&typeid=i","cat":284953},{"id":256714,"n":"Moussaka végé Côté Table 300g","p":2.61,"u":"8,70 €/KG","img":"https://fd5-photos.leclercdrive.fr/image.ashx?id=2906925&use=l&cat=p&typeid=i","cat":284953},{"id":256720,"n":"Boisson Jardin Bio Pomme vanille - 1L","p":1.9,"u":"1,90 €/L","img":"https://fd5-photos.leclercdrive.fr/image.ashx?id=2882791&use=l&cat=p&typeid=i","cat":295018},{"id":256795,"n":"Déodorant Sanex zéro Pure Fresh - 200ml","p":3.63,"u":"18,15 €/L","img":"https://fd5-photos.leclercdrive.fr/image.ashx?id=2947240&use=l&cat=p&typeid=i","cat":284595},{"id":257019,"n":"Oignon rouge 500g","p":0.95,"u":"1,90 €/KG","img":"https://fd5-photos.leclercdrive.fr/image.ashx?id=1632548&use=l&cat=p&typeid=i","cat":284352},{"id":257022,"n":"Diffuseur Raid Max Night & Day Anti-moustiques - 27ml","p":9.58,"u":"354,81 €/L","img":"https://fd5-photos.leclercdrive.fr/image.ashx?id=2967388&use=l&cat=p&typeid=i","cat":298368},{"id":257023,"n":"Recharge Raid Max Night & Day Anti-moustiques - 2x27ml","p":11.6,"u":"214,81 €/L","img":"https://fd5-photos.leclercdrive.fr/image.ashx?id=2884741&use=l&cat=p&typeid=i","cat":298368},{"id":257024,"n":"Diffuseur électrique Raid Max Liquide - 30 nuits - 21ml","p":6.89,"u":"328,10 €/L","img":"https://fd5-photos.leclercdrive.fr/image.ashx?id=2884759&use=l&cat=p&typeid=i","cat":298368},{"id":257025,"n":"Recharge électrique  Raid Max  Liquide - 30 nuits - 21ml","p":5.02,"u":"239,05 €/L","img":"https://fd5-photos.leclercdrive.fr/image.ashx?id=2884762&use=l&cat=p&typeid=i","cat":298368},{"id":257026,"n":"Spirale anti-moustiques Raid Max - Usage extérieur - x10","p":1.97,"img":"https://fd5-photos.leclercdrive.fr/image.ashx?id=2884750&use=l&cat=p&typeid=i","cat":298368},{"id":257027,"n":"Spray Raid Max Fourmis & cafards - 500ml","p":6.8,"u":"13,60 €/L","img":"https://fd5-photos.leclercdrive.fr/image.ashx?id=2884747&use=l&cat=p&typeid=i","cat":298368},{"id":257028,"n":"Gel Anti-mites Raid Max Senteur bois de cèdre - x2","p":4.02,"img":"https://fd5-photos.leclercdrive.fr/image.ashx?id=2884756&use=l&cat=p&typeid=i","cat":298368},{"id":257031,"n":"Gel anti-mites Raid Max Senteur lavande - x2","p":5.26,"img":"https://fd5-photos.leclercdrive.fr/image.ashx?id=2884753&use=l&cat=p&typeid=i","cat":298368},{"id":257034,"n":"Spray Autan Family care Anti-moustiques - 100ml","p":4.39,"u":"43,90 €/L","img":"https://fd5-photos.leclercdrive.fr/image.ashx?id=2884744&use=l&cat=p&typeid=i","cat":299654},{"id":257038,"n":"Gel douche homme Axe Supreme Provocation - 5-en-1 - 400ml","p":3.59,"u":"8,98 €/L","img":"https://fd5-photos.leclercdrive.fr/image.ashx?id=2884924&use=l&cat=p&typeid=i","cat":284619},{"id":257041,"n":"Gel douche homme Axe supreme Re-load - 5en-1 - 250ml","p":2.69,"u":"10,76 €/L","img":"https://fd5-photos.leclercdrive.fr/image.ashx?id=2884927&use=l&cat=p&typeid=i","cat":284619},{"id":257043,"n":"Gel douche homme Axe Black vanilla - 225ml","p":2.69,"u":"11,96 €/L","img":"https://fd5-photos.leclercdrive.fr/image.ashx?id=2908387&use=l&cat=p&typeid=i","cat":284619},{"id":257045,"n":"Gel douche homme Axe supreme Lendemain difficile - 400ml","p":3.59,"u":"8,98 €/L","img":"https://fd5-photos.leclercdrive.fr/image.ashx?id=2884918&use=l&cat=p&typeid=i","cat":284619},{"id":257046,"n":"Gel douche homme Axe Cherry fizz - 225ml","p":2.69,"u":"11,96 €/L","img":"https://fd5-photos.leclercdrive.fr/image.ashx?id=2908390&use=l&cat=p&typeid=i","cat":284619},{"id":257049,"n":"Déodorant spray homme Axe Cherry fizz - 150ml","p":4.61,"u":"30,73 €/L","img":"https://fd5-photos.leclercdrive.fr/image.ashx?id=3011953&use=l&cat=p&typeid=i","cat":284618},{"id":257050,"n":"Déodorant spray homme Axe Cocoa velvet - 150ml","p":4.0,"u":"26,67 €/L","img":"https://fd5-photos.leclercdrive.fr/image.ashx?id=2896468&use=l&cat=p&typeid=i","cat":284618},{"id":257051,"n":"Déodorant spray homme Axe Gold caramel billionaire 200ml","p":4.31,"u":"21,55 €/L","img":"https://fd5-photos.leclercdrive.fr/image.ashx?id=2884903&use=l&cat=p&typeid=i","cat":284618},{"id":257074,"n":"Gnocchi à poêler Lustucru Extra jambon fromage 300g","p":2.2,"u":"7,33 €/KG","img":"https://fd5-photos.leclercdrive.fr/image.ashx?id=2884387&use=l&cat=p&typeid=i","cat":333682},{"id":257076,"n":"Gnocchi à poêler Lustucru Extra fromage 300g","p":2.2,"u":"7,33 €/KG","img":"https://fd5-photos.leclercdrive.fr/image.ashx?id=2886013&use=l&cat=p&typeid=i","cat":333682},{"id":257077,"n":"Fromage enfant Mini Babybel  16 portions goûter - 352g","p":5.29,"u":"15,03 €/KG","img":"https://fd5-photos.leclercdrive.fr/image.ashx?id=2935840&use=l&cat=p&typeid=i","cat":314030},{"id":257165,"n":"Pizza Crousti-Fine Marie 4 fromages - 390g","p":2.91,"u":"7,46 €/KG","img":"https://fd5-photos.leclercdrive.fr/image.ashx?id=2996728&use=l&cat=p&typeid=i","cat":284256},{"id":257169,"n":"Pizza Crousti-Fine Marie Royale - 400g","p":2.98,"u":"7,45 €/KG","img":"https://fd5-photos.leclercdrive.fr/image.ashx?id=2996734&use=l&cat=p&typeid=i","cat":284256},{"id":257171,"n":"Pizza Crousti-Fine Marie Tomate mozzarella - 400g","p":2.81,"u":"7,03 €/KG","img":"https://fd5-photos.leclercdrive.fr/image.ashx?id=2996737&use=l&cat=p&typeid=i","cat":284256},{"id":257172,"n":"Pizza Crousti-Fine Marie Chorizo paprika - 400g","p":2.81,"u":"7,03 €/KG","img":"https://fd5-photos.leclercdrive.fr/image.ashx?id=2996731&use=l&cat=p&typeid=i","cat":284256},{"id":257201,"n":"Préservatifs Durex Intensity - x10","p":11.95,"img":"https://fd5-photos.leclercdrive.fr/image.ashx?id=2962035&use=l&cat=p&typeid=i","cat":284631},{"id":257202,"n":"Préservatifs Durex Intensity XL - x10","p":8.92,"img":"https://fd5-photos.leclercdrive.fr/image.ashx?id=2964670&use=l&cat=p&typeid=i","cat":284631},{"id":257208,"n":"Lessive liquide Xeor Fraîcheur - x44 lavages - 2.2L","p":3.89,"u":"1,77 €/L","img":"https://fd5-photos.leclercdrive.fr/image.ashx?id=2981897&use=l&cat=p&typeid=i","cat":284640},{"id":257209,"n":"Lessive liquide Xeor Oranger - x44 lavages - 2.2L","p":3.99,"u":"1,81 €/L","img":"https://fd5-photos.leclercdrive.fr/image.ashx?id=2901497&use=l&cat=p&typeid=i","cat":284640},{"id":257211,"n":"Lessive liquide Xéor Oranger - x24 lavages - 1.2L","p":2.12,"u":"1,77 €/L","img":"https://fd5-photos.leclercdrive.fr/image.ashx?id=2903977&use=l&cat=p&typeid=i","cat":284640},{"id":257212,"n":"Lessive liquide Xéor Fraîcheur - x24 lavages - 1.2L","p":2.12,"u":"1,77 €/L","img":"https://fd5-photos.leclercdrive.fr/image.ashx?id=2901506&use=l&cat=p&typeid=i","cat":284640},{"id":257213,"n":"Lessive liquide Xéor Cerisier - x24 lavages - 1.2L","p":2.12,"u":"1,77 €/L","img":"https://fd5-photos.leclercdrive.fr/image.ashx?id=2903980&use=l&cat=p&typeid=i","cat":284640},{"id":257217,"n":"Capsules lave-vaisselle Finish Ultimate citron - x26 - 335g","p":5.92,"u":"17,72 €/KG","img":"https://fd5-photos.leclercdrive.fr/image.ashx?id=2884630&use=l&cat=p&typeid=i","cat":284656},{"id":257218,"n":"Capsules lave-vaisselle Finish Ultimate - x26 - 335g","p":5.92,"u":"17,67 €/KG","img":"https://fd5-photos.leclercdrive.fr/image.ashx?id=2884633&use=l&cat=p&typeid=i","cat":284656},{"id":257219,"n":"Capsules lave-vaisselle Finish Ultimate Plus Citron x22 - 268g","p":5.92,"u":"22,09 €/KG","img":"https://fd5-photos.leclercdrive.fr/image.ashx?id=2884636&use=l&cat=p&typeid=i","cat":284656},{"id":257220,"n":"Gel lave-vaisselle Finish Power - 900ml","p":6.66,"u":"7,40 €/L","img":"https://fd5-photos.leclercdrive.fr/image.ashx?id=2884639&use=l&cat=p&typeid=i","cat":284656},{"id":257225,"n":"Gel lave-vaisselle Finish Power - Citron - 900ml","p":6.75,"u":"7,50 €/L","img":"https://fd5-photos.leclercdrive.fr/image.ashx?id=2884642&use=l&cat=p&typeid=i","cat":284656},{"id":257228,"n":"Capsules lave-vaisselle Finish Ultimate Plus - x22 - 268g","p":5.92,"u":"22,09 €/KG","img":"https://fd5-photos.leclercdrive.fr/image.ashx?id=2884900&use=l&cat=p&typeid=i","cat":284656},{"id":257230,"n":"Désinfectant linge Sanytol Stop Odeurs Fleurs blanches 500ml","p":3.04,"u":"6,08 €/L","img":"https://fd5-photos.leclercdrive.fr/image.ashx?id=2961960&use=l&cat=p&typeid=i","cat":290451},{"id":257231,"n":"Désinfectant linge Sanytol Stop Odeurs Fleurs Blanches 1L","p":5.77,"u":"5,77 €/L","img":"https://fd5-photos.leclercdrive.fr/image.ashx?id=2884312&use=l&cat=p&typeid=i","cat":290451},{"id":257232,"n":"Capsules Lave-Vaisselle SUN  Pro-Expert Regular 38 lavages","p":7.9,"u":"13,86 €/KG","img":"https://fd5-photos.leclercdrive.fr/image.ashx?id=2907728&use=l&cat=p&typeid=i","cat":284656},{"id":257233,"n":"Tablettes lave-vaisselle Uni Vert - Tout-en-1 - x45 - 720g","p":6.57,"u":"9,13 €/KG","img":"https://fd5-photos.leclercdrive.fr/image.ashx?id=3015132&use=l&cat=p&typeid=i","cat":284656},{"id":257236,"n":"Tablettes lave-vaisselle Uni Vert - Classiques - x45 - 450g","p":6.27,"u":"13,93 €/KG","img":"https://fd5-photos.leclercdrive.fr/image.ashx?id=3015135&use=l&cat=p&typeid=i","cat":284656},{"id":257240,"n":"Déodorant homme Adidas Sport fresh - 150ml","p":3.14,"u":"20,93 €/L","img":"https://fd5-photos.leclercdrive.fr/image.ashx?id=2884606&use=l&cat=p&typeid=i","cat":284618},{"id":257241,"n":"Déodorant homme Adidas Invisible - 150ml","p":3.32,"u":"22,13 €/L","img":"https://fd5-photos.leclercdrive.fr/image.ashx?id=2884609&use=l&cat=p&typeid=i","cat":284618},{"id":257243,"n":"Nettoyant ménager Ajax 5 actions Brise fraîche - 1.5L","p":2.52,"u":"1,68 €/L","img":"https://fd5-photos.leclercdrive.fr/image.ashx?id=2919442&use=l&cat=p&typeid=i","cat":284907},{"id":257244,"n":"Nettoyant ménager Ajax Citron vert - 1.5L","p":2.52,"u":"1,68 €/L","img":"https://fd5-photos.leclercdrive.fr/image.ashx?id=2884894&use=l&cat=p&typeid=i","cat":284907},{"id":257249,"n":"Liquide vaisselle Paic Intense Anti-calcaire - 500ml","p":2.94,"u":"5,88 €/L","img":"https://fd5-photos.leclercdrive.fr/image.ashx?id=2884897&use=l&cat=p&typeid=i","cat":284655},{"id":257251,"n":"Capsules Lave-Vaisselle SUN  Pro-Expert Citron 38 lavages","p":7.9,"u":"13,86 €/KG","img":"https://fd5-photos.leclercdrive.fr/image.ashx?id=2991039&use=l&cat=p&typeid=i","cat":284656},{"id":257253,"n":"Déodorant Adidas Control fresh - 150ml","p":4.2,"u":"28,00 €/L","img":"https://fd5-photos.leclercdrive.fr/image.ashx?id=2884603&use=l&cat=p&typeid=i","cat":284595},{"id":257277,"n":"Bâtonnets surimi moelleux Fleury Michon x12 - 180g","p":1.58,"u":"8,78 €/KG","img":"https://fd5-photos.leclercdrive.fr/image.ashx?id=2936920&use=l&cat=p&typeid=i","cat":285189},{"id":257278,"n":"Bâtonnets surimi moelleux Fleury Michon x18 - 270g","p":2.3,"u":"8,52 €/KG","img":"https://fd5-photos.leclercdrive.fr/image.ashx?id=2936923&use=l&cat=p&typeid=i","cat":285189},{"id":257279,"n":"Bâtonnets surimi moelleux  Fleury Michon x24 - 360g","p":2.91,"u":"8,08 €/KG","img":"https://fd5-photos.leclercdrive.fr/image.ashx?id=2936926&use=l&cat=p&typeid=i","cat":285189},{"id":257280,"n":"Bâtonnets surimi moelleux Fleury Michon x30 - 450g","p":3.32,"u":"7,38 €/KG","img":"https://fd5-photos.leclercdrive.fr/image.ashx?id=2936929&use=l&cat=p&typeid=i","cat":285189},{"id":257322,"n":"Nectar Bio Pressade Orange - 1.5L","p":2.94,"u":"1,96 €/L","img":"https://fd5-photos.leclercdrive.fr/image.ashx?id=2885357&use=l&cat=p&typeid=i","cat":284521},{"id":257335,"n":"Gel moussant CeraVe Anti-imperfection - 236ml","p":9.28,"u":"39,32 €/L","img":"https://fd5-photos.leclercdrive.fr/image.ashx?id=2889043&use=l&cat=p&typeid=i","cat":291166},{"id":257342,"n":"Après-shampooing Klorane  Figuier - 200ML","p":10.89,"u":"54,45 €/L","img":"https://fd5-photos.leclercdrive.fr/image.ashx?id=2886840&use=l&cat=p&typeid=i","cat":290398},{"id":257355,"n":"Soin concentré CeraVe Anti-imperfections - 40ml","p":10.87,"u":"271,75 €/L","img":"https://fd5-photos.leclercdrive.fr/image.ashx?id=2889040&use=l&cat=p&typeid=i","cat":291166},{"id":257364,"n":"Soin teinté La Roche-Posay Effaclar Duo+M Unifiant - 40ml","p":15.49,"u":"387,25 €/L","img":"https://fd5-photos.leclercdrive.fr/image.ashx?id=2926425&use=l&cat=p&typeid=i","cat":291166},{"id":257366,"n":"Huile de douche Atoderm Bioderm Bioderma - 1L","p":12.49,"u":"12,49 €/L","img":"https://fd5-photos.leclercdrive.fr/image.ashx?id=2887059&use=l&cat=p&typeid=i","cat":301591},{"id":257370,"n":"Huile prodigieuse Or Nuxe Florale - 50ml","p":17.89,"u":"357,80 €/L","img":"https://fd5-photos.leclercdrive.fr/image.ashx?id=2889022&use=l&cat=p&typeid=i","cat":290422},{"id":257374,"n":"Gel nettoyant Nuxe Zinc Power - 150ml","p":13.0,"u":"86,67 €/L","img":"https://fd5-photos.leclercdrive.fr/image.ashx?id=2889028&use=l&cat=p&typeid=i","cat":301587},{"id":257383,"n":"Soin d'exception Nuxe Nuxuriance Ultra - 75ml","p":59.99,"u":"799,87 €/L","img":"https://fd5-photos.leclercdrive.fr/image.ashx?id=2889037&use=l&cat=p&typeid=i","cat":291168},{"id":257389,"n":"Crème Créaline Bioderma Anti-rougeurs - 40ml","p":17.59,"u":"439,75 €/L","img":"https://fd5-photos.leclercdrive.fr/image.ashx?id=2887062&use=l&cat=p&typeid=i","cat":291171},{"id":257391,"n":"Barre gourmande Grainéa Chocolat Cacahuète - 140g","p":1.93,"u":"13,79 €/KG","img":"https://fd5-photos.leclercdrive.fr/image.ashx?id=2885777&use=l&cat=p&typeid=i","cat":285869},{"id":257593,"n":"Saumon fumé Ecosse  4 tranches 130g","p":7.85,"u":"60,38 €/KG","img":"https://fd5-photos.leclercdrive.fr/image.ashx?id=2885947&use=l&cat=p&typeid=i","cat":285188},{"id":257595,"n":"Saumon fumé Norvège 4 tranches 130g","p":6.71,"u":"51,62 €/KG","img":"https://fd5-photos.leclercdrive.fr/image.ashx?id=2885950&use=l&cat=p&typeid=i","cat":285188},{"id":257606,"n":"Cappelletti Rana jambon cru 250g","p":3.22,"u":"12,88 €/KG","img":"https://fd5-photos.leclercdrive.fr/image.ashx?id=2886358&use=l&cat=p&typeid=i","cat":333682},{"id":257608,"n":"Raviolis Rana ricotta épinards 250g","p":3.17,"u":"12,68 €/KG","img":"https://fd5-photos.leclercdrive.fr/image.ashx?id=2886361&use=l&cat=p&typeid=i","cat":333682},{"id":257609,"n":"Raviolis Rana 4 fromages 250g","p":3.17,"u":"12,68 €/KG","img":"https://fd5-photos.leclercdrive.fr/image.ashx?id=2886364&use=l&cat=p&typeid=i","cat":333682},{"id":257612,"n":"Tortellini Rana bacon, speck & mozzarella 250g","p":3.36,"u":"13,44 €/KG","img":"https://fd5-photos.leclercdrive.fr/image.ashx?id=2886370&use=l&cat=p&typeid=i","cat":333682},{"id":257858,"n":"Glace Magnum Chocolat blanc cookies - 168g","p":3.89,"u":"23,15 €/KG","img":"https://fd5-photos.leclercdrive.fr/image.ashx?id=2886409&use=l&cat=p&typeid=i","cat":284725},{"id":257864,"n":"Bière aromatisée Somersby Pomme 4,5° - 6x33cl canettes","p":6.14,"u":"3,10 €/L","img":"https://fd5-photos.leclercdrive.fr/image.ashx?id=2885959&use=l&cat=p&typeid=i","cat":334878},{"id":257868,"n":"Bière Rouge la Bête Rouge 8% 75cl","p":4.11,"u":"5,48 €/L","img":"https://fd5-photos.leclercdrive.fr/image.ashx?id=2885962&use=l&cat=p&typeid=i","cat":334878},{"id":257902,"n":"Céréales All-Bran Kellogg's Fibre plus - 500g","p":3.97,"u":"7,94 €/KG","img":"https://fd5-photos.leclercdrive.fr/image.ashx?id=2885643&use=l&cat=p&typeid=i","cat":309512},{"id":258053,"n":"Soda Coca Cola Cherry Canette 33cl","p":0.75,"u":"2,27 €/L","img":"https://fd5-photos.leclercdrive.fr/image.ashx?id=3009056&use=l&cat=p&typeid=i","cat":284530},{"id":258080,"n":"Limonade Lorina grenadine 4x33cl","p":3.25,"u":"2,46 €/L","img":"https://fd5-photos.leclercdrive.fr/image.ashx?id=2895331&use=l&cat=p&typeid=i","cat":284531},{"id":258082,"n":"Limonade Lorina pêche blanche 4x33cl","p":3.25,"u":"2,46 €/L","img":"https://fd5-photos.leclercdrive.fr/image.ashx?id=2895864&use=l&cat=p&typeid=i","cat":284531},{"id":258141,"n":"Pâtes Panzani  grandes coquillettes - 500g","p":1.56,"u":"3,12 €/KG","img":"https://fd5-photos.leclercdrive.fr/image.ashx?id=2887536&use=l&cat=p&typeid=i","cat":284427},{"id":258143,"n":"Pâtes Panzani  fusilli - 500g","p":1.56,"u":"3,12 €/KG","img":"https://fd5-photos.leclercdrive.fr/image.ashx?id=2887530&use=l&cat=p&typeid=i","cat":284427},{"id":258144,"n":"Pâtes Panzani rigatoni - 500g","p":1.56,"u":"3,12 €/KG","img":"https://fd5-photos.leclercdrive.fr/image.ashx?id=2887533&use=l&cat=p&typeid=i","cat":284427},{"id":258295,"n":"Croissants fourrés Nutella  x4 - 340g","p":3.99,"u":"11,74 €/KG","img":"https://fd5-photos.leclercdrive.fr/image.ashx?id=2899749&use=l&cat=p&typeid=i","cat":284267},{"id":258301,"n":"Spaghetti William Saurin Bolognaise pure boeuf - 300g","p":2.69,"u":"8,97 €/KG","img":"https://fd5-photos.leclercdrive.fr/image.ashx?id=2939517&use=l&cat=p&typeid=i","cat":284953},{"id":258303,"n":"Poulet basquaise William Saurin 285g","p":2.44,"u":"8,56 €/KG","img":"https://fd5-photos.leclercdrive.fr/image.ashx?id=2928564&use=l&cat=p&typeid=i","cat":284953},{"id":258305,"n":"Risotto William Saurin poulet et champignons - 280g","p":2.48,"u":"8,86 €/KG","img":"https://fd5-photos.leclercdrive.fr/image.ashx?id=2912113&use=l&cat=p&typeid=i","cat":284953},{"id":258308,"n":"Torsades saumon William Saurin Crème et aneth - 280g","p":2.48,"u":"8,86 €/KG","img":"https://fd5-photos.leclercdrive.fr/image.ashx?id=2916009&use=l&cat=p&typeid=i","cat":284953},{"id":258309,"n":"Merlu blanc William Saurin Riz et légumes - 300g","p":2.47,"u":"8,23 €/KG","img":"https://fd5-photos.leclercdrive.fr/image.ashx?id=2986392&use=l&cat=p&typeid=i","cat":284953},{"id":258310,"n":"Blanquette William Saurin Veau et riz - 285g","p":2.87,"u":"10,07 €/KG","img":"https://fd5-photos.leclercdrive.fr/image.ashx?id=2906286&use=l&cat=p&typeid=i","cat":284953},{"id":258311,"n":"Olives noires Rustica façon grècque - 235g","p":1.55,"u":"6,60 €/KG","img":"https://fd5-photos.leclercdrive.fr/image.ashx?id=2970590&use=l&cat=p&typeid=i","cat":284458},{"id":258312,"n":"Bourguignon William Saurin Boeuf - 300g","p":2.96,"u":"9,87 €/KG","img":"https://fd5-photos.leclercdrive.fr/image.ashx?id=2906289&use=l&cat=p&typeid=i","cat":284953},{"id":258313,"n":"Bières Desperados Sunlight  cerise/grenade 4° - 3x33cl","p":3.81,"u":"3,85 €/L","img":"https://fd5-photos.leclercdrive.fr/image.ashx?id=2899401&use=l&cat=p&typeid=i","cat":334878},{"id":258314,"n":"Hachis William Saurin Parmentier pur boeuf - 300g","p":2.97,"u":"9,90 €/KG","img":"https://fd5-photos.leclercdrive.fr/image.ashx?id=2906292&use=l&cat=p&typeid=i","cat":284953},{"id":258318,"n":"Dentifrice Colgate  Action charbon - 75ml","p":2.6,"u":"34,67 €/L","img":"https://fd5-photos.leclercdrive.fr/image.ashx?id=2888199&use=l&cat=p&typeid=i","cat":284612},{"id":258320,"n":"Dentifrice Elmex Email blancheur - 75ml","p":5.52,"u":"73,60 €/L","img":"https://fd5-photos.leclercdrive.fr/image.ashx?id=2888196&use=l&cat=p&typeid=i","cat":284612},{"id":258321,"n":"Dentifrice soin Elmex Sensitive expert - 75ml","p":6.42,"u":"85,60 €/L","img":"https://fd5-photos.leclercdrive.fr/image.ashx?id=2888205&use=l&cat=p&typeid=i","cat":284612},{"id":258322,"n":"Dentifrice sensitive Elmex Soin instantané - 75ml","p":6.27,"u":"83,60 €/L","img":"https://fd5-photos.leclercdrive.fr/image.ashx?id=3009338&use=l&cat=p&typeid=i","cat":284612},{"id":258323,"n":"Dentifrice gencives Elmex Sensitive plus - 75ml","p":6.33,"u":"84,40 €/L","img":"https://fd5-photos.leclercdrive.fr/image.ashx?id=2888193&use=l&cat=p&typeid=i","cat":284612},{"id":258339,"n":"Glace Kinder Bueno Cônes noisettes x6 - 372g","p":5.71,"u":"15,35 €/KG","img":"https://fd5-photos.leclercdrive.fr/image.ashx?id=2891334&use=l&cat=p&typeid=i","cat":284264},{"id":258340,"n":"Glace Kinder Bueno White Cônes noisettes x6 - 372g","p":5.71,"u":"15,35 €/KG","img":"https://fd5-photos.leclercdrive.fr/image.ashx?id=2890814&use=l&cat=p&typeid=i","cat":284264},{"id":258342,"n":"Glace Ferrero bâtonnets chocolat noir orange x3 - 138g","p":3.17,"u":"22,97 €/KG","img":"https://fd5-photos.leclercdrive.fr/image.ashx?id=2889913&use=l&cat=p&typeid=i","cat":284265},{"id":258343,"n":"Crêpes Nutella  x6 - 240g","p":4.55,"u":"18,96 €/KG","img":"https://fd5-photos.leclercdrive.fr/image.ashx?id=2899761&use=l&cat=p&typeid=i","cat":284267},{"id":258345,"n":"Muffins Nutella  x4 - 264g","p":4.55,"u":"17,23 €/KG","img":"https://fd5-photos.leclercdrive.fr/image.ashx?id=2899758&use=l&cat=p&typeid=i","cat":284267},{"id":258347,"n":"Donuts Nutella x4 - 240g","p":4.55,"u":"18,96 €/KG","img":"https://fd5-photos.leclercdrive.fr/image.ashx?id=2889916&use=l&cat=p&typeid=i","cat":284267},{"id":258350,"n":"Ravioli Rana tomate mozzarella 250g","p":3.05,"u":"12,20 €/KG","img":"https://fd5-photos.leclercdrive.fr/image.ashx?id=2889931&use=l&cat=p&typeid=i","cat":333682},{"id":258351,"n":"Pâtes fraîches Rana Poulet rôti au citron 250g","p":3.36,"u":"13,44 €/KG","img":"https://fd5-photos.leclercdrive.fr/image.ashx?id=2889934&use=l&cat=p&typeid=i","cat":333682},{"id":258352,"n":"Tortellini Rana Parmigiano  Reggiano 250g","p":3.05,"u":"12,20 €/KG","img":"https://fd5-photos.leclercdrive.fr/image.ashx?id=2889937&use=l&cat=p&typeid=i","cat":333682},{"id":258356,"n":"Raviolis Rana Burrata chorizo 250g","p":3.67,"u":"14,68 €/KG","img":"https://fd5-photos.leclercdrive.fr/image.ashx?id=2889943&use=l&cat=p&typeid=i","cat":333682},{"id":258357,"n":"Ravioli Rana crevettes pois chi Pois chiches 250g","p":3.89,"u":"15,56 €/KG","img":"https://fd5-photos.leclercdrive.fr/image.ashx?id=2890445&use=l&cat=p&typeid=i","cat":333682},{"id":258363,"n":"Bières Softiz Sans alcool  Saveur citron - 6x27,5cl","p":3.42,"u":"2,07 €/L","img":"https://fd5-photos.leclercdrive.fr/image.ashx?id=2887431&use=l&cat=p&typeid=i","cat":334877},{"id":258366,"n":"Bières Softiz Sans alcool  Saveur mojito - 6x27,5cl","p":3.42,"u":"2,07 €/L","img":"https://fd5-photos.leclercdrive.fr/image.ashx?id=2887428&use=l&cat=p&typeid=i","cat":334877},{"id":258387,"n":"Bières Desperados Sunlight  mangue/passion 4° - 3x33cl","p":4.71,"u":"4,76 €/L","img":"https://fd5-photos.leclercdrive.fr/image.ashx?id=2977990&use=l&cat=p&typeid=i","cat":334878},{"id":258574,"n":"Compote Charles & Alice Poire/banane/mangue - 12x100g","p":3.95,"u":"3,29 €/KG","img":"https://fd5-photos.leclercdrive.fr/image.ashx?id=2908057&use=l&cat=p&typeid=i","cat":284416},{"id":258606,"n":"Soda Fanta Orange  Bouteille - 1.25L","p":1.53,"u":"1,22 €/L","img":"https://fd5-photos.leclercdrive.fr/image.ashx?id=2924752&use=l&cat=p&typeid=i","cat":284532},{"id":258816,"n":"Cacahuètes Curly  Miel barbecue - 150g","p":1.34,"u":"8,93 €/KG","img":"https://fd5-photos.leclercdrive.fr/image.ashx?id=2906367&use=l&cat=p&typeid=i","cat":284448},{"id":259159,"n":"Soin visage Fluide anti tâches  UV vitamine C  Garnier -40ml","p":7.98,"u":"199,50 €/L","img":"https://fd5-photos.leclercdrive.fr/image.ashx?id=2904251&use=l&cat=p&typeid=i","cat":325345},{"id":259176,"n":"Déodorant stick Menthe fraîche Homme 48h Mennen -60ml","p":5.58,"u":"93,00 €/L","img":"https://fd5-photos.leclercdrive.fr/image.ashx?id=2904257&use=l&cat=p&typeid=i","cat":284618},{"id":259179,"n":"Préservatifs Durex Intensity - x5","p":5.32,"img":"https://fd5-photos.leclercdrive.fr/image.ashx?id=2962032&use=l&cat=p&typeid=i","cat":284631},{"id":259180,"n":"Préservatifs Durex Intensity - x20","p":17.6,"img":"https://fd5-photos.leclercdrive.fr/image.ashx?id=2964980&use=l&cat=p&typeid=i","cat":284631},{"id":259181,"n":"Déodorant stick Black Tonka  48h Mennen -60ml","p":5.38,"u":"89,67 €/L","img":"https://fd5-photos.leclercdrive.fr/image.ashx?id=2904263&use=l&cat=p&typeid=i","cat":284618},{"id":259184,"n":"Préservatifs Durex Classic Jeans - x20","p":7.5,"img":"https://fd5-photos.leclercdrive.fr/image.ashx?id=2892433&use=l&cat=p&typeid=i","cat":284631},{"id":259185,"n":"Déodorant stick Green Yuzu  48h Mennen -60ml","p":5.38,"u":"89,67 €/L","img":"https://fd5-photos.leclercdrive.fr/image.ashx?id=2904266&use=l&cat=p&typeid=i","cat":284618},{"id":259189,"n":"Poudre lave-vaisselle Visior 1.71kg","p":7.64,"u":"4,47 €/KG","img":"https://fd5-photos.leclercdrive.fr/image.ashx?id=2889208&use=l&cat=p&typeid=i","cat":284656},{"id":259190,"n":"Eau de parfum Adidas Energy drive - 100ml","p":17.47,"u":"174,70 €/L","img":"https://fd5-photos.leclercdrive.fr/image.ashx?id=2892856&use=l&cat=p&typeid=i","cat":291525},{"id":259193,"n":"Recharge savon mains Rainett  Senses - Aloe vera - 500ml","p":2.93,"u":"5,86 €/L","img":"https://fd5-photos.leclercdrive.fr/image.ashx?id=2988656&use=l&cat=p&typeid=i","cat":284597},{"id":259200,"n":"Recharge savon mains Rainett Senses - Grenade - 500ml","p":2.87,"u":"5,74 €/L","img":"https://fd5-photos.leclercdrive.fr/image.ashx?id=2892967&use=l&cat=p&typeid=i","cat":284597},{"id":259207,"n":"Dentifrice Sensodyne Sensibilité quotidienne - 75ml","p":3.61,"u":"48,13 €/L","img":"https://fd5-photos.leclercdrive.fr/image.ashx?id=2893003&use=l&cat=p&typeid=i","cat":284612},{"id":259211,"n":"Dentifrice Enfants Sensodyne 2-6 ans - 50ml","p":4.19,"u":"83,80 €/L","img":"https://fd5-photos.leclercdrive.fr/image.ashx?id=2893009&use=l&cat=p&typeid=i","cat":288898},{"id":259216,"n":"Gel douche Sanex Derma thérapie Anti-démangeaison - 425ml","p":5.13,"u":"12,07 €/L","img":"https://fd5-photos.leclercdrive.fr/image.ashx?id=2893147&use=l&cat=p&typeid=i","cat":284594},{"id":259217,"n":"Gel douche Sanex Derma thérapie Anti-dessèchement - 425ml","p":4.04,"u":"9,51 €/L","img":"https://fd5-photos.leclercdrive.fr/image.ashx?id=2913508&use=l&cat=p&typeid=i","cat":284594},{"id":259220,"n":"Préparation Francine  Flan patissier - 720g","p":3.44,"u":"4,78 €/KG","img":"https://fd5-photos.leclercdrive.fr/image.ashx?id=2892514&use=l&cat=p&typeid=i","cat":284506},{"id":259221,"n":"Recharge Gel douche Sanex Natural prebiotic -  450ml","p":4.74,"u":"10,53 €/L","img":"https://fd5-photos.leclercdrive.fr/image.ashx?id=2947243&use=l&cat=p&typeid=i","cat":284594},{"id":259222,"n":"Préparation Francine  Flan entremets vanille - 200g","p":1.7,"u":"8,50 €/KG","img":"https://fd5-photos.leclercdrive.fr/image.ashx?id=2892511&use=l&cat=p&typeid=i","cat":284505},{"id":259223,"n":"Préparation Francine  Moelleux au chocolat - 415g","p":3.01,"u":"7,25 €/KG","img":"https://fd5-photos.leclercdrive.fr/image.ashx?id=2892508&use=l&cat=p&typeid=i","cat":284506},{"id":259224,"n":"Préparation Francine  Moelleux nature - 415g","p":2.95,"u":"7,11 €/KG","img":"https://fd5-photos.leclercdrive.fr/image.ashx?id=2892505&use=l&cat=p&typeid=i","cat":284506},{"id":259225,"n":"Préparation Francine  Focaccia - 510g","p":1.84,"u":"3,61 €/KG","img":"https://fd5-photos.leclercdrive.fr/image.ashx?id=2892517&use=l&cat=p&typeid=i","cat":284503},{"id":259236,"n":"Mionetto Prosecco Effervescent Sans alcool - 75cl","p":5.99,"u":"79,87 €/L","img":"https://fd5-photos.leclercdrive.fr/image.ashx?id=3011917&use=l&cat=p&typeid=i","cat":286032},{"id":259245,"n":"Bière aromatisée 1664 Rosé 4,5°- 6x25cl","p":5.1,"u":"3,40 €/L","img":"https://fd5-photos.leclercdrive.fr/image.ashx?id=2892457&use=l&cat=p&typeid=i","cat":334878},{"id":259249,"n":"Bière aromatisée Somersby Pomme 4,5° - 3x27,5cl","p":4.29,"u":"5,20 €/L","img":"https://fd5-photos.leclercdrive.fr/image.ashx?id=2892460&use=l&cat=p&typeid=i","cat":334878},{"id":259250,"n":"Bière aromatisée Somersby Citron Yuzu 4,5° - 3x27,5cl","p":3.43,"u":"4,16 €/L","img":"https://fd5-photos.leclercdrive.fr/image.ashx?id=2892463&use=l&cat=p&typeid=i","cat":334878},{"id":259253,"n":"Bière aromatisée Somersby Framboise 4,5° - 3x27,5cl","p":3.42,"u":"4,15 €/L","img":"https://fd5-photos.leclercdrive.fr/image.ashx?id=2892466&use=l&cat=p&typeid=i","cat":334878},{"id":259259,"n":"Bière blonde La Goudale 20x25cl - 7.2%","p":13.3,"u":"2,66 €/L","img":"https://fd5-photos.leclercdrive.fr/image.ashx?id=2962599&use=l&cat=p&typeid=i","cat":334852},{"id":259260,"n":"Bière brune Guinness 4,2° - 4x44cl","p":8.15,"u":"4,63 €/L","img":"https://fd5-photos.leclercdrive.fr/image.ashx?id=2896390&use=l&cat=p&typeid=i","cat":334853},{"id":259262,"n":"Bière blonde Stella Artois 5,2% - 6x25cl","p":5.26,"u":"3,51 €/L","img":"https://fd5-photos.leclercdrive.fr/image.ashx?id=2944371&use=l&cat=p&typeid=i","cat":334873},{"id":259263,"n":"Bière blonde Stella Artois 5,2% - 12x25cl","p":9.5,"pp":6.27,"u":"2,09 €/L","img":"https://fd5-photos.leclercdrive.fr/image.ashx?id=2971754&use=l&cat=p&typeid=i","cat":334873},{"id":259279,"n":"Bière blonde Bud 5% - 50cl canette","p":4.31,"u":"21,55 €/L","img":"https://fd5-photos.leclercdrive.fr/image.ashx?id=2994554&use=l&cat=p&typeid=i","cat":334853},{"id":259282,"n":"Bière blonde 8.6 Original - 8.6% - 8x50cl","p":10.11,"u":"2,53 €/L","img":"https://fd5-photos.leclercdrive.fr/image.ashx?id=3001527&use=l&cat=p&typeid=i","cat":334853},{"id":259289,"n":"Piles Alcaline Longlife Power C / LR14 x2","p":4.56,"img":"https://fd5-photos.leclercdrive.fr/image.ashx?id=2892955&use=l&cat=p&typeid=i","cat":300572},{"id":259292,"n":"Complément alimentaire Granions Collagène+ Beauté - 265g","p":24.07,"u":"90,83 €/KG","img":"https://fd5-photos.leclercdrive.fr/image.ashx?id=2892904&use=l&cat=p&typeid=i","cat":301266},{"id":259302,"n":"Produit vaisselle recharge  Paic -900ml","p":5.18,"u":"5,76 €/L","img":"https://fd5-photos.leclercdrive.fr/image.ashx?id=2893156&use=l&cat=p&typeid=i","cat":284655},{"id":259321,"n":"Pain burger Jacquet Géant brioché x4 - 300g","p":1.4,"u":"4,67 €/KG","img":"https://fd5-photos.leclercdrive.fr/image.ashx?id=2991879&use=l&cat=p&typeid=i","cat":325067},{"id":259322,"n":"Pain burger Jacquet Nature x6 - 330g","p":1.24,"u":"3,76 €/KG","img":"https://fd5-photos.leclercdrive.fr/image.ashx?id=2991885&use=l&cat=p&typeid=i","cat":325067},{"id":259323,"n":"Burger Jacquet brioché Ultra moelleux x4 - 250g","p":1.78,"u":"7,12 €/KG","img":"https://fd5-photos.leclercdrive.fr/image.ashx?id=3010984&use=l&cat=p&typeid=i","cat":325067},{"id":259631,"n":"Bières 8.6 original 8.6% VOL Pack 6x25cl","p":5.19,"u":"3,46 €/L","img":"https://fd5-photos.leclercdrive.fr/image.ashx?id=2893135&use=l&cat=p&typeid=i","cat":334873},{"id":259632,"n":"Nectar Bio Pressade Pomme - 1.5L","p":2.1,"u":"1,40 €/L","img":"https://fd5-photos.leclercdrive.fr/image.ashx?id=2892586&use=l&cat=p&typeid=i","cat":284522},{"id":259754,"n":"Bière blonde Stella Artois 5,2% - 50cl canette","p":1.42,"u":"2,84 €/L","img":"https://fd5-photos.leclercdrive.fr/image.ashx?id=2893063&use=l&cat=p&typeid=i","cat":334853},{"id":260044,"n":"Liqueur Get Menthe & fruits rouges 17.9° - 70cl","p":12.99,"u":"18,56 €/L","img":"https://fd5-photos.leclercdrive.fr/image.ashx?id=3009104&use=l&cat=p&typeid=i","cat":286032},{"id":260047,"n":"Boisson énergisante Celsius Multifruits - 35,5cl","p":1.4,"u":"3,94 €/L","img":"https://fd5-photos.leclercdrive.fr/image.ashx?id=2919006&use=l&cat=p&typeid=i","cat":284533},{"id":260054,"n":"Boisson énergisante Celsius Fraise passion - 35,5cl","p":1.4,"u":"3,94 €/L","img":"https://fd5-photos.leclercdrive.fr/image.ashx?id=2922158&use=l&cat=p&typeid=i","cat":284533},{"id":260058,"n":"Dentifrice Oral-B Professional Protection sensibilité - 2x75ml","p":7.87,"u":"52,47 €/L","img":"https://fd5-photos.leclercdrive.fr/image.ashx?id=2893823&use=l&cat=p&typeid=i","cat":284612},{"id":260059,"n":"Dentifrice Oral-B Professional Protection gencives - 2x75ml","p":7.89,"u":"52,60 €/L","img":"https://fd5-photos.leclercdrive.fr/image.ashx?id=2893826&use=l&cat=p&typeid=i","cat":284612},{"id":260214,"n":"Cookies BN Pépites aux 2 chocolats - 150g","p":2.0,"u":"13,33 €/KG","img":"https://fd5-photos.leclercdrive.fr/image.ashx?id=2901704&use=l&cat=p&typeid=i","cat":325066},{"id":260259,"n":"Aérosol Glade Pet Range  Huiles essentielles -300ml","p":3.21,"u":"10,70 €/L","img":"https://fd5-photos.leclercdrive.fr/image.ashx?id=2894458&use=l&cat=p&typeid=i","cat":311626},{"id":260281,"n":"Bière blonde de caractère  Pélican 7.5% 12x25cl","p":11.39,"pp":7.52,"u":"2,51 €/L","img":"https://fd5-photos.leclercdrive.fr/image.ashx?id=2922600&use=l&cat=p&typeid=i","cat":334872},{"id":260328,"n":"Riz Taureau Ailé Basmati du Punjab - 500g","p":1.74,"u":"3,48 €/KG","img":"https://fd5-photos.leclercdrive.fr/image.ashx?id=2893756&use=l&cat=p&typeid=i","cat":284428},{"id":260330,"n":"Rice Box Sodebo  Poulet curry riz - 330g","p":3.31,"u":"10,03 €/KG","img":"https://fd5-photos.leclercdrive.fr/image.ashx?id=2894227&use=l&cat=p&typeid=i","cat":334983},{"id":260715,"n":"Serviettes hygiéniques Long +  Always ultra 2 x26","p":6.91,"u":"0,13 €/P","img":"https://fd5-photos.leclercdrive.fr/image.ashx?id=2895074&use=l&cat=p&typeid=i","cat":284624},{"id":260717,"n":"Serviettes hygiéniques Normal Always ultra  2 x 30","p":6.91,"u":"0,12 €/P","img":"https://fd5-photos.leclercdrive.fr/image.ashx?id=2895083&use=l&cat=p&typeid=i","cat":284624},{"id":260727,"n":"Culottes fuites urinaires Noir  Always discreet Taille M x10","p":9.91,"u":"0,99 €/P","img":"https://fd5-photos.leclercdrive.fr/image.ashx?id=2902427&use=l&cat=p&typeid=i","cat":284628},{"id":260730,"n":"Culottes fuites urinaires  Always discreet Taille M x 11","p":9.83,"u":"0,89 €/P","img":"https://fd5-photos.leclercdrive.fr/image.ashx?id=2902424&use=l&cat=p&typeid=i","cat":284628},{"id":260998,"n":"Huile d'olive vierge A Paesana extra - 75cl","p":9.57,"u":"12,76 €/L","img":"https://fd5-photos.leclercdrive.fr/image.ashx?id=2895855&use=l&cat=p&typeid=i","cat":284453},{"id":260999,"n":"Huile d'olive vierge A Paesana extra - 25cl","p":4.95,"u":"19,80 €/L","img":"https://fd5-photos.leclercdrive.fr/image.ashx?id=2895858&use=l&cat=p&typeid=i","cat":284453},{"id":261000,"n":"Huile d'olive vierge A Paesana extra - 2L","p":23.9,"u":"11,95 €/L","img":"https://fd5-photos.leclercdrive.fr/image.ashx?id=2895861&use=l&cat=p&typeid=i","cat":284453},{"id":261064,"n":"Delice du jour en sauce Sheba  2.5kg","p":20.58,"u":"8,23 €/KG","img":"https://fd5-photos.leclercdrive.fr/image.ashx?id=2896387&use=l&cat=p&typeid=i","cat":285601},{"id":261073,"n":"Pépites de chocolat noir Sainte Lucie - 100g","p":2.08,"u":"20,80 €/KG","img":"https://fd5-photos.leclercdrive.fr/image.ashx?id=2896177&use=l&cat=p&typeid=i","cat":284504},{"id":261200,"n":"Cônes Magnum noisette  4x90g","p":4.31,"u":"16,58 €/KG","img":"https://fd5-photos.leclercdrive.fr/image.ashx?id=2896453&use=l&cat=p&typeid=i","cat":284264},{"id":261216,"n":"Cônes Magnum mangue  4x90ml","p":4.29,"u":"16,50 €/KG","img":"https://fd5-photos.leclercdrive.fr/image.ashx?id=2896450&use=l&cat=p&typeid=i","cat":284264},{"id":261279,"n":"Tablette  de chocolat Poulain 2x95g","p":2.66,"u":"14,00 €/KG","img":"https://fd5-photos.leclercdrive.fr/image.ashx?id=2897177&use=l&cat=p&typeid=i","cat":284497},{"id":261292,"n":"Chewing-gum Hollywood  Menthe Verte sans sucres - 70g","p":2.46,"u":"35,14 €/KG","img":"https://fd5-photos.leclercdrive.fr/image.ashx?id=2987053&use=l&cat=p&typeid=i","cat":304251},{"id":261298,"n":"Chewing-gum Hollywood Menthe  Fraîche sans sucres - 70g","p":2.39,"u":"34,14 €/KG","img":"https://fd5-photos.leclercdrive.fr/image.ashx?id=2987050&use=l&cat=p&typeid=i","cat":304251},{"id":261305,"n":"Chewing-gum Hollywood 2Fresh  Menthe Forte sans sucres 66g","p":2.25,"u":"34,09 €/KG","img":"https://fd5-photos.leclercdrive.fr/image.ashx?id=3011962&use=l&cat=p&typeid=i","cat":304251},{"id":261307,"n":"Chewing-gum Hollywood 2Fresh  Menthe Verte sans sucres -  66g","p":2.13,"u":"32,27 €/KG","img":"https://fd5-photos.leclercdrive.fr/image.ashx?id=3011959&use=l&cat=p&typeid=i","cat":304251},{"id":261497,"n":"Haricots noirs D'Aucy 2x130g","p":1.8,"u":"6,92 €/KG","img":"https://fd5-photos.leclercdrive.fr/image.ashx?id=2902915&use=l&cat=p&typeid=i","cat":312606},{"id":261498,"n":"Chewing-gum Hollywood Blancheur  Xylitol sans sucres - 67,5g","p":2.81,"u":"41,32 €/KG","img":"https://fd5-photos.leclercdrive.fr/image.ashx?id=2994602&use=l&cat=p&typeid=i","cat":304251},{"id":261500,"n":"Tablette cuadro Cremino  110g","p":4.63,"u":"42,09 €/KG","img":"https://fd5-photos.leclercdrive.fr/image.ashx?id=2903806&use=l&cat=p&typeid=i","cat":284497},{"id":261501,"n":"Bonbons Tic Tac Cerise & cola  x100 - 49g","p":2.46,"u":"50,20 €/KG","img":"https://fd5-photos.leclercdrive.fr/image.ashx?id=2922203&use=l&cat=p&typeid=i","cat":304256},{"id":261502,"n":"Bonbons Tic Tac  Chlorophylle - x100 - 49g","p":1.7,"u":"34,69 €/KG","img":"https://fd5-photos.leclercdrive.fr/image.ashx?id=2903791&use=l&cat=p&typeid=i","cat":304256},{"id":261504,"n":"Galette bretonne P'tit Deli Citron - x6 125g","p":1.1,"u":"8,80 €/KG","img":"https://fd5-photos.leclercdrive.fr/image.ashx?id=2896825&use=l&cat=p&typeid=i","cat":284487},{"id":261505,"n":"Chocolat Tablette d'Or Lait caramelisées - 180g","p":2.49,"u":"13,83 €/KG","img":"https://fd5-photos.leclercdrive.fr/image.ashx?id=2896837&use=l&cat=p&typeid=i","cat":284497},{"id":261507,"n":"Tablette de chocolat Equador noir citron vert - 100g","p":1.79,"u":"17,90 €/KG","img":"https://fd5-photos.leclercdrive.fr/image.ashx?id=2896834&use=l&cat=p&typeid=i","cat":284956},{"id":261508,"n":"Chocolat blanc Tablette d'Or Speculoos framboise - 180g","p":2.99,"u":"16,61 €/KG","img":"https://fd5-photos.leclercdrive.fr/image.ashx?id=2896831&use=l&cat=p&typeid=i","cat":284957},{"id":261509,"n":"Chocolat Tablette d'Or Noir biscuit citron vert 180g","p":2.89,"u":"16,06 €/KG","img":"https://fd5-photos.leclercdrive.fr/image.ashx?id=2896828&use=l&cat=p&typeid=i","cat":284956},{"id":261517,"n":"Chewing-gum Hollywood  Menthe Fraîche sans sucres 87g","p":3.58,"u":"41,15 €/KG","img":"https://fd5-photos.leclercdrive.fr/image.ashx?id=2968595&use=l&cat=p&typeid=i","cat":304251},{"id":261525,"n":"Sauté de lapin William Saurin 300g","p":3.07,"u":"10,23 €/KG","img":"https://fd5-photos.leclercdrive.fr/image.ashx?id=2905375&use=l&cat=p&typeid=i","cat":284953},{"id":261528,"n":"Nectar Bio Pressade Orange Bio - 6x20cl","p":2.99,"u":"2,49 €/L","img":"https://fd5-photos.leclercdrive.fr/image.ashx?id=2902705&use=l&cat=p&typeid=i","cat":284521},{"id":261531,"n":"Ciboulette Panier du Primeur 20g","p":1.49,"u":"74,50 €/KG","img":"https://fd5-photos.leclercdrive.fr/image.ashx?id=2897880&use=l&cat=p&typeid=i","cat":293607},{"id":261533,"n":"Coriandre Panier du Primeur  20g","p":1.49,"u":"74,50 €/KG","img":"https://fd5-photos.leclercdrive.fr/image.ashx?id=2899830&use=l&cat=p&typeid=i","cat":293607},{"id":261535,"n":"Menthe Panier du Primeur 20g","p":1.49,"u":"74,50 €/KG","img":"https://fd5-photos.leclercdrive.fr/image.ashx?id=2899833&use=l&cat=p&typeid=i","cat":293607},{"id":261536,"n":"Persil Plat Panier du Primeur 20g","p":1.49,"u":"74,50 €/KG","img":"https://fd5-photos.leclercdrive.fr/image.ashx?id=2899836&use=l&cat=p&typeid=i","cat":293607},{"id":261544,"n":"IGP Pays d'Oc vin rouge Mythique - 75cl","p":3.39,"u":"4,52 €/L","img":"https://fd5-photos.leclercdrive.fr/image.ashx?id=2903044&use=l&cat=p&typeid=i","cat":289556},{"id":261577,"n":"AOP Sable de Camargue Bio Daladel - 75cl","p":11.11,"u":"14,81 €/L","img":"https://fd5-photos.leclercdrive.fr/image.ashx?id=2903041&use=l&cat=p&typeid=i","cat":289558},{"id":261612,"n":"Pancakes Pasquier Vanille - x8  280g","p":1.78,"u":"6,36 €/KG","img":"https://fd5-photos.leclercdrive.fr/image.ashx?id=2900452&use=l&cat=p&typeid=i","cat":284495},{"id":261891,"n":"Sucre en buchettes Daddy Boite distributrice - 480g","p":2.39,"u":"4,98 €/KG","img":"https://fd5-photos.leclercdrive.fr/image.ashx?id=2903065&use=l&cat=p&typeid=i","cat":284502},{"id":262184,"n":"Céréales Jordans Oh My Crisp Noix - 400g","p":4.11,"u":"10,28 €/KG","img":"https://fd5-photos.leclercdrive.fr/image.ashx?id=2958884&use=l&cat=p&typeid=i","cat":309512},{"id":262345,"n":"Soda Fanta Orange  Canette - Pack 6x33CL","p":3.38,"u":"1,71 €/L","img":"https://fd5-photos.leclercdrive.fr/image.ashx?id=2997241&use=l&cat=p&typeid=i","cat":284532},{"id":262514,"n":"Filets de cabillaud Costa  Sauvages - 375g","p":10.19,"u":"27,17 €/KG","img":"https://fd5-photos.leclercdrive.fr/image.ashx?id=2902259&use=l&cat=p&typeid=i","cat":319786},{"id":262515,"n":"Filets de saumon Costa Sauvages - 375g","p":10.71,"u":"28,56 €/KG","img":"https://fd5-photos.leclercdrive.fr/image.ashx?id=2902262&use=l&cat=p&typeid=i","cat":319786},{"id":262867,"n":"Baume lèvres hydratant Labello x2","p":3.09,"u":"309,00 €/KG","img":"https://fd5-photos.leclercdrive.fr/image.ashx?id=2901581&use=l&cat=p&typeid=i","cat":285485},{"id":262868,"n":"Baume lèvre hydratant Labello","p":1.79,"u":"358,00 €/KG","img":"https://fd5-photos.leclercdrive.fr/image.ashx?id=2984676&use=l&cat=p&typeid=i","cat":285485},{"id":262876,"n":"Mini fingers Cadburry 96.5g","p":1.85,"u":"19,27 €/KG","img":"https://fd5-photos.leclercdrive.fr/image.ashx?id=2902831&use=l&cat=p&typeid=i","cat":284488},{"id":263009,"n":"Bières Softiz Framboise Sans alcool  6x27,5cl","p":3.19,"u":"1,93 €/L","img":"https://fd5-photos.leclercdrive.fr/image.ashx?id=2899935&use=l&cat=p&typeid=i","cat":334877},{"id":263105,"n":"Glace en pot Ben & Jerry's  Brookieees & Cream 465 ml","p":5.05,"u":"10,86 €/L","img":"https://fd5-photos.leclercdrive.fr/image.ashx?id=2901202&use=l&cat=p&typeid=i","cat":284725},{"id":263106,"n":"Glace en pot Ben & Jerry's  Sweet Mango Memories 465 ml","p":4.91,"u":"10,56 €/L","img":"https://fd5-photos.leclercdrive.fr/image.ashx?id=2938301&use=l&cat=p&typeid=i","cat":284725},{"id":263107,"n":"Ben & Jerry's Glace en pot Sundae Marshmallow/ Smore 427ml","p":5.71,"u":"13,37 €/L","img":"https://fd5-photos.leclercdrive.fr/image.ashx?id=3009314&use=l&cat=p&typeid=i","cat":284725},{"id":263109,"n":"Ben & Jerry's Glace dessert Brownie Caramel Salé 150 gr","p":4.17,"u":"27,80 €/KG","img":"https://fd5-photos.leclercdrive.fr/image.ashx?id=2901181&use=l&cat=p&typeid=i","cat":284725},{"id":263111,"n":"Ben & Jerry's Glace pot Vegan  Cookie on Cookie Dough 465ml","p":5.71,"u":"12,28 €/L","img":"https://fd5-photos.leclercdrive.fr/image.ashx?id=2901166&use=l&cat=p&typeid=i","cat":284725},{"id":263112,"n":"Ben & Jerry's Glace pot Vegan Chocolate Fudge Brownie 465ml","p":4.69,"u":"10,09 €/L","img":"https://fd5-photos.leclercdrive.fr/image.ashx?id=2901172&use=l&cat=p&typeid=i","cat":284725},{"id":263116,"n":"Mini bâtonnet Magnum  Double Noisette 6x55ml","p":4.02,"u":"12,18 €/L","img":"https://fd5-photos.leclercdrive.fr/image.ashx?id=2901190&use=l&cat=p&typeid=i","cat":284265},{"id":263130,"n":"Magnum Glace Bâtonnet  Double Noisette 4x85ml","p":4.37,"u":"12,85 €/L","img":"https://fd5-photos.leclercdrive.fr/image.ashx?id=3009326&use=l&cat=p&typeid=i","cat":284265},{"id":263131,"n":"Bâtonnet Magnum Utopia Double Fruits Rouges 4x85ml","p":4.14,"u":"12,18 €/L","img":"https://fd5-photos.leclercdrive.fr/image.ashx?id=3014650&use=l&cat=p&typeid=i","cat":284265},{"id":263132,"n":"Glace Bonbon Dessert Magnum Gold Caramel Billionaire 168g","p":3.89,"u":"23,15 €/KG","img":"https://fd5-photos.leclercdrive.fr/image.ashx?id=3009320&use=l&cat=p&typeid=i","cat":284266},{"id":263154,"n":"Saumon MSC haché Yooji dès 4 mois 80g","p":3.94,"u":"49,25 €/KG","img":"https://fd5-photos.leclercdrive.fr/image.ashx?id=3008893&use=l&cat=p&typeid=i","cat":290631},{"id":263155,"n":"Ecrasé de ratatouille Yooji dès 8 mois 400g","p":3.85,"u":"9,63 €/KG","img":"https://fd5-photos.leclercdrive.fr/image.ashx?id=2901022&use=l&cat=p&typeid=i","cat":312236},{"id":263248,"n":"Mini pots Häagen-Dazs  Essential Collection x4 - 324g","p":4.35,"u":"13,43 €/KG","img":"https://fd5-photos.leclercdrive.fr/image.ashx?id=2900926&use=l&cat=p&typeid=i","cat":284725},{"id":263282,"n":"Désinfectant linge Textil 1,5L","p":1.99,"u":"1,33 €/L","img":"https://fd5-photos.leclercdrive.fr/image.ashx?id=2958768&use=l&cat=p&typeid=i","cat":290451},{"id":263287,"n":"IGP Méditerranée Blanc Studio by Miraval - 75cl","p":13.07,"u":"17,43 €/L","img":"https://fd5-photos.leclercdrive.fr/image.ashx?id=2990541&use=l&cat=p&typeid=i","cat":289557},{"id":263328,"n":"Bonbons Lutti Bubblizz Piquants - 300g","p":1.62,"u":"5,40 €/KG","img":"https://fd5-photos.leclercdrive.fr/image.ashx?id=2900983&use=l&cat=p&typeid=i","cat":304250},{"id":263626,"n":"Basilic Panier du Primeur 20g","p":1.49,"u":"74,50 €/KG","img":"https://fd5-photos.leclercdrive.fr/image.ashx?id=2897874&use=l&cat=p&typeid=i","cat":293607},{"id":263698,"n":"Bière Softiz  Agrumes 6x27,5cl","p":3.42,"u":"2,07 €/L","img":"https://fd5-photos.leclercdrive.fr/image.ashx?id=2902529&use=l&cat=p&typeid=i","cat":334877},{"id":263702,"n":"Glace cône Extreme Salted caramel - 6x71g","p":3.71,"u":"8,71 €/KG","img":"https://fd5-photos.leclercdrive.fr/image.ashx?id=2904185&use=l&cat=p&typeid=i","cat":284264},{"id":263705,"n":"Glace cône Extrême Vanille/ chocolat - 6x71g","p":3.63,"u":"8,52 €/KG","img":"https://fd5-photos.leclercdrive.fr/image.ashx?id=2904188&use=l&cat=p&typeid=i","cat":284264},{"id":263712,"n":"Truite fumée Landvika 6 tranches 140g","p":5.49,"u":"39,21 €/KG","img":"https://fd5-photos.leclercdrive.fr/image.ashx?id=2904206&use=l&cat=p&typeid=i","cat":285188},{"id":263738,"n":"Culottes Tena Silouette Plus  Taille haute - x9","p":6.94,"u":"0,77 €/P","img":"https://fd5-photos.leclercdrive.fr/image.ashx?id=3011884&use=l&cat=p&typeid=i","cat":284628},{"id":263741,"n":"Culottes Tena Nuit  Taille M - x12","p":13.75,"u":"1,15 €/P","img":"https://fd5-photos.leclercdrive.fr/image.ashx?id=2904449&use=l&cat=p&typeid=i","cat":284628},{"id":263742,"n":"Culottes Tena Taille M - x9","p":7.37,"u":"0,82 €/P","img":"https://fd5-photos.leclercdrive.fr/image.ashx?id=2904452&use=l&cat=p&typeid=i","cat":284628},{"id":263743,"n":"Culottes Tena  Taille L x 8","p":7.44,"u":"0,93 €/P","img":"https://fd5-photos.leclercdrive.fr/image.ashx?id=2904455&use=l&cat=p&typeid=i","cat":284628},{"id":263854,"n":"Gel douche homme Axe supreme Re-load - 5en-1 - 250ml","p":2.03,"u":"8,12 €/L","img":"https://fd5-photos.leclercdrive.fr/image.ashx?id=2904497&use=l&cat=p&typeid=i","cat":284619},{"id":263869,"n":"Riz pour risotto Taureau Ailé 500g","p":2.02,"u":"4,04 €/KG","img":"https://fd5-photos.leclercdrive.fr/image.ashx?id=2904389&use=l&cat=p&typeid=i","cat":284428},{"id":264023,"n":"Bière Cornet Oaked blonde Boite 50cl","p":2.08,"u":"4,16 €/L","img":"https://fd5-photos.leclercdrive.fr/image.ashx?id=2905627&use=l&cat=p&typeid=i","cat":334853},{"id":264175,"n":"Bière Pietra Limoncella 3x33cl","p":5.89,"u":"5,95 €/L","img":"https://fd5-photos.leclercdrive.fr/image.ashx?id=2906454&use=l&cat=p&typeid=i","cat":334878},{"id":264232,"n":"Brassés bio Les 2 Vaches Pêche abricot - 8x115g","p":3.43,"u":"3,73 €/KG","img":"https://fd5-photos.leclercdrive.fr/image.ashx?id=2906508&use=l&cat=p&typeid=i","cat":284410},{"id":264240,"n":"Stylos Bic Cristal original Lot de 10","p":2.65,"u":"0,27 €/P","img":"https://fd5-photos.leclercdrive.fr/image.ashx?id=2906091&use=l&cat=p&typeid=i","cat":284696},{"id":264347,"n":"1/4 Thon entier au naturel Un Pêcheur sachant Pecher 140g","p":2.21,"u":"15,79 €/KG","img":"https://fd5-photos.leclercdrive.fr/image.ashx?id=2906298&use=l&cat=p&typeid=i","cat":303867},{"id":264349,"n":"1/6 Thon entier au naturel Un Pecheur sachant Pecher 93g","p":1.73,"u":"18,60 €/KG","img":"https://fd5-photos.leclercdrive.fr/image.ashx?id=2906304&use=l&cat=p&typeid=i","cat":303867},{"id":264357,"n":"Brassé végétal Andros Sur lit de fraise 4x100g","p":2.93,"u":"7,33 €/KG","img":"https://fd5-photos.leclercdrive.fr/image.ashx?id=2906490&use=l&cat=p&typeid=i","cat":316071},{"id":264358,"n":"Boxer de protection Homme Tena Noir Réutilisable - Taille L","p":18.27,"img":"https://fd5-photos.leclercdrive.fr/image.ashx?id=2906820&use=l&cat=p&typeid=i","cat":291514},{"id":264359,"n":"Brassé végétal Andros Sur lit de marron 4x100g","p":3.07,"u":"7,68 €/KG","img":"https://fd5-photos.leclercdrive.fr/image.ashx?id=2906496&use=l&cat=p&typeid=i","cat":316071},{"id":264360,"n":"Brassé végétal Andros Sur lit d'abricot 4x100g","p":2.66,"u":"6,65 €/KG","img":"https://fd5-photos.leclercdrive.fr/image.ashx?id=2906493&use=l&cat=p&typeid=i","cat":316071},{"id":264362,"n":"Compote Coeur de fruits Andros Pomme poire 4x100g","p":1.43,"u":"3,58 €/KG","img":"https://fd5-photos.leclercdrive.fr/image.ashx?id=2906487&use=l&cat=p&typeid=i","cat":284416},{"id":264373,"n":"P'tit Savane Tornado Brossard Roulés à la fraise - x7 - 175g","p":2.17,"u":"12,40 €/KG","img":"https://fd5-photos.leclercdrive.fr/image.ashx?id=2966089&use=l&cat=p&typeid=i","cat":284495},{"id":264376,"n":"Compote Coeur de fruits Pomme mangue 4x100g","p":1.43,"u":"3,58 €/KG","img":"https://fd5-photos.leclercdrive.fr/image.ashx?id=2907641&use=l&cat=p&typeid=i","cat":284416},{"id":264392,"n":"Savane Brossard coeur choco Max de sensation - x6 - 180g","p":2.15,"u":"11,94 €/KG","img":"https://fd5-photos.leclercdrive.fr/image.ashx?id=2906502&use=l&cat=p&typeid=i","cat":284495},{"id":264397,"n":"Tartines P'tit dej Jacquet aux graines - x14 - 410g","p":1.73,"u":"4,22 €/KG","img":"https://fd5-photos.leclercdrive.fr/image.ashx?id=2906061&use=l&cat=p&typeid=i","cat":284477},{"id":264418,"n":"Biscuits BN Del'ice Cookie Dough - 175g","p":2.09,"u":"11,94 €/KG","img":"https://fd5-photos.leclercdrive.fr/image.ashx?id=2907887&use=l&cat=p&typeid=i","cat":325066},{"id":264427,"n":"Jus multivitamines Tropicana Fruits rouges - 90cl","p":3.0,"u":"3,33 €/L","img":"https://fd5-photos.leclercdrive.fr/image.ashx?id=3010822&use=l&cat=p&typeid=i","cat":284354},{"id":264431,"n":"Matière grasse végétale Flora Doux à tartiner - 250g","p":2.26,"u":"9,04 €/KG","img":"https://fd5-photos.leclercdrive.fr/image.ashx?id=2908381&use=l&cat=p&typeid=i","cat":315229},{"id":264432,"n":"Matière grasse végétale Flora Demi-sel à tartiner - 250g","p":2.64,"u":"10,56 €/KG","img":"https://fd5-photos.leclercdrive.fr/image.ashx?id=2908384&use=l&cat=p&typeid=i","cat":315229},{"id":264692,"n":"Croque-Monsieur Maxi Herta jambon fromage x2 - 310g","p":2.92,"u":"9,42 €/KG","img":"https://fd5-photos.leclercdrive.fr/image.ashx?id=2907941&use=l&cat=p&typeid=i","cat":333671},{"id":264694,"n":"Cheetos crispy Balls  90g","p":1.13,"pp":0.75,"u":"8,33 €/KG","img":"https://fd5-photos.leclercdrive.fr/image.ashx?id=2907962&use=l&cat=p&typeid=i","cat":284449},{"id":264696,"n":"Cheetos crunchy Fromage - 90g","p":1.42,"u":"15,78 €/KG","img":"https://fd5-photos.leclercdrive.fr/image.ashx?id=2907965&use=l&cat=p&typeid=i","cat":284449},{"id":264700,"n":"Cheetos crunchy Sweet Chili - 90g","p":1.42,"u":"15,78 €/KG","img":"https://fd5-photos.leclercdrive.fr/image.ashx?id=2907968&use=l&cat=p&typeid=i","cat":284449},{"id":264707,"n":"Cheetos original  135g","p":1.73,"u":"12,81 €/KG","img":"https://fd5-photos.leclercdrive.fr/image.ashx?id=2907956&use=l&cat=p&typeid=i","cat":284449},{"id":264776,"n":"Décor pour gateaux Vahiné Licorne - x1","p":1.46,"img":"https://fd5-photos.leclercdrive.fr/image.ashx?id=2907294&use=l&cat=p&typeid=i","cat":284504},{"id":264778,"n":"Décor pour gateaux Vahiné Dinosaure - x1","p":1.46,"img":"https://fd5-photos.leclercdrive.fr/image.ashx?id=2907297&use=l&cat=p&typeid=i","cat":284504},{"id":264779,"n":"Coupelles Douceur du Verger 8x100g","p":2.09,"u":"2,61 €/KG","img":"https://fd5-photos.leclercdrive.fr/image.ashx?id=2958350&use=l&cat=p&typeid=i","cat":284508},{"id":264781,"n":"Décor pour gateaux Vahiné Langues étrangers - x1","p":1.46,"img":"https://fd5-photos.leclercdrive.fr/image.ashx?id=2907300&use=l&cat=p&typeid=i","cat":284504},{"id":264791,"n":"Biscuit au Pop corn P'tit Déli Fourrés chocolat au lait - 150g","p":1.89,"u":"12,60 €/KG","img":"https://fd5-photos.leclercdrive.fr/image.ashx?id=2907303&use=l&cat=p&typeid=i","cat":284488},{"id":264792,"n":"Mon 1er biscuit Mots d'enfants Dès 10 mois - 120g","p":1.55,"u":"12,92 €/KG","img":"https://fd5-photos.leclercdrive.fr/image.ashx?id=2907306&use=l&cat=p&typeid=i","cat":312394},{"id":264903,"n":"La Panée soja Garden Gourmet 207g","p":2.66,"u":"12,85 €/KG","img":"https://fd5-photos.leclercdrive.fr/image.ashx?id=2980155&use=l&cat=p&typeid=i","cat":316036},{"id":264904,"n":"Le Classique soja  Garden Gourmet 173g","p":2.66,"u":"15,38 €/KG","img":"https://fd5-photos.leclercdrive.fr/image.ashx?id=2965319&use=l&cat=p&typeid=i","cat":316036},{"id":264960,"n":"Box XXL Radiatori Côté Snack Boeuf poivre 400g","p":2.99,"u":"7,48 €/KG","img":"https://fd5-photos.leclercdrive.fr/image.ashx?id=2907494&use=l&cat=p&typeid=i","cat":334983},{"id":264989,"n":"Salade bowl chèvre Côté Snack 310g","p":3.49,"u":"11,26 €/KG","img":"https://fd5-photos.leclercdrive.fr/image.ashx?id=2907536&use=l&cat=p&typeid=i","cat":333657},{"id":265105,"n":"Jambon supérieur  L'Atelier Charcuterie 4T 220g","p":3.47,"u":"15,77 €/KG","img":"https://fd5-photos.leclercdrive.fr/image.ashx?id=2999054&use=l&cat=p&typeid=i","cat":316009},{"id":265108,"n":"Jambon supérieur  L'Atelier Charcuterie 6T - 330g","p":5.12,"u":"15,52 €/KG","img":"https://fd5-photos.leclercdrive.fr/image.ashx?id=2928162&use=l&cat=p&typeid=i","cat":316009},{"id":265152,"n":"Fromage apéritif Apéricube Soirée match 48 cubes 250g","p":4.17,"u":"16,68 €/KG","img":"https://fd5-photos.leclercdrive.fr/image.ashx?id=2908915&use=l&cat=p&typeid=i","cat":314027},{"id":265156,"n":"Fromage apéritif Apéricube Montagne 48 cubes 250g","p":4.17,"u":"16,68 €/KG","img":"https://fd5-photos.leclercdrive.fr/image.ashx?id=2908924&use=l&cat=p&typeid=i","cat":314027},{"id":265346,"n":"Cornichons Kühne Petits  croquants Aigres-doux - 190g","p":2.48,"u":"13,05 €/KG","img":"https://fd5-photos.leclercdrive.fr/image.ashx?id=2911930&use=l&cat=p&typeid=i","cat":284458},{"id":265443,"n":"Martini Bianco 14.5° - 1L","p":9.09,"u":"9,09 €/L","img":"https://fd5-photos.leclercdrive.fr/image.ashx?id=2941952&use=l&cat=p&typeid=i","cat":284913},{"id":265446,"n":"Martini Fiero 14.5° - 1L","p":9.09,"u":"9,09 €/L","img":"https://fd5-photos.leclercdrive.fr/image.ashx?id=2911573&use=l&cat=p&typeid=i","cat":284913},{"id":265449,"n":"Martini rosato 14.5° - 1L","p":9.56,"u":"9,56 €/L","img":"https://fd5-photos.leclercdrive.fr/image.ashx?id=2941946&use=l&cat=p&typeid=i","cat":284913},{"id":265450,"n":"Martini rosso 14.5° - 1L","p":9.09,"u":"9,09 €/L","img":"https://fd5-photos.leclercdrive.fr/image.ashx?id=2941949&use=l&cat=p&typeid=i","cat":284913},{"id":265459,"n":"Lessive en poudre Rainett Aloe vera - 1.45kg","p":6.72,"u":"4,63 €/KG","img":"https://fd5-photos.leclercdrive.fr/image.ashx?id=2912539&use=l&cat=p&typeid=i","cat":284642},{"id":265506,"n":"Lingettes sèches balai Swiffer Attrape-poussière - x36","p":6.4,"img":"https://fd5-photos.leclercdrive.fr/image.ashx?id=2911585&use=l&cat=p&typeid=i","cat":325364},{"id":265507,"n":"Kit plumeau Swiffer Anti-poussière +4 recharges","p":5.3,"img":"https://fd5-photos.leclercdrive.fr/image.ashx?id=2917106&use=l&cat=p&typeid=i","cat":325364},{"id":265511,"n":"Recharges plumeaux Swiffer Fraîcheur - x5","p":5.47,"img":"https://fd5-photos.leclercdrive.fr/image.ashx?id=2974161&use=l&cat=p&typeid=i","cat":325364},{"id":265512,"n":"Recharges plumeaux Swiffer x9","p":6.24,"img":"https://fd5-photos.leclercdrive.fr/image.ashx?id=2912704&use=l&cat=p&typeid=i","cat":325364},{"id":265514,"n":"Adoucissant Lenor collection Jasmin et rose de mai 1.155L","p":4.53,"u":"3,92 €/L","img":"https://fd5-photos.leclercdrive.fr/image.ashx?id=2912701&use=l&cat=p&typeid=i","cat":284650},{"id":265799,"n":"Désodorisant Febreze Linge frais - x3 recharges","p":7.86,"u":"393,00 €/L","img":"https://fd5-photos.leclercdrive.fr/image.ashx?id=2912680&use=l&cat=p&typeid=i","cat":311629},{"id":265800,"n":"Recharges désodorisant Febreze Linge frais - x3 - 20ml","p":5.49,"u":"274,50 €/L","img":"https://fd5-photos.leclercdrive.fr/image.ashx?id=2912683&use=l&cat=p&typeid=i","cat":311629},{"id":265816,"n":"Dentifrice Parodontax Renforce & protège Blancheur - 75ml","p":6.79,"u":"90,53 €/MT","img":"https://fd5-photos.leclercdrive.fr/image.ashx?id=2911558&use=l&cat=p&typeid=i","cat":284612},{"id":265818,"n":"Lessive liquide Omo Monoï - 1,76L","p":9.56,"u":"5,42 €/L","img":"https://fd5-photos.leclercdrive.fr/image.ashx?id=2911624&use=l&cat=p&typeid=i","cat":284640},{"id":265828,"n":"Bain de bouche Parodontax Renforce & protège Menthe 500ml","p":6.51,"u":"13,02 €/L","img":"https://fd5-photos.leclercdrive.fr/image.ashx?id=2911561&use=l&cat=p&typeid=i","cat":284613},{"id":265834,"n":"Lessive liquide Omo Lavande & Patchouli - 1,76L","p":9.56,"u":"5,42 €/L","img":"https://fd5-photos.leclercdrive.fr/image.ashx?id=2911627&use=l&cat=p&typeid=i","cat":284640},{"id":265837,"n":"Lessive liquide Omo Mangue & fleurs - 1,76L","p":9.8,"u":"5,57 €/L","img":"https://fd5-photos.leclercdrive.fr/image.ashx?id=2911630&use=l&cat=p&typeid=i","cat":284640},{"id":265838,"n":"Pinsa Croustipate  Comme à la pizzeria - 240g","p":2.67,"u":"11,13 €/KG","img":"https://fd5-photos.leclercdrive.fr/image.ashx?id=2911363&use=l&cat=p&typeid=i","cat":333681},{"id":265859,"n":"Goûter laitier Récré O'lé  Saveur biscuit x20  - 1.7kg","p":11.48,"u":"6,75 €/KG","img":"https://fd5-photos.leclercdrive.fr/image.ashx?id=2913352&use=l&cat=p&typeid=i","cat":284506},{"id":265868,"n":"Lessive liquide Dash 2 en 1 Envolée d'air 40 lavages - 1.8L","p":11.26,"u":"6,26 €/L","img":"https://fd5-photos.leclercdrive.fr/image.ashx?id=2914858&use=l&cat=p&typeid=i","cat":284640},{"id":265890,"n":"Vodka Poliakov cherry 70cl 32°","p":10.94,"u":"15,63 €/L","img":"https://fd5-photos.leclercdrive.fr/image.ashx?id=3002048&use=l&cat=p&typeid=i","cat":284550},{"id":265913,"n":"Lessive en capsule Dash 2 en 1 Fraîcheur de coton - 696g","p":13.85,"u":"19,90 €/KG","img":"https://fd5-photos.leclercdrive.fr/image.ashx?id=2914873&use=l&cat=p&typeid=i","cat":284641},{"id":265920,"n":"Tablette lave-vaisselle Fairy  Platinium Anti-terne - 388g","p":9.31,"u":"23,99 €/KG","img":"https://fd5-photos.leclercdrive.fr/image.ashx?id=2914879&use=l&cat=p&typeid=i","cat":284656},{"id":265952,"n":"Saucisse sèche piment Espelette Nos Régions ont du Talent 250g","p":4.65,"u":"18,60 €/KG","img":"https://fd5-photos.leclercdrive.fr/image.ashx?id=2972623&use=l&cat=p&typeid=i","cat":316006},{"id":266078,"n":"Lessive liquide Persil Douceur d'amande - 2.565L x61","p":9.19,"u":"3,58 €/L","img":"https://fd5-photos.leclercdrive.fr/image.ashx?id=2944497&use=l&cat=p&typeid=i","cat":284640},{"id":266088,"n":"Adoucissant Cajoline Creations Brise de muguet 1.386L x66","p":5.53,"u":"3,99 €/L","img":"https://fd5-photos.leclercdrive.fr/image.ashx?id=2914240&use=l&cat=p&typeid=i","cat":284650},{"id":266093,"n":"Adoucissant Lenor Envolée d'air - x55 - 1.155L","p":4.53,"u":"3,92 €/L","img":"https://fd5-photos.leclercdrive.fr/image.ashx?id=2914171&use=l&cat=p&typeid=i","cat":284650},{"id":266096,"n":"Shampooing Head & Shoulders DermaxPro - Apaise - 250ml","p":5.97,"u":"23,88 €/L","img":"https://fd5-photos.leclercdrive.fr/image.ashx?id=2914138&use=l&cat=p&typeid=i","cat":284606},{"id":266100,"n":"Bâtonnets Gino Jose Salge Anis Mattei x6 - 500g","p":5.3,"u":"10,60 €/KG","img":"https://fd5-photos.leclercdrive.fr/image.ashx?id=2930397&use=l&cat=p&typeid=i","cat":284265},{"id":266102,"n":"Baume lèvres hydratant Labello x2","p":4.08,"u":"408,00 €/KG","img":"https://fd5-photos.leclercdrive.fr/image.ashx?id=2913811&use=l&cat=p&typeid=i","cat":285485},{"id":266104,"n":"Lait corps nourissant Nivea Peaux sèches - 400ml","p":5.51,"u":"13,78 €/L","img":"https://fd5-photos.leclercdrive.fr/image.ashx?id=2977639&use=l&cat=p&typeid=i","cat":325349},{"id":266105,"n":"Nettoyant lave-vaisselle Finish Protector - 30g","p":4.12,"u":"137,33 €/KG","img":"https://fd5-photos.leclercdrive.fr/image.ashx?id=2914894&use=l&cat=p&typeid=i","cat":284657},{"id":266106,"n":"Adoucissant Soupline Concentré Ultra Moments magiques - 800ml","p":5.42,"u":"6,78 €/L","img":"https://fd5-photos.leclercdrive.fr/image.ashx?id=2914225&use=l&cat=p&typeid=i","cat":284650},{"id":266107,"n":"Gel WC Harpic Power Plus 750ml","p":2.29,"u":"3,05 €/L","img":"https://fd5-photos.leclercdrive.fr/image.ashx?id=2914027&use=l&cat=p&typeid=i","cat":284662},{"id":266108,"n":"Bloc WC Harpic Hygienic & Fresh Pin Eucalyptus - x2","p":2.56,"img":"https://fd5-photos.leclercdrive.fr/image.ashx?id=2914636&use=l&cat=p&typeid=i","cat":284662},{"id":266110,"n":"Bloc WC Harpic Hygienic & Fresh 2.0 Agrume - x2","p":2.26,"img":"https://fd5-photos.leclercdrive.fr/image.ashx?id=2914633&use=l&cat=p&typeid=i","cat":284662},{"id":266111,"n":"Bloc WC Harpic Hygienic & Fresh 2.0 Marine - x2","p":2.47,"img":"https://fd5-photos.leclercdrive.fr/image.ashx?id=2914024&use=l&cat=p&typeid=i","cat":284662},{"id":266114,"n":"Lessive liquide Ariel Alpine - x35 - 1.575L","p":9.88,"u":"6,27 €/L","img":"https://fd5-photos.leclercdrive.fr/image.ashx?id=2914822&use=l&cat=p&typeid=i","cat":284640},{"id":266123,"n":"Jambon Sec fines et fondantes Aoste nature 4 tranches - 67g","p":2.71,"u":"40,45 €/KG","img":"https://fd5-photos.leclercdrive.fr/image.ashx?id=2937196&use=l&cat=p&typeid=i","cat":316007},{"id":266137,"n":"Lessive liquide Ariel Ultra détachant - 1.350L x30","p":9.88,"u":"7,32 €/L","img":"https://fd5-photos.leclercdrive.fr/image.ashx?id=2914147&use=l&cat=p&typeid=i","cat":284640},{"id":266139,"n":"Gel WC Harpic Power Plus Marine - 750ml","p":2.41,"u":"3,21 €/L","img":"https://fd5-photos.leclercdrive.fr/image.ashx?id=2914021&use=l&cat=p&typeid=i","cat":284662},{"id":266140,"n":"Capsules lave-vaisselle Finish Ultimate Plus - x47 - 573g","p":11.88,"pp":7.13,"u":"12,44 €/KG","img":"https://fd5-photos.leclercdrive.fr/image.ashx?id=2914630&use=l&cat=p&typeid=i","cat":284656},{"id":266145,"n":"Adoucissant Lenor Fresh Air Soleil tropical - 504ml - x36","p":4.53,"u":"8,99 €/L","img":"https://fd5-photos.leclercdrive.fr/image.ashx?id=2914156&use=l&cat=p&typeid=i","cat":284650},{"id":266147,"n":"Parfum de linge Lenor Parfum d'Ariel - x13 - 155g","p":4.53,"u":"29,23 €/KG","img":"https://fd5-photos.leclercdrive.fr/image.ashx?id=2914159&use=l&cat=p&typeid=i","cat":325302},{"id":266150,"n":"Lait corps hydratation Nivea Express - 250ml","p":3.49,"u":"13,96 €/L","img":"https://fd5-photos.leclercdrive.fr/image.ashx?id=2977648&use=l&cat=p&typeid=i","cat":325349},{"id":266152,"n":"Crème visage jour Nivea Anti-rides Q10+ Sensitive 50ml","p":10.02,"u":"200,40 €/L","img":"https://fd5-photos.leclercdrive.fr/image.ashx?id=2973940&use=l&cat=p&typeid=i","cat":325345},{"id":266153,"n":"Pâtes Alpina Savoie Coquillettes zéro résidu 500g","p":1.51,"u":"3,02 €/KG","img":"https://fd5-photos.leclercdrive.fr/image.ashx?id=2913874&use=l&cat=p&typeid=i","cat":284427},{"id":266154,"n":"Pâtes Alpina Savoie Spaghetti zéro résidu 500g","p":1.51,"u":"3,02 €/KG","img":"https://fd5-photos.leclercdrive.fr/image.ashx?id=2913877&use=l&cat=p&typeid=i","cat":284427},{"id":266156,"n":"Lessive capsuleS Ariel Pods+ Unstoppable - 515g - x26","p":13.15,"u":"25,53 €/KG","img":"https://fd5-photos.leclercdrive.fr/image.ashx?id=2914852&use=l&cat=p&typeid=i","cat":284641},{"id":266157,"n":"Lessive capsules Ariel Pods Grandiose Original 762g x21","p":14.12,"u":"18,53 €/KG","img":"https://fd5-photos.leclercdrive.fr/image.ashx?id=2914180&use=l&cat=p&typeid=i","cat":284641},{"id":266162,"n":"Capsules lave-vaisselle Finish Quantum - 707g - x68","p":11.88,"pp":7.13,"u":"10,08 €/KG","img":"https://fd5-photos.leclercdrive.fr/image.ashx?id=2914627&use=l&cat=p&typeid=i","cat":284656},{"id":266163,"n":"Parfum de linge Lenor Jasmin & Rose de mai 155g x13","p":4.53,"u":"29,23 €/KG","img":"https://fd5-photos.leclercdrive.fr/image.ashx?id=2914162&use=l&cat=p&typeid=i","cat":325302},{"id":266165,"n":"Fromage enfant Mini Babybel Mix 9 portions","p":3.29,"u":"0,55 €/P","img":"https://fd5-photos.leclercdrive.fr/image.ashx?id=2911912&use=l&cat=p&typeid=i","cat":314030},{"id":266166,"n":"Lessive capsules Ariel 3en1 Pods - Alpine - 546g - x30","p":11.66,"u":"21,36 €/KG","img":"https://fd5-photos.leclercdrive.fr/image.ashx?id=2914177&use=l&cat=p&typeid=i","cat":284641},{"id":266167,"n":"Fromage enfant Mini Babybel Emmental 6 portions","p":2.71,"u":"0,45 €/P","img":"https://fd5-photos.leclercdrive.fr/image.ashx?id=2911915&use=l&cat=p&typeid=i","cat":314030},{"id":266168,"n":"Lessive capsules Ariel 3en1 Pods - Alpine - 346g x19","p":8.8,"u":"25,43 €/KG","img":"https://fd5-photos.leclercdrive.fr/image.ashx?id=2914867&use=l&cat=p&typeid=i","cat":284641},{"id":266178,"n":"Adoucissant Lenor Envolée air - 882ml x42","p":4.05,"u":"4,59 €/L","img":"https://fd5-photos.leclercdrive.fr/image.ashx?id=2914168&use=l&cat=p&typeid=i","cat":284650},{"id":266199,"n":"Adoucissant Soupline Ultra Fraîcheur infinie rosée 800ml","p":5.42,"u":"6,78 €/L","img":"https://fd5-photos.leclercdrive.fr/image.ashx?id=2991027&use=l&cat=p&typeid=i","cat":284650},{"id":266203,"n":"Adoucissant Soupline Ultra concentré Rose éclatante 800 ml","p":5.43,"u":"6,79 €/L","img":"https://fd5-photos.leclercdrive.fr/image.ashx?id=2914210&use=l&cat=p&typeid=i","cat":284650},{"id":266206,"n":"Adoucissant Soupline Ultra concentré Fraicheur Azur 800 ml","p":5.42,"u":"6,78 €/L","img":"https://fd5-photos.leclercdrive.fr/image.ashx?id=2991030&use=l&cat=p&typeid=i","cat":284650},{"id":266208,"n":"Adoucissant Soupline Ultra concentré Soin Expert 800 ml","p":5.43,"u":"6,79 €/L","img":"https://fd5-photos.leclercdrive.fr/image.ashx?id=2914222&use=l&cat=p&typeid=i","cat":284650},{"id":266210,"n":"Adoucissant Soupline Concentré   Sublime Musc 1,26L","p":5.92,"u":"4,70 €/L","img":"https://fd5-photos.leclercdrive.fr/image.ashx?id=2966803&use=l&cat=p&typeid=i","cat":284650},{"id":266225,"n":"Lessive liquide Ariel Original - 1980ml - x44","p":13.85,"u":"6,99 €/L","img":"https://fd5-photos.leclercdrive.fr/image.ashx?id=2914816&use=l&cat=p&typeid=i","cat":284640},{"id":266228,"n":"Pilons de poulet Bon Plan  Douce France - 600g","p":4.0,"u":"6,67 €/KG","img":"https://fd5-photos.leclercdrive.fr/image.ashx?id=2917867&use=l&cat=p&typeid=i","cat":284336},{"id":266231,"n":"Cuisses de poulet Bon plan Douce France - 900g","p":5.62,"u":"6,24 €/KG","img":"https://fd5-photos.leclercdrive.fr/image.ashx?id=2913985&use=l&cat=p&typeid=i","cat":284336},{"id":266232,"n":"Riz risotto Taureau Ailé 1kg","p":3.1,"u":"3,10 €/KG","img":"https://fd5-photos.leclercdrive.fr/image.ashx?id=2914696&use=l&cat=p&typeid=i","cat":284428},{"id":266234,"n":"Pop Corn Micro-ondable Vico Pop caramel - 240g","p":1.85,"u":"7,71 €/KG","img":"https://fd5-photos.leclercdrive.fr/image.ashx?id=2913940&use=l&cat=p&typeid=i","cat":304249},{"id":266236,"n":"Cubes Filet de poulet Bon Plan Douce France - 400g","p":5.89,"u":"14,73 €/KG","img":"https://fd5-photos.leclercdrive.fr/image.ashx?id=2913988&use=l&cat=p&typeid=i","cat":284336},{"id":266239,"n":"Bonbons La Vosgienne Menthe citron sans sucres - 49g","p":1.8,"u":"36,73 €/KG","img":"https://fd5-photos.leclercdrive.fr/image.ashx?id=2991190&use=l&cat=p&typeid=i","cat":304252},{"id":266242,"n":"Filet de poulet Bon Plan Douce France - 500g","p":6.77,"pp":5.42,"u":"10,84 €/KG","img":"https://fd5-photos.leclercdrive.fr/image.ashx?id=2914561&use=l&cat=p&typeid=i","cat":284336},{"id":266244,"n":"Bonbons La Vosgienne Menthol Eucalyptus - 46g","p":1.51,"u":"32,83 €/KG","img":"https://fd5-photos.leclercdrive.fr/image.ashx?id=2979054&use=l&cat=p&typeid=i","cat":304252},{"id":266249,"n":"Bonbons La Vosgienne Sève de pin sans sucres - 46g","p":1.79,"u":"38,91 €/KG","img":"https://fd5-photos.leclercdrive.fr/image.ashx?id=2991193&use=l&cat=p&typeid=i","cat":304252},{"id":266252,"n":"Sardines Parmentier A l'huile de tournesol - 2x135g","p":3.29,"u":"12,19 €/KG","img":"https://fd5-photos.leclercdrive.fr/image.ashx?id=2913829&use=l&cat=p&typeid=i","cat":305146},{"id":266253,"n":"Sardines Parmentier A l'huile Tournesol vierge extra Bio 120g","p":1.61,"u":"13,42 €/KG","img":"https://fd5-photos.leclercdrive.fr/image.ashx?id=2913832&use=l&cat=p&typeid=i","cat":305146},{"id":266436,"n":"Lessive liquide Ariel Original - 1.575L - x35","p":9.88,"u":"6,27 €/L","img":"https://fd5-photos.leclercdrive.fr/image.ashx?id=2914813&use=l&cat=p&typeid=i","cat":284640},{"id":266438,"n":"Lessive liquide Ariel Protection fibres - 1.350ml x30","p":9.88,"u":"7,32 €/L","img":"https://fd5-photos.leclercdrive.fr/image.ashx?id=2914825&use=l&cat=p&typeid=i","cat":284640},{"id":266440,"n":"Lessive liquide Ariel Active - 1350ml x30","p":9.88,"u":"7,32 €/L","img":"https://fd5-photos.leclercdrive.fr/image.ashx?id=2914828&use=l&cat=p&typeid=i","cat":284640},{"id":266444,"n":"Lessive capsules Ariel 3en1 Original - 546g - x30","p":10.98,"u":"20,11 €/KG","img":"https://fd5-photos.leclercdrive.fr/image.ashx?id=2914834&use=l&cat=p&typeid=i","cat":284641},{"id":266445,"n":"Lessive capsules Ariel Pods+ Active - 554g - x26","p":13.15,"u":"23,74 €/KG","img":"https://fd5-photos.leclercdrive.fr/image.ashx?id=2914843&use=l&cat=p&typeid=i","cat":284641},{"id":266446,"n":"Lessive capsules Ariel Pods+ Active - 405g - x19","p":10.66,"u":"26,32 €/KG","img":"https://fd5-photos.leclercdrive.fr/image.ashx?id=2914849&use=l&cat=p&typeid=i","cat":284641},{"id":266448,"n":"Lessive capsules Ariel Pods Original - 346g - x19","p":8.64,"u":"24,97 €/KG","img":"https://fd5-photos.leclercdrive.fr/image.ashx?id=2914855&use=l&cat=p&typeid=i","cat":284641},{"id":266449,"n":"Lessive capsules Ariel Pods Grandiose Alpine x21 - 762g","p":14.12,"u":"18,53 €/KG","img":"https://fd5-photos.leclercdrive.fr/image.ashx?id=2970245&use=l&cat=p&typeid=i","cat":284641},{"id":266450,"n":"Lessive capsules Ariel Pods+ Ultra détachant - 443g x19","p":10.66,"u":"24,06 €/KG","img":"https://fd5-photos.leclercdrive.fr/image.ashx?id=2914837&use=l&cat=p&typeid=i","cat":284641},{"id":266452,"n":"Lessive capsules Ariel Pods+ Unstoppable - 376g x19","p":10.66,"u":"28,35 €/KG","img":"https://fd5-photos.leclercdrive.fr/image.ashx?id=2914840&use=l&cat=p&typeid=i","cat":284641},{"id":266458,"n":"Shampooinf Herbal Essence Lavande - 250ml","p":3.57,"u":"14,28 €/L","img":"https://fd5-photos.leclercdrive.fr/image.ashx?id=2914798&use=l&cat=p&typeid=i","cat":284606},{"id":266465,"n":"Lessive liquide Skip Bébé - 1.47L x35","p":11.99,"u":"8,16 €/L","img":"https://fd5-photos.leclercdrive.fr/image.ashx?id=2971787&use=l&cat=p&typeid=i","cat":284640},{"id":266466,"n":"Lessive capsules Ariel Pods+ Ultra détachant - 606g x26","p":12.4,"u":"20,46 €/KG","img":"https://fd5-photos.leclercdrive.fr/image.ashx?id=2914846&use=l&cat=p&typeid=i","cat":284641},{"id":266467,"n":"Diffuseur électrique Airwick Fleur de coton - 19ml","p":8.88,"u":"467,37 €/L","img":"https://fd5-photos.leclercdrive.fr/image.ashx?id=2914618&use=l&cat=p&typeid=i","cat":311629},{"id":266468,"n":"Recharges diffuseur électrique Airwick - Duo vanille 38ml","p":8.56,"u":"225,26 €/L","img":"https://fd5-photos.leclercdrive.fr/image.ashx?id=2914621&use=l&cat=p&typeid=i","cat":311629},{"id":266470,"n":"Recharges diffuseur électrique Airwick - Cannelle - 19ml","p":4.55,"u":"239,47 €/L","img":"https://fd5-photos.leclercdrive.fr/image.ashx?id=2914624&use=l&cat=p&typeid=i","cat":311629},{"id":266504,"n":"Eau minérale gazeuse Quézac Bouteille 50cl","p":0.46,"u":"0,92 €/L","img":"https://fd5-photos.leclercdrive.fr/image.ashx?id=2914615&use=l&cat=p&typeid=i","cat":284536},{"id":266635,"n":"Dentrifrice Oral-B Pro Expert Dents Sensibles - 2x75ml","p":5.38,"u":"35,87 €/L","img":"https://fd5-photos.leclercdrive.fr/image.ashx?id=2966155&use=l&cat=p&typeid=i","cat":284612},{"id":266637,"n":"Oral B Pro Expert Blancheur Saine - 2x75ml","p":5.38,"u":"35,87 €/L","img":"https://fd5-photos.leclercdrive.fr/image.ashx?id=2938289&use=l&cat=p&typeid=i","cat":284612},{"id":266638,"n":"Dentifrice Oral-B 3D White Charbon - 2x75ml","p":5.38,"u":"35,87 €/L","img":"https://fd5-photos.leclercdrive.fr/image.ashx?id=2916483&use=l&cat=p&typeid=i","cat":284612},{"id":266665,"n":"Biscuits Gullon Goûter fourré Méga Duo - 300g","p":1.43,"u":"4,77 €/KG","img":"https://fd5-photos.leclercdrive.fr/image.ashx?id=2914795&use=l&cat=p&typeid=i","cat":284488},{"id":266685,"n":"Mélanges herbes épices Cholula Fajita Paprika Coriandre 490g","p":4.17,"u":"8,51 €/KG","img":"https://fd5-photos.leclercdrive.fr/image.ashx?id=2915862&use=l&cat=p&typeid=i","cat":288993},{"id":266704,"n":"Barres chocolatées Knoppers Lait Noisette - x5 - 200g","p":2.41,"u":"12,05 €/KG","img":"https://fd5-photos.leclercdrive.fr/image.ashx?id=2967609&use=l&cat=p&typeid=i","cat":284498},{"id":266705,"n":"Pain de mie La Boulangère Toastiligne Complet - 330g","p":1.45,"u":"4,39 €/KG","img":"https://fd5-photos.leclercdrive.fr/image.ashx?id=2926657&use=l&cat=p&typeid=i","cat":284477},{"id":266706,"n":"Pain de mie La Boulangère Complet & graines - 500g","p":1.59,"u":"3,18 €/KG","img":"https://fd5-photos.leclercdrive.fr/image.ashx?id=2926693&use=l&cat=p&typeid=i","cat":284477},{"id":266737,"n":"Carottes des sables des Landes de Gascogne NRT - 1kg","p":1.99,"u":"1,99 €/KG","img":"https://fd5-photos.leclercdrive.fr/image.ashx?id=2928342&use=l&cat=p&typeid=i","cat":284352},{"id":266755,"n":"Gel détartrant Canard WC Ecolabel - 750ml","p":2.47,"pp":1.63,"u":"2,17 €/L","img":"https://fd5-photos.leclercdrive.fr/image.ashx?id=2916390&use=l&cat=p&typeid=i","cat":284662},{"id":266757,"n":"Gel nettoyant Canard Action rapide - 750ml","p":2.47,"pp":1.63,"u":"2,17 €/L","img":"https://fd5-photos.leclercdrive.fr/image.ashx?id=2916393&use=l&cat=p&typeid=i","cat":284662},{"id":267004,"n":"Soda Coca Cola Cherry Canette 6x20cl","p":4.08,"u":"3,40 €/L","img":"https://fd5-photos.leclercdrive.fr/image.ashx?id=2916438&use=l&cat=p&typeid=i","cat":284530},{"id":267005,"n":"Soda Coca-Cola Lemon Bouteille - 1,25L","p":2.16,"u":"1,73 €/L","img":"https://fd5-photos.leclercdrive.fr/image.ashx?id=2916435&use=l&cat=p&typeid=i","cat":284530},{"id":267012,"n":"Guacamole Cholula Oignon cumin piment 20g","p":0.97,"u":"48,50 €/KG","img":"https://fd5-photos.leclercdrive.fr/image.ashx?id=2915859&use=l&cat=p&typeid=i","cat":288993},{"id":267013,"n":"Quesadilla Cholula Oignon cumin persil 490g","p":4.23,"u":"8,63 €/KG","img":"https://fd5-photos.leclercdrive.fr/image.ashx?id=2915865&use=l&cat=p&typeid=i","cat":288993},{"id":267014,"n":"Tortillas de blé Old El Paso Complet x10 - 580g","p":3.28,"u":"5,66 €/KG","img":"https://fd5-photos.leclercdrive.fr/image.ashx?id=2916492&use=l&cat=p&typeid=i","cat":288993},{"id":267021,"n":"Gourde Charles & Alices Pomme - 12x90g","p":4.85,"u":"4,49 €/KG","img":"https://fd5-photos.leclercdrive.fr/image.ashx?id=2916063&use=l&cat=p&typeid=i","cat":284508},{"id":267022,"n":"Gourde Charles & Alice 12X90g","p":5.47,"u":"5,06 €/KG","img":"https://fd5-photos.leclercdrive.fr/image.ashx?id=3004957&use=l&cat=p&typeid=i","cat":284508},{"id":267023,"n":"Gourde Charles & Alices Pommes poires mirabelle 12X90g","p":6.26,"u":"5,80 €/KG","img":"https://fd5-photos.leclercdrive.fr/image.ashx?id=3004960&use=l&cat=p&typeid=i","cat":284508},{"id":267024,"n":"Gourde Charles & Alice mirabelle, pêche 12X90g","p":5.47,"u":"5,06 €/KG","img":"https://fd5-photos.leclercdrive.fr/image.ashx?id=2916075&use=l&cat=p&typeid=i","cat":284508},{"id":267025,"n":"Gourde Charles & Alice Banane cerise vanille 12x90g","p":5.47,"u":"5,06 €/KG","img":"https://fd5-photos.leclercdrive.fr/image.ashx?id=2916072&use=l&cat=p&typeid=i","cat":284508},{"id":267026,"n":"Gourde Charles & Alice Cerise vanille poire 12X90g","p":5.0,"u":"4,63 €/KG","img":"https://fd5-photos.leclercdrive.fr/image.ashx?id=3004954&use=l&cat=p&typeid=i","cat":284508},{"id":267029,"n":"Gourde Charles & Alice Banane kiwi - 4x90g","p":2.65,"u":"7,36 €/KG","img":"https://fd5-photos.leclercdrive.fr/image.ashx?id=3004951&use=l&cat=p&typeid=i","cat":284508},{"id":267040,"n":"Pain Extra Burgers Biofournil Bio 2x90g","p":2.55,"u":"14,17 €/KG","img":"https://fd5-photos.leclercdrive.fr/image.ashx?id=2916132&use=l&cat=p&typeid=i","cat":325067},{"id":267203,"n":"Porp Corn salés Tokapi Pop-Box - x2 - 180g","p":1.61,"u":"8,94 €/KG","img":"https://fd5-photos.leclercdrive.fr/image.ashx?id=2915660&use=l&cat=p&typeid=i","cat":304249},{"id":267328,"n":"Nettoyant désinfectant Clair 1.5L","p":1.85,"u":"1,23 €/L","img":"https://fd5-photos.leclercdrive.fr/image.ashx?id=2916593&use=l&cat=p&typeid=i","cat":325357},{"id":267329,"n":"Rasoir intuition Wilkison Rose Gold - x1","p":19.86,"img":"https://fd5-photos.leclercdrive.fr/image.ashx?id=2917040&use=l&cat=p&typeid=i","cat":325352},{"id":267332,"n":"Adoucissant Cajoline Créations Souffle de fraîcheur 1.386L x66","p":4.78,"u":"3,45 €/L","img":"https://fd5-photos.leclercdrive.fr/image.ashx?id=2917109&use=l&cat=p&typeid=i","cat":284650},{"id":267333,"n":"Adoucissant Cajoline Créations Fleur de tiaré & Pivoine 1.386L","p":4.89,"u":"3,53 €/L","img":"https://fd5-photos.leclercdrive.fr/image.ashx?id=2917112&use=l&cat=p&typeid=i","cat":284650},{"id":267335,"n":"Adoucissant Cajoline Créations Lavande & Rose blanche 1.386L","p":4.78,"u":"3,45 €/L","img":"https://fd5-photos.leclercdrive.fr/image.ashx?id=2917115&use=l&cat=p&typeid=i","cat":284650},{"id":267336,"n":"Adoucissant Cajoline Doux & Pur L'original - 1.386L x66","p":4.93,"u":"3,56 €/L","img":"https://fd5-photos.leclercdrive.fr/image.ashx?id=2917118&use=l&cat=p&typeid=i","cat":284650},{"id":267339,"n":"Adoucissant Cajoline Origines Fraîcheur Céleste 1.254L x66","p":5.97,"u":"4,76 €/L","img":"https://fd5-photos.leclercdrive.fr/image.ashx?id=2917121&use=l&cat=p&typeid=i","cat":284650},{"id":267341,"n":"Adoucissant Cajoline Elixir Bouquet estival - 460ml","p":5.97,"u":"12,98 €/L","img":"https://fd5-photos.leclercdrive.fr/image.ashx?id=2940672&use=l&cat=p&typeid=i","cat":284650},{"id":267342,"n":"Adoucissant liquide Cajoline Elixir Brise printanière 460ml","p":6.43,"u":"13,98 €/L","img":"https://fd5-photos.leclercdrive.fr/image.ashx?id=3000896&use=l&cat=p&typeid=i","cat":284650},{"id":267346,"n":"Vodka Eristoff passion 18%vol - 70cl","p":11.14,"u":"15,91 €/L","img":"https://fd5-photos.leclercdrive.fr/image.ashx?id=2917058&use=l&cat=p&typeid=i","cat":284550},{"id":267371,"n":"Adoucissant Cajoline Créations Fleur de la passion 1.386L x66","p":4.78,"u":"3,45 €/L","img":"https://fd5-photos.leclercdrive.fr/image.ashx?id=2918107&use=l&cat=p&typeid=i","cat":284650},{"id":267382,"n":"Lingettes bébé Corine de Farme Water essential - x70","p":2.62,"img":"https://fd5-photos.leclercdrive.fr/image.ashx?id=2917873&use=l&cat=p&typeid=i","cat":284738},{"id":267388,"n":"Adoucissant liquide Cajoline Elixir Fraîcheur Céleste 460ml","p":7.2,"u":"15,65 €/L","img":"https://fd5-photos.leclercdrive.fr/image.ashx?id=2918113&use=l&cat=p&typeid=i","cat":284650},{"id":267391,"n":"Adoucissant Cajoline Origines Brise printanière 1.254L x66","p":6.43,"u":"5,13 €/L","img":"https://fd5-photos.leclercdrive.fr/image.ashx?id=2918110&use=l&cat=p&typeid=i","cat":284650},{"id":267399,"n":"Vin de France La vieille ferme Rouge - 75cl","p":4.91,"u":"6,55 €/L","img":"https://fd5-photos.leclercdrive.fr/image.ashx?id=2989195&use=l&cat=p&typeid=i","cat":289556},{"id":267410,"n":"Jus de pamplemousse Tropicana Rose Ruby - 1L","p":3.23,"u":"3,23 €/L","img":"https://fd5-photos.leclercdrive.fr/image.ashx?id=3010825&use=l&cat=p&typeid=i","cat":284914},{"id":267411,"n":"Bière Softiz Pêche Sans alcool - 6x27.5cl","p":3.16,"u":"1,92 €/L","img":"https://fd5-photos.leclercdrive.fr/image.ashx?id=2916764&use=l&cat=p&typeid=i","cat":334877},{"id":267412,"n":"Matin+ Pamplemousse Framboise - 90cl","p":2.56,"u":"2,84 €/L","img":"https://fd5-photos.leclercdrive.fr/image.ashx?id=2917735&use=l&cat=p&typeid=i","cat":284914},{"id":267416,"n":"Couches T4 bébé Extra Care Huggies - x38","p":15.35,"u":"0,31 €/P","img":"https://fd5-photos.leclercdrive.fr/image.ashx?id=2917981&use=l&cat=p&typeid=i","cat":284737},{"id":267420,"n":"Couches T4 bébé little movers Huggies - x50","p":16.51,"u":"0,41 €/P","img":"https://fd5-photos.leclercdrive.fr/image.ashx?id=2917990&use=l&cat=p&typeid=i","cat":284737},{"id":267421,"n":"Couches T5 bébé little movers Huggies - x42","p":15.27,"u":"0,36 €/P","img":"https://fd5-photos.leclercdrive.fr/image.ashx?id=2917993&use=l&cat=p&typeid=i","cat":284737},{"id":267424,"n":"Couches T4 bébé little movers Huggies - x44","p":15.32,"u":"0,35 €/P","img":"https://fd5-photos.leclercdrive.fr/image.ashx?id=2918005&use=l&cat=p&typeid=i","cat":284737},{"id":267429,"n":"Bière blonde Tripel Karmeliet 50cl","p":3.06,"u":"6,12 €/L","img":"https://fd5-photos.leclercdrive.fr/image.ashx?id=2918029&use=l&cat=p&typeid=i","cat":334853},{"id":267433,"n":"Matin+ Mandarine, Kaki Passion - 90cl","p":2.04,"u":"2,27 €/L","img":"https://fd5-photos.leclercdrive.fr/image.ashx?id=2917729&use=l&cat=p&typeid=i","cat":284915},{"id":267435,"n":"Matin+ Mandarine, Mangue Banane - 90cl","p":2.6,"u":"2,89 €/L","img":"https://fd5-photos.leclercdrive.fr/image.ashx?id=2917732&use=l&cat=p&typeid=i","cat":284915},{"id":267553,"n":"Infusion La Tisanière Brule graisse x20 - 38g","p":2.83,"u":"74,47 €/KG","img":"https://fd5-photos.leclercdrive.fr/image.ashx?id=2917723&use=l&cat=p&typeid=i","cat":293234},{"id":267554,"n":"Thé vert Twinings Menthe à la Marocaine x20 - 40g","p":2.74,"u":"68,50 €/KG","img":"https://fd5-photos.leclercdrive.fr/image.ashx?id=2918014&use=l&cat=p&typeid=i","cat":293233},{"id":268005,"n":"Jambon cru Serrano Aoste  4 tranches - 67g","p":2.71,"u":"40,45 €/KG","img":"https://fd5-photos.leclercdrive.fr/image.ashx?id=2939844&use=l&cat=p&typeid=i","cat":316007},{"id":268008,"n":"Burrata Les Croisés 26%MG 200g","p":4.11,"u":"20,55 €/KG","img":"https://fd5-photos.leclercdrive.fr/image.ashx?id=3009562&use=l&cat=p&typeid=i","cat":314026},{"id":268013,"n":"Barres de céréales Eat Natural amande & raisins secs - x3-120g","p":3.7,"u":"30,83 €/KG","img":"https://fd5-photos.leclercdrive.fr/image.ashx?id=2919048&use=l&cat=p&typeid=i","cat":300032},{"id":268018,"n":"Barres de céréale Eat Natural Chocolat noir x3 - 120g","p":3.56,"u":"29,67 €/KG","img":"https://fd5-photos.leclercdrive.fr/image.ashx?id=2919051&use=l&cat=p&typeid=i","cat":300032},{"id":268020,"n":"Barres de céréales Eat Natural Vegan chocolat noir x3 - 120g","p":3.95,"u":"32,92 €/KG","img":"https://fd5-photos.leclercdrive.fr/image.ashx?id=2919054&use=l&cat=p&typeid=i","cat":300032},{"id":268024,"n":"Barres de céréales Eat Natural  Chocolat noir x3 - 120g","p":3.7,"u":"30,83 €/KG","img":"https://fd5-photos.leclercdrive.fr/image.ashx?id=2919057&use=l&cat=p&typeid=i","cat":300032},{"id":268025,"n":"Barres de céréales Eat Natural Caramel salé x3 - 120g","p":3.7,"u":"30,83 €/KG","img":"https://fd5-photos.leclercdrive.fr/image.ashx?id=2919060&use=l&cat=p&typeid=i","cat":300032},{"id":268029,"n":"Culottes Pampers Baby-dry Pants Taille 7 - x29","p":14.87,"u":"0,51 €/P","img":"https://fd5-photos.leclercdrive.fr/image.ashx?id=2919934&use=l&cat=p&typeid=i","cat":290633},{"id":268030,"n":"Culottes Pampers Premium Protection Pants - Taille 4 x31","p":14.72,"u":"0,47 €/P","img":"https://fd5-photos.leclercdrive.fr/image.ashx?id=2919937&use=l&cat=p&typeid=i","cat":290633},{"id":268037,"n":"Couches Pampers Harmonie Taille 5 - x31","p":14.87,"u":"0,48 €/P","img":"https://fd5-photos.leclercdrive.fr/image.ashx?id=2941973&use=l&cat=p&typeid=i","cat":284737},{"id":268038,"n":"Couches Pampers Baby-dry Taille 4 - x43","p":14.87,"u":"0,35 €/P","img":"https://fd5-photos.leclercdrive.fr/image.ashx?id=2942003&use=l&cat=p&typeid=i","cat":284737},{"id":268039,"n":"Couches Pampers Baby-Dry Taille 5 - x38","p":14.87,"u":"0,39 €/P","img":"https://fd5-photos.leclercdrive.fr/image.ashx?id=2919976&use=l&cat=p&typeid=i","cat":284737},{"id":268041,"n":"Couches Pampers Baby-Dry Taille 2 - x56","p":14.87,"u":"0,27 €/P","img":"https://fd5-photos.leclercdrive.fr/image.ashx?id=2919982&use=l&cat=p&typeid=i","cat":284737},{"id":268042,"n":"Culottes Pampers Baby-Dry Pants Taille 5 - x36","p":14.87,"u":"0,41 €/P","img":"https://fd5-photos.leclercdrive.fr/image.ashx?id=2920006&use=l&cat=p&typeid=i","cat":290633},{"id":268048,"n":"Jus multivitaminés Andros  ACE orange carotte citron 1L","p":2.53,"u":"2,53 €/L","img":"https://fd5-photos.leclercdrive.fr/image.ashx?id=2919841&use=l&cat=p&typeid=i","cat":284354},{"id":268050,"n":"Couches Pampers Baby-Dry Taille 6 - x33","p":14.87,"u":"0,45 €/P","img":"https://fd5-photos.leclercdrive.fr/image.ashx?id=2941994&use=l&cat=p&typeid=i","cat":284737},{"id":268052,"n":"Couches Pampers Baby-Dry Taille 5+ - x35","p":14.72,"u":"0,42 €/P","img":"https://fd5-photos.leclercdrive.fr/image.ashx?id=2942006&use=l&cat=p&typeid=i","cat":284737},{"id":268054,"n":"Couches Pampers Baby-Dry Taille 3 - x50","p":14.87,"u":"0,30 €/P","img":"https://fd5-photos.leclercdrive.fr/image.ashx?id=2919988&use=l&cat=p&typeid=i","cat":284737},{"id":268057,"n":"Couches Pampers Premium Protection Taille 2 - x54","p":14.87,"u":"0,28 €/P","img":"https://fd5-photos.leclercdrive.fr/image.ashx?id=2957392&use=l&cat=p&typeid=i","cat":284737},{"id":268058,"n":"Box XXL Radiatori Côté Snack Poulet crème et Emmental 400g","p":2.99,"u":"7,48 €/KG","img":"https://fd5-photos.leclercdrive.fr/image.ashx?id=2918520&use=l&cat=p&typeid=i","cat":334983},{"id":268063,"n":"Culottes Pampers Night Pants Taille 4 - x40","p":16.03,"u":"0,40 €/P","img":"https://fd5-photos.leclercdrive.fr/image.ashx?id=2919949&use=l&cat=p&typeid=i","cat":290633},{"id":268066,"n":"Compotes Andros Coeur de Fruits Pomme banane 4x100g","p":1.81,"u":"4,53 €/KG","img":"https://fd5-photos.leclercdrive.fr/image.ashx?id=2919832&use=l&cat=p&typeid=i","cat":284416},{"id":268075,"n":"Compotes Coeur de fruits Andros Pêche pomme 4x97g","p":2.57,"u":"6,62 €/KG","img":"https://fd5-photos.leclercdrive.fr/image.ashx?id=2919847&use=l&cat=p&typeid=i","cat":284416},{"id":268077,"n":"Fromage Mini Babybel  Protéines x5 - 110g","p":2.34,"u":"21,27 €/KG","img":"https://fd5-photos.leclercdrive.fr/image.ashx?id=2923567&use=l&cat=p&typeid=i","cat":314030},{"id":268078,"n":"Crème glacée Häagen-Dazs Strawberries & cream 400g","p":3.95,"u":"9,88 €/KG","img":"https://fd5-photos.leclercdrive.fr/image.ashx?id=2919811&use=l&cat=p&typeid=i","cat":284725},{"id":268179,"n":"Culottes Pampers Premium Protection Pants - Taille 5 x29","p":16.03,"u":"0,55 €/P","img":"https://fd5-photos.leclercdrive.fr/image.ashx?id=3009245&use=l&cat=p&typeid=i","cat":290633},{"id":268180,"n":"Culottes Pampers Premium Protection Pants - Taille 6 x27","p":14.72,"u":"0,55 €/P","img":"https://fd5-photos.leclercdrive.fr/image.ashx?id=3009248&use=l&cat=p&typeid=i","cat":290633},{"id":268185,"n":"Couches Pampers Baby-Dry Taille 4+ - x39","p":14.87,"u":"0,38 €/P","img":"https://fd5-photos.leclercdrive.fr/image.ashx?id=2941997&use=l&cat=p&typeid=i","cat":284737},{"id":268186,"n":"Couches Pmapers Premium Protection - Taille 4 x38","p":14.87,"u":"0,39 €/P","img":"https://fd5-photos.leclercdrive.fr/image.ashx?id=2919994&use=l&cat=p&typeid=i","cat":284737},{"id":268189,"n":"Couches Pampers Premium Protection Taille 3 x46","p":14.87,"u":"0,32 €/P","img":"https://fd5-photos.leclercdrive.fr/image.ashx?id=2991009&use=l&cat=p&typeid=i","cat":284737},{"id":268190,"n":"Couches Pampers Premium Protection Taille 5 x33","p":14.87,"u":"0,45 €/P","img":"https://fd5-photos.leclercdrive.fr/image.ashx?id=2991012&use=l&cat=p&typeid=i","cat":284737},{"id":268191,"n":"Culottes Pampers Baby-Dry Pants Taille 6 - x31","p":14.87,"u":"0,48 €/P","img":"https://fd5-photos.leclercdrive.fr/image.ashx?id=2920009&use=l&cat=p&typeid=i","cat":290633},{"id":268192,"n":"Culottes Pampers Baby-Dry Pants Taille 4 - x41","p":14.87,"u":"0,36 €/P","img":"https://fd5-photos.leclercdrive.fr/image.ashx?id=2920012&use=l&cat=p&typeid=i","cat":290633},{"id":268231,"n":"Penne Rigate Barilla  Protein + - 400g","p":1.97,"u":"4,93 €/KG","img":"https://fd5-photos.leclercdrive.fr/image.ashx?id=2919928&use=l&cat=p&typeid=i","cat":284427},{"id":268234,"n":"Spaghetti Barilla  Protein + - 400g","p":2.02,"u":"5,05 €/KG","img":"https://fd5-photos.leclercdrive.fr/image.ashx?id=2919931&use=l&cat=p&typeid=i","cat":284427},{"id":268236,"n":"Fusilli Barilla  Protein + - 400g","p":2.15,"u":"5,38 €/KG","img":"https://fd5-photos.leclercdrive.fr/image.ashx?id=2919925&use=l&cat=p&typeid=i","cat":284427},{"id":268345,"n":"Biscuits fourrés BN Chocolat caramel - x3 - 855g","p":6.44,"u":"7,53 €/KG","img":"https://fd5-photos.leclercdrive.fr/image.ashx?id=2921474&use=l&cat=p&typeid=i","cat":284488},{"id":268346,"n":"Biscuits BN fourrés chocolat à la pâte à tartiner- x3 - 855g","p":6.44,"u":"7,53 €/KG","img":"https://fd5-photos.leclercdrive.fr/image.ashx?id=2921477&use=l&cat=p&typeid=i","cat":284488},{"id":268347,"n":"Pétales snacks Tokapi Goût crème oignon - 75g","p":0.89,"u":"11,87 €/KG","img":"https://fd5-photos.leclercdrive.fr/image.ashx?id=2920241&use=l&cat=p&typeid=i","cat":284449},{"id":268373,"n":"Entrecôte de boeuf *** L'Atelier Boucherie x2 - 360g","p":10.58,"u":"29,39 €/KG","img":"https://fd5-photos.leclercdrive.fr/image.ashx?id=2930564&use=l&cat=p&typeid=i","cat":284328},{"id":268375,"n":"Faux filet de boeuf *** L'Atelier Boucherie x2 - 330g","p":10.58,"u":"32,06 €/KG","img":"https://fd5-photos.leclercdrive.fr/image.ashx?id=2930567&use=l&cat=p&typeid=i","cat":284328},{"id":268378,"n":"Steak de boeuf ** L'Atelier Boucherie x1 - 140g","p":3.82,"u":"27,29 €/KG","img":"https://fd5-photos.leclercdrive.fr/image.ashx?id=2930570&use=l&cat=p&typeid=i","cat":284328},{"id":268382,"n":"Escalope de veau *** L'Atelier Boucherie x1 - 140g","p":3.99,"u":"28,50 €/KG","img":"https://fd5-photos.leclercdrive.fr/image.ashx?id=2930573&use=l&cat=p&typeid=i","cat":284329},{"id":268384,"n":"Côte échine de porc L'Atelier Boucherie x2 - 350g","p":2.97,"u":"8,49 €/KG","img":"https://fd5-photos.leclercdrive.fr/image.ashx?id=2935573&use=l&cat=p&typeid=i","cat":284331},{"id":268385,"n":"Côte première de porc L'Atelier Boucherie x5 - 700g","p":5.59,"u":"7,99 €/KG","img":"https://fd5-photos.leclercdrive.fr/image.ashx?id=2930576&use=l&cat=p&typeid=i","cat":284331},{"id":268386,"n":"Côte de porc sans os L'Atelier Boucherie x2 - 200g","p":2.19,"u":"10,95 €/KG","img":"https://fd5-photos.leclercdrive.fr/image.ashx?id=2930603&use=l&cat=p&typeid=i","cat":284331},{"id":268389,"n":"Poitrine de porc L'Atelier Boucherie x7 - 600g","p":6.55,"u":"10,92 €/KG","img":"https://fd5-photos.leclercdrive.fr/image.ashx?id=2930579&use=l&cat=p&typeid=i","cat":284331},{"id":268460,"n":"Disque gel WC Nicols Océan - 10 doses","p":2.87,"u":"27,33 €/KG","img":"https://fd5-photos.leclercdrive.fr/image.ashx?id=2922140&use=l&cat=p&typeid=i","cat":284662},{"id":268461,"n":"Disque gel WC Nicols Citron - 10 doses","p":3.97,"u":"37,81 €/KG","img":"https://fd5-photos.leclercdrive.fr/image.ashx?id=2922137&use=l&cat=p&typeid=i","cat":284662},{"id":268465,"n":"Pepsi pack de 6 canettes  6x33cl","p":3.36,"u":"1,70 €/L","img":"https://fd5-photos.leclercdrive.fr/image.ashx?id=2921540&use=l&cat=p&typeid=i","cat":284530},{"id":268468,"n":"Thé glacé Lipton Framboise  1.75L","p":2.17,"u":"1,24 €/L","img":"https://fd5-photos.leclercdrive.fr/image.ashx?id=2921103&use=l&cat=p&typeid=i","cat":295019},{"id":268473,"n":"Chips Lay's Paysanne Tapenade 120g","p":1.87,"u":"15,58 €/KG","img":"https://fd5-photos.leclercdrive.fr/image.ashx?id=2921543&use=l&cat=p&typeid=i","cat":284447},{"id":268481,"n":"Paic Liquide vaisselle  Citron Agrumes 500ml","p":3.03,"u":"6,06 €/L","img":"https://fd5-photos.leclercdrive.fr/image.ashx?id=2922311&use=l&cat=p&typeid=i","cat":284655},{"id":268496,"n":"Suprême de poulet Eco+ x3 - 600g","p":6.49,"u":"10,82 €/KG","img":"https://fd5-photos.leclercdrive.fr/image.ashx?id=2920546&use=l&cat=p&typeid=i","cat":284336},{"id":268514,"n":"Dentifrice Oral B Expert Blanchiment doux 3x75ml","p":6.67,"u":"4,45 €/L","img":"https://fd5-photos.leclercdrive.fr/image.ashx?id=2920889&use=l&cat=p&typeid=i","cat":284612},{"id":268765,"n":"Dentifrice Oral B Pro Expert Dents sensibles - 3x75ml","p":6.88,"u":"30,58 €/L","img":"https://fd5-photos.leclercdrive.fr/image.ashx?id=2920966&use=l&cat=p&typeid=i","cat":284612},{"id":268773,"n":"Dentifrice Oral B Expert Nettoyage intense - 3x75ml","p":7.46,"u":"33,16 €/L","img":"https://fd5-photos.leclercdrive.fr/image.ashx?id=2920972&use=l&cat=p&typeid=i","cat":284612},{"id":268774,"n":"Dentifrice Oral B Pro Expert 75ml","p":2.69,"u":"35,87 €/L","img":"https://fd5-photos.leclercdrive.fr/image.ashx?id=2920960&use=l&cat=p&typeid=i","cat":284612},{"id":268801,"n":"Pizza La Pizza de Manosque Signature Truffe - 330g","p":7.35,"u":"22,27 €/KG","img":"https://fd5-photos.leclercdrive.fr/image.ashx?id=2921756&use=l&cat=p&typeid=i","cat":284256},{"id":268802,"n":"Pizza La Pizza de Manosque Signature  mini Truffe - 8x30g","p":10.0,"u":"41,67 €/KG","img":"https://fd5-photos.leclercdrive.fr/image.ashx?id=2921759&use=l&cat=p&typeid=i","cat":284256},{"id":268803,"n":"Pizza La Pizza de Manosque Royale - 400g","p":4.67,"u":"11,68 €/KG","img":"https://fd5-photos.leclercdrive.fr/image.ashx?id=2921885&use=l&cat=p&typeid=i","cat":284256},{"id":268804,"n":"Pizza La Pizza de Manosque Mozzarella - 400g","p":4.67,"u":"11,68 €/KG","img":"https://fd5-photos.leclercdrive.fr/image.ashx?id=2921882&use=l&cat=p&typeid=i","cat":284256},{"id":268818,"n":"Pampers Baby Dry Taille 4 - x94","p":33.03,"u":"0,35 €/P","img":"https://fd5-photos.leclercdrive.fr/image.ashx?id=2922272&use=l&cat=p&typeid=i","cat":290633},{"id":268821,"n":"Couches Pampers Baby Dry x98","p":31.39,"u":"0,32 €/P","img":"https://fd5-photos.leclercdrive.fr/image.ashx?id=2922278&use=l&cat=p&typeid=i","cat":284737},{"id":268832,"n":"Couches Pampers Premium Taille 3 - x112","p":30.9,"u":"0,28 €/P","img":"https://fd5-photos.leclercdrive.fr/image.ashx?id=2922251&use=l&cat=p&typeid=i","cat":284737},{"id":268835,"n":"Couches Pampers  Premium protection Taille 5 x80","p":31.51,"u":"0,39 €/P","img":"https://fd5-photos.leclercdrive.fr/image.ashx?id=2922257&use=l&cat=p&typeid=i","cat":284737},{"id":268837,"n":"Couches Pampers Protection Taille 4 - x90","p":32.65,"u":"0,36 €/P","img":"https://fd5-photos.leclercdrive.fr/image.ashx?id=2922260&use=l&cat=p&typeid=i","cat":284737},{"id":269091,"n":"IGP Méditerranée Blanc sec L'Escarelle \"Rumeurs\" - 75cl","p":7.55,"u":"10,07 €/L","img":"https://fd5-photos.leclercdrive.fr/image.ashx?id=2954493&use=l&cat=p&typeid=i","cat":289557},{"id":269137,"n":"Roquefort AOP Société douceur 100g","p":2.74,"u":"27,40 €/KG","img":"https://fd5-photos.leclercdrive.fr/image.ashx?id=2922539&use=l&cat=p&typeid=i","cat":314032},{"id":269146,"n":"Bâtonnet Côte d'Or vanille Chocolat noir Amandes x4 260g","p":4.4,"u":"16,92 €/KG","img":"https://fd5-photos.leclercdrive.fr/image.ashx?id=2923864&use=l&cat=p&typeid=i","cat":284265},{"id":269147,"n":"Bâtonnet Côte d'Or vanille Sauce caramel x4 - 276g","p":4.64,"u":"16,81 €/KG","img":"https://fd5-photos.leclercdrive.fr/image.ashx?id=2923867&use=l&cat=p&typeid=i","cat":284265},{"id":269150,"n":"Capsules de Café KitKat Dolce Gusto x16","p":5.25,"u":"0,33 €/P","img":"https://fd5-photos.leclercdrive.fr/image.ashx?id=2924893&use=l&cat=p&typeid=i","cat":293239},{"id":269161,"n":"Lessive liquide Persil  Bouquet de Provence - 1,806L","p":7.73,"u":"4,28 €/L","img":"https://fd5-photos.leclercdrive.fr/image.ashx?id=2924977&use=l&cat=p&typeid=i","cat":284640},{"id":269166,"n":"Lessive liquide Persil  Bouquet de Provence - 2,565L","p":10.21,"u":"3,98 €/L","img":"https://fd5-photos.leclercdrive.fr/image.ashx?id=2924980&use=l&cat=p&typeid=i","cat":284640},{"id":269169,"n":"Lessive liquide Skip  Active clean - 2.520 L","p":16.72,"u":"6,63 €/L","img":"https://fd5-photos.leclercdrive.fr/image.ashx?id=2924974&use=l&cat=p&typeid=i","cat":284640},{"id":269176,"n":"Lessive liquide Skip  Peaux sensiles - 1,554L","p":11.99,"u":"7,72 €/L","img":"https://fd5-photos.leclercdrive.fr/image.ashx?id=2985669&use=l&cat=p&typeid=i","cat":284640},{"id":269197,"n":"Lessive liquide Persil  Douceur d'amande - 1.806","p":7.05,"u":"3,90 €/L","img":"https://fd5-photos.leclercdrive.fr/image.ashx?id=2944491&use=l&cat=p&typeid=i","cat":284640},{"id":269335,"n":"Déodorant Adidas Pure game - 150ml","p":2.64,"u":"17,60 €/L","img":"https://fd5-photos.leclercdrive.fr/image.ashx?id=2924290&use=l&cat=p&typeid=i","cat":284618},{"id":269337,"n":"Spray repulsif Primoplast Moustiques - 100ml","p":4.5,"u":"45,00 €/L","img":"https://fd5-photos.leclercdrive.fr/image.ashx?id=2989712&use=l&cat=p&typeid=i","cat":299654},{"id":269342,"n":"Cocktail Venezzio Spritz Lemon sans alcool - 4x20cl","p":3.95,"u":"4,94 €/L","img":"https://fd5-photos.leclercdrive.fr/image.ashx?id=2923429&use=l&cat=p&typeid=i","cat":284549},{"id":269386,"n":"Lessive Liquide Persil Peaux Sensibles 43 lavages","p":8.08,"u":"4,47 €/L","img":"https://fd5-photos.leclercdrive.fr/image.ashx?id=2945838&use=l&cat=p&typeid=i","cat":284640},{"id":269504,"n":"Fromage Leerdammer Croque Gourmand 8 tranches - 200g","p":2.12,"u":"10,60 €/KG","img":"https://fd5-photos.leclercdrive.fr/image.ashx?id=3004858&use=l&cat=p&typeid=i","cat":314028},{"id":269505,"n":"Halloumi AOP Salakis 200g","p":3.85,"u":"19,25 €/KG","img":"https://fd5-photos.leclercdrive.fr/image.ashx?id=2924626&use=l&cat=p&typeid=i","cat":314026},{"id":269549,"n":"Dessert minute Tiramisu Galbani 375g","p":4.09,"u":"10,91 €/KG","img":"https://fd5-photos.leclercdrive.fr/image.ashx?id=2927681&use=l&cat=p&typeid=i","cat":314026},{"id":269562,"n":"Skyr à boire Siggi's Framboise 250g","p":1.66,"u":"6,64 €/KG","img":"https://fd5-photos.leclercdrive.fr/image.ashx?id=2927282&use=l&cat=p&typeid=i","cat":315000},{"id":269565,"n":"Skyr à boire Siggi's Vanille 250g","p":1.83,"u":"7,32 €/KG","img":"https://fd5-photos.leclercdrive.fr/image.ashx?id=2927285&use=l&cat=p&typeid=i","cat":315000},{"id":269568,"n":"Skyr à boire Siggi's Mangue passion 250g","p":1.84,"u":"7,36 €/KG","img":"https://fd5-photos.leclercdrive.fr/image.ashx?id=2927288&use=l&cat=p&typeid=i","cat":315000},{"id":269573,"n":"Bulots cuits  L'Atelier Poissonnerie 500g","p":3.69,"u":"7,38 €/KG","img":"https://fd5-photos.leclercdrive.fr/image.ashx?id=2927537&use=l&cat=p&typeid=i","cat":284343},{"id":269584,"n":"Ginger shot Jafaden 15cl","p":0.69,"u":"4,60 €/L","img":"https://fd5-photos.leclercdrive.fr/image.ashx?id=2923405&use=l&cat=p&typeid=i","cat":284915},{"id":269618,"n":"Muffins fourrés Carambar x2 - 160g","p":2.47,"u":"15,44 €/KG","img":"https://fd5-photos.leclercdrive.fr/image.ashx?id=2930388&use=l&cat=p&typeid=i","cat":284984},{"id":269619,"n":"Muffins Lotus Biscoff Fourrés Speculoos - x2 160g","p":3.2,"u":"20,00 €/KG","img":"https://fd5-photos.leclercdrive.fr/image.ashx?id=2930391&use=l&cat=p&typeid=i","cat":284984},{"id":269798,"n":"Boisson energisante Red Bull Zéro - 4x250ml","p":4.09,"u":"4,09 €/L","img":"https://fd5-photos.leclercdrive.fr/image.ashx?id=3011998&use=l&cat=p&typeid=i","cat":284533},{"id":269805,"n":"Jus de Tomate Pauline 1L","p":2.52,"u":"2,52 €/L","img":"https://fd5-photos.leclercdrive.fr/image.ashx?id=2926422&use=l&cat=p&typeid=i","cat":284523},{"id":269812,"n":"Gel nettoyant Garnier  Booster d'éclat - 250ml","p":6.28,"u":"25,12 €/L","img":"https://fd5-photos.leclercdrive.fr/image.ashx?id=2954241&use=l&cat=p&typeid=i","cat":284603},{"id":269816,"n":"Adoucissant Bébé Abricot Peaux sensibles - 750ml","p":2.94,"u":"3,92 €/L","img":"https://fd5-photos.leclercdrive.fr/image.ashx?id=2926654&use=l&cat=p&typeid=i","cat":284640},{"id":269844,"n":"Morceaux de sucre Saint Louis 1kg","p":2.75,"u":"2,75 €/KG","img":"https://fd5-photos.leclercdrive.fr/image.ashx?id=2926347&use=l&cat=p&typeid=i","cat":284502},{"id":269912,"n":"P'tit gourmand Nestlé  Vanille - 4x100g","p":1.6,"u":"4,00 €/KG","img":"https://fd5-photos.leclercdrive.fr/image.ashx?id=2946278&use=l&cat=p&typeid=i","cat":312392},{"id":270135,"n":"Déodorant Dove Tout le corps Crème Lavande 72H- 75ml","p":4.92,"u":"65,60 €/L","img":"https://fd5-photos.leclercdrive.fr/image.ashx?id=2927738&use=l&cat=p&typeid=i","cat":284595},{"id":270136,"n":"Brosse à dents enfant Signal Mario - x1","p":2.3,"img":"https://fd5-photos.leclercdrive.fr/image.ashx?id=2927732&use=l&cat=p&typeid=i","cat":288897},{"id":270145,"n":"Radis roses Notre Jardin 250g","p":2.29,"u":"9,16 €/KG","img":"https://fd5-photos.leclercdrive.fr/image.ashx?id=2657993&use=l&cat=p&typeid=i","cat":284352},{"id":270164,"n":"Sauce pesto Barilla Basilic mozzarella - 190g","p":2.32,"u":"12,21 €/KG","img":"https://fd5-photos.leclercdrive.fr/image.ashx?id=2927699&use=l&cat=p&typeid=i","cat":287599},{"id":270165,"n":"Sauce tomate Barilla Mijoté avec du porc - 300g","p":2.29,"u":"7,63 €/KG","img":"https://fd5-photos.leclercdrive.fr/image.ashx?id=2927696&use=l&cat=p&typeid=i","cat":287599},{"id":270169,"n":"Sauce bolognaise Barilla 300g","p":2.13,"u":"7,10 €/KG","img":"https://fd5-photos.leclercdrive.fr/image.ashx?id=2927693&use=l&cat=p&typeid=i","cat":299047},{"id":270171,"n":"Sauce tomate Barilla à la pancetta - 300g","p":2.21,"u":"7,37 €/KG","img":"https://fd5-photos.leclercdrive.fr/image.ashx?id=2927690&use=l&cat=p&typeid=i","cat":299047},{"id":270173,"n":"Bâtonnets Nuii Pistache d'Anatolie crème x4 284g","p":4.03,"u":"14,19 €/KG","img":"https://fd5-photos.leclercdrive.fr/image.ashx?id=2927630&use=l&cat=p&typeid=i","cat":284265},{"id":270174,"n":"Barre de céréales Golden Graham 8x25g","p":2.73,"u":"13,65 €/KG","img":"https://fd5-photos.leclercdrive.fr/image.ashx?id=2927627&use=l&cat=p&typeid=i","cat":300032},{"id":270176,"n":"Sauce à l'echalote Rustica 300g","p":1.69,"u":"5,63 €/KG","img":"https://fd5-photos.leclercdrive.fr/image.ashx?id=2955089&use=l&cat=p&typeid=i","cat":288381},{"id":270180,"n":"Barre céréales P'tit Déli 138g","p":1.47,"u":"10,65 €/KG","img":"https://fd5-photos.leclercdrive.fr/image.ashx?id=2926176&use=l&cat=p&typeid=i","cat":300032},{"id":270212,"n":"Bâtonnets Nuii chocolat noir Noix du Brésil x4 276g","p":4.72,"u":"17,10 €/KG","img":"https://fd5-photos.leclercdrive.fr/image.ashx?id=3000396&use=l&cat=p&typeid=i","cat":284265},{"id":270238,"n":"Filets  maquereaux Petit Navire Moutarde - 338g","p":4.25,"u":"12,57 €/KG","img":"https://fd5-photos.leclercdrive.fr/image.ashx?id=2928369&use=l&cat=p&typeid=i","cat":303868},{"id":270273,"n":"Glace coppa Saporit Chocolat de Dubai x2 - 200g","p":5.59,"u":"27,95 €/KG","img":"https://fd5-photos.leclercdrive.fr/image.ashx?id=2929005&use=l&cat=p&typeid=i","cat":284266},{"id":270325,"n":"Sirop Eyguebelle Orgeat- 1L","p":3.94,"u":"3,94 €/L","img":"https://fd5-photos.leclercdrive.fr/image.ashx?id=2928543&use=l&cat=p&typeid=i","cat":295020},{"id":270334,"n":"Infusion a froid Tisea Citron menthe - x15 33g","p":1.93,"u":"58,48 €/KG","img":"https://fd5-photos.leclercdrive.fr/image.ashx?id=2927774&use=l&cat=p&typeid=i","cat":293234},{"id":270365,"n":"Filets maquereaux Petit Navire Sauce catalane - 169g","p":1.69,"u":"10,00 €/KG","img":"https://fd5-photos.leclercdrive.fr/image.ashx?id=3010834&use=l&cat=p&typeid=i","cat":303868},{"id":270463,"n":"Biscuits Baiocchi Pistache Mulino Bianco - 168g","p":2.99,"u":"17,80 €/KG","img":"https://fd5-photos.leclercdrive.fr/image.ashx?id=2929533&use=l&cat=p&typeid=i","cat":284487},{"id":270473,"n":"Dessert lacté Nestlé Biscuit dès 6mois - 4x100g","p":1.6,"u":"4,00 €/KG","img":"https://fd5-photos.leclercdrive.fr/image.ashx?id=2934914&use=l&cat=p&typeid=i","cat":312392},{"id":270483,"n":"Boisson Tropico Orange ananas 400ml","p":1.5,"u":"3,75 €/L","img":"https://fd5-photos.leclercdrive.fr/image.ashx?id=2929488&use=l&cat=p&typeid=i","cat":295018},{"id":270485,"n":"Boisson Fanta Orange - 50cl","p":1.5,"u":"3,00 €/L","img":"https://fd5-photos.leclercdrive.fr/image.ashx?id=2929491&use=l&cat=p&typeid=i","cat":284532},{"id":270487,"n":"Cocktail Venezzio Spritz Hugo Sans alcool - 4x20cl","p":3.95,"u":"4,94 €/L","img":"https://fd5-photos.leclercdrive.fr/image.ashx?id=2929299&use=l&cat=p&typeid=i","cat":284549},{"id":270661,"n":"Ferments lactiques Vahiné Pour yahourt maison -20g","p":2.82,"u":"141,00 €/KG","img":"https://fd5-photos.leclercdrive.fr/image.ashx?id=2930069&use=l&cat=p&typeid=i","cat":284505},{"id":270893,"n":"Cônes artisanaux L'Angélys plein fruits - 4x75g","p":4.66,"u":"15,53 €/KG","img":"https://fd5-photos.leclercdrive.fr/image.ashx?id=2937592&use=l&cat=p&typeid=i","cat":284264},{"id":270900,"n":"Fromager saumon fumé Savour 140g","p":2.39,"u":"17,07 €/KG","img":"https://fd5-photos.leclercdrive.fr/image.ashx?id=2992612&use=l&cat=p&typeid=i","cat":315999},{"id":270901,"n":"Fromager échalotes et herbes Savour 140g","p":2.39,"u":"17,07 €/KG","img":"https://fd5-photos.leclercdrive.fr/image.ashx?id=2992615&use=l&cat=p&typeid=i","cat":315999},{"id":270907,"n":"Capsules café L'Or Espresso Pumpkin Spice x10","p":3.63,"u":"69,81 €/KG","img":"https://fd5-photos.leclercdrive.fr/image.ashx?id=2967460&use=l&cat=p&typeid=i","cat":284749},{"id":270988,"n":"Capsules café L'Or Espresso Brésil N°8 x30","p":8.75,"u":"56,09 €/KG","img":"https://fd5-photos.leclercdrive.fr/image.ashx?id=2938295&use=l&cat=p&typeid=i","cat":284749},{"id":270989,"n":"Barre P'tit Déli Boules choco - 120g","p":1.48,"u":"12,33 €/KG","img":"https://fd5-photos.leclercdrive.fr/image.ashx?id=2930132&use=l&cat=p&typeid=i","cat":300032},{"id":271005,"n":"Riz Ben's Original Micro-ondables long grain  450g","p":2.77,"u":"6,16 €/KG","img":"https://fd5-photos.leclercdrive.fr/image.ashx?id=2937634&use=l&cat=p&typeid=i","cat":287600},{"id":271047,"n":"Pinsa Harry's 230g","p":3.63,"u":"15,78 €/KG","img":"https://fd5-photos.leclercdrive.fr/image.ashx?id=2936377&use=l&cat=p&typeid=i","cat":284359},{"id":271243,"n":"Fines tartines Jacquet 500g","p":2.33,"u":"4,66 €/KG","img":"https://fd5-photos.leclercdrive.fr/image.ashx?id=2930811&use=l&cat=p&typeid=i","cat":325069},{"id":271244,"n":"Pains hot-Dog La Boulangère x4 - 250g","p":1.64,"u":"6,56 €/KG","img":"https://fd5-photos.leclercdrive.fr/image.ashx?id=2937292&use=l&cat=p&typeid=i","cat":325067},{"id":271277,"n":"Preparation crème glacée Vanille bourbon - 200g","p":3.2,"u":"16,00 €/KG","img":"https://fd5-photos.leclercdrive.fr/image.ashx?id=2936332&use=l&cat=p&typeid=i","cat":284505},{"id":271284,"n":"Préparation creme glacée Vahiné Chocolat noir - 210g","p":3.21,"u":"15,29 €/KG","img":"https://fd5-photos.leclercdrive.fr/image.ashx?id=2936335&use=l&cat=p&typeid=i","cat":284505},{"id":271285,"n":"Pepites de chocolat Vahiné  Brownies - 310g","p":2.75,"u":"8,87 €/KG","img":"https://fd5-photos.leclercdrive.fr/image.ashx?id=2936320&use=l&cat=p&typeid=i","cat":284505},{"id":271442,"n":"Pates mafaldelle Panzani 500g","p":1.4,"u":"2,80 €/KG","img":"https://fd5-photos.leclercdrive.fr/image.ashx?id=2935747&use=l&cat=p&typeid=i","cat":284427},{"id":271443,"n":"Petits pois Bonduelle  3x140g","p":2.57,"u":"6,12 €/KG","img":"https://fd5-photos.leclercdrive.fr/image.ashx?id=2935882&use=l&cat=p&typeid=i","cat":312607},{"id":271459,"n":"Papier toilette Le Trèfle Ultra Care x6","p":5.1,"u":"0,85 €/P","img":"https://fd5-photos.leclercdrive.fr/image.ashx?id=2974042&use=l&cat=p&typeid=i","cat":284634},{"id":271461,"n":"Essuie-tout Sopalin Power x3","p":2.43,"u":"0,81 €/P","img":"https://fd5-photos.leclercdrive.fr/image.ashx?id=2964078&use=l&cat=p&typeid=i","cat":284635},{"id":271465,"n":"Préparation Vahiné  gaufres pancakes crepes - 240g","p":2.73,"u":"11,38 €/KG","img":"https://fd5-photos.leclercdrive.fr/image.ashx?id=2936323&use=l&cat=p&typeid=i","cat":284505},{"id":271477,"n":"Pain carré La Boulangère 525g","p":2.37,"u":"4,51 €/KG","img":"https://fd5-photos.leclercdrive.fr/image.ashx?id=2937460&use=l&cat=p&typeid=i","cat":284359},{"id":271496,"n":"Choux de bruxelles  530g","p":1.75,"u":"3,30 €/KG","img":"https://fd5-photos.leclercdrive.fr/image.ashx?id=2931956&use=l&cat=p&typeid=i","cat":312611},{"id":271506,"n":"Mélanges Notre Jardin Legumes secs base soja 250g","p":1.81,"u":"7,24 €/KG","img":"https://fd5-photos.leclercdrive.fr/image.ashx?id=2931965&use=l&cat=p&typeid=i","cat":312606},{"id":271507,"n":"Melange Notre Jardin  Haricots noirs - 250g","p":1.81,"u":"7,24 €/KG","img":"https://fd5-photos.leclercdrive.fr/image.ashx?id=2931968&use=l&cat=p&typeid=i","cat":312606},{"id":271508,"n":"Mélange Notre Jardin Legumes secs base de soja 250g","p":1.49,"u":"5,96 €/KG","img":"https://fd5-photos.leclercdrive.fr/image.ashx?id=2931959&use=l&cat=p&typeid=i","cat":312606},{"id":271509,"n":"Mélange Notre Jardin Haricots noirs - 250g","p":1.49,"u":"5,96 €/KG","img":"https://fd5-photos.leclercdrive.fr/image.ashx?id=2931962&use=l&cat=p&typeid=i","cat":312606},{"id":271510,"n":"Sauce poivre Rustica 300g","p":1.16,"u":"3,87 €/KG","img":"https://fd5-photos.leclercdrive.fr/image.ashx?id=2955059&use=l&cat=p&typeid=i","cat":318431},{"id":271513,"n":"Ramen Tables du Monde 362g","p":2.47,"u":"6,82 €/KG","img":"https://fd5-photos.leclercdrive.fr/image.ashx?id=2931974&use=l&cat=p&typeid=i","cat":288992},{"id":271515,"n":"Ramen Tables du Monde Boeuf - 362g","p":2.47,"u":"6,82 €/KG","img":"https://fd5-photos.leclercdrive.fr/image.ashx?id=2931977&use=l&cat=p&typeid=i","cat":288992},{"id":271527,"n":"Thé noir Yellow Lipton  x50 - 100g","p":2.4,"u":"24,00 €/KG","img":"https://fd5-photos.leclercdrive.fr/image.ashx?id=2987320&use=l&cat=p&typeid=i","cat":293233},{"id":271616,"n":"Bière blonde Corona Extra Canette 50cl","p":1.57,"u":"0,52 €/L","img":"https://fd5-photos.leclercdrive.fr/image.ashx?id=2937841&use=l&cat=p&typeid=i","cat":334853},{"id":271840,"n":"Boisson orange  Pago Sans pulpe - 75cl","p":2.4,"u":"3,20 €/L","img":"https://fd5-photos.leclercdrive.fr/image.ashx?id=2940738&use=l&cat=p&typeid=i","cat":284521},{"id":271855,"n":"Lasagnes végé bolognaise Fleury Michon 300g","p":3.58,"u":"11,93 €/KG","img":"https://fd5-photos.leclercdrive.fr/image.ashx?id=2939640&use=l&cat=p&typeid=i","cat":316036},{"id":271856,"n":"Hachis végé parmentier Fleury Michon 300g","p":3.5,"u":"11,67 €/KG","img":"https://fd5-photos.leclercdrive.fr/image.ashx?id=2939643&use=l&cat=p&typeid=i","cat":316036},{"id":271857,"n":"Chili végé à la Mexicaine Fleury Michon 300g","p":3.42,"u":"11,40 €/KG","img":"https://fd5-photos.leclercdrive.fr/image.ashx?id=2939646&use=l&cat=p&typeid=i","cat":316036},{"id":271881,"n":"Crème dessert Vahiné à la  vanille de Bourbon - 300g","p":2.12,"u":"7,07 €/KG","img":"https://fd5-photos.leclercdrive.fr/image.ashx?id=2936338&use=l&cat=p&typeid=i","cat":284505},{"id":271913,"n":"Bière aromatisée Slash Fruits rouges - 50cl 8% vol.","p":1.72,"u":"3,44 €/L","img":"https://fd5-photos.leclercdrive.fr/image.ashx?id=2936452&use=l&cat=p&typeid=i","cat":334853},{"id":271967,"n":"Déodorant spray Adidas After sport 150ml","p":2.83,"u":"18,87 €/L","img":"https://fd5-photos.leclercdrive.fr/image.ashx?id=2937367&use=l&cat=p&typeid=i","cat":284618},{"id":271971,"n":"Déodorant bille Sanex Natur  Protect Aloe vera 50ml","p":4.1,"u":"82,00 €/L","img":"https://fd5-photos.leclercdrive.fr/image.ashx?id=2938310&use=l&cat=p&typeid=i","cat":284595},{"id":271976,"n":"Brosse à dent Elmex Sensitive x1","p":3.73,"img":"https://fd5-photos.leclercdrive.fr/image.ashx?id=2938307&use=l&cat=p&typeid=i","cat":284614},{"id":271978,"n":"Dentifrice Blancheur Signal White Now 3en1 blancheur 75ml","p":4.28,"u":"57,07 €/L","img":"https://fd5-photos.leclercdrive.fr/image.ashx?id=2985684&use=l&cat=p&typeid=i","cat":284612},{"id":271982,"n":"Dentifrice Blancheur Signal White Now 3en1 Charbon 75ml","p":4.31,"u":"57,47 €/L","img":"https://fd5-photos.leclercdrive.fr/image.ashx?id=2938340&use=l&cat=p&typeid=i","cat":284612},{"id":271989,"n":"Gourde Charles & Alice Pomme mangue passion 4x90g","p":2.42,"u":"0,67 €/L","img":"https://fd5-photos.leclercdrive.fr/image.ashx?id=3004945&use=l&cat=p&typeid=i","cat":284508},{"id":271995,"n":"Dentifrice Sensodyne  Sensibilité & gencives 75ml","p":3.58,"u":"47,73 €/L","img":"https://fd5-photos.leclercdrive.fr/image.ashx?id=2937799&use=l&cat=p&typeid=i","cat":284612},{"id":271998,"n":"Dentifrice Sensodyne Multi-protection 75ml","p":3.64,"u":"48,53 €/L","img":"https://fd5-photos.leclercdrive.fr/image.ashx?id=2937802&use=l&cat=p&typeid=i","cat":284612},{"id":271999,"n":"Soin douche Le Petit  Marseillais Lait d'avoine 400ml","p":3.05,"u":"7,63 €/L","img":"https://fd5-photos.leclercdrive.fr/image.ashx?id=2937298&use=l&cat=p&typeid=i","cat":284594},{"id":272001,"n":"Soin douche Le Petit Marseillais Lait de riz 400ml","p":2.91,"u":"7,28 €/L","img":"https://fd5-photos.leclercdrive.fr/image.ashx?id=2937301&use=l&cat=p&typeid=i","cat":284594},{"id":272054,"n":"Gourde Charles & Alice Pomme Framboise cassis 4x90g","p":2.4,"u":"6,67 €/KG","img":"https://fd5-photos.leclercdrive.fr/image.ashx?id=3004948&use=l&cat=p&typeid=i","cat":284508},{"id":272059,"n":"Gourde Charles & Alice  Pommes Ananas citron - 4x90g","p":2.66,"u":"7,39 €/KG","img":"https://fd5-photos.leclercdrive.fr/image.ashx?id=2936896&use=l&cat=p&typeid=i","cat":284508},{"id":272111,"n":"Madeleine coquilles Le Ster Vanille 30% sucre x12 - 300g","p":2.52,"u":"8,40 €/KG","img":"https://fd5-photos.leclercdrive.fr/image.ashx?id=2962581&use=l&cat=p&typeid=i","cat":284492},{"id":272112,"n":"Madeleine coquilles Le Ster Pépites de chocolat 300g","p":2.53,"u":"8,43 €/KG","img":"https://fd5-photos.leclercdrive.fr/image.ashx?id=2962584&use=l&cat=p&typeid=i","cat":284492},{"id":272114,"n":"MADELEINES LAIT FRAIS","p":1.94,"u":"6,47 €/KG","img":"https://fd5-photos.leclercdrive.fr/image.ashx?id=2960822&use=l&cat=p&typeid=i","cat":284492},{"id":272116,"n":"Chips Savour Poivre noir - 120g","p":1.65,"u":"13,75 €/KG","img":"https://fd5-photos.leclercdrive.fr/image.ashx?id=2933470&use=l&cat=p&typeid=i","cat":284447},{"id":272117,"n":"Riz basmati Ben's Original Micro ondable - 450g","p":2.79,"u":"6,20 €/KG","img":"https://fd5-photos.leclercdrive.fr/image.ashx?id=2963826&use=l&cat=p&typeid=i","cat":284428},{"id":272119,"n":"Doypack  basmati Taureau Ailé Curry vert - 220g","p":1.72,"u":"7,82 €/KG","img":"https://fd5-photos.leclercdrive.fr/image.ashx?id=2948240&use=l&cat=p&typeid=i","cat":287600},{"id":272145,"n":"Latté Kitkat Nescafé  273g","p":4.98,"u":"18,24 €/KG","img":"https://fd5-photos.leclercdrive.fr/image.ashx?id=2952178&use=l&cat=p&typeid=i","cat":284843},{"id":272146,"n":"Sauce Bechamel Rustica 500g","p":1.65,"u":"3,30 €/KG","img":"https://fd5-photos.leclercdrive.fr/image.ashx?id=2958765&use=l&cat=p&typeid=i","cat":318430},{"id":272256,"n":"Pains Burger Brioché Epi d'Or x4 - 250g","p":1.25,"u":"5,00 €/KG","img":"https://fd5-photos.leclercdrive.fr/image.ashx?id=2933613&use=l&cat=p&typeid=i","cat":325067},{"id":272349,"n":"Sérum visage Nivea Anti-age  30ml","p":27.19,"u":"906,33 €/L","img":"https://fd5-photos.leclercdrive.fr/image.ashx?id=2991304&use=l&cat=p&typeid=i","cat":325345},{"id":272351,"n":"Masque Sérum Garnier Hyaluron+  Répare tissus x1","p":2.3,"img":"https://fd5-photos.leclercdrive.fr/image.ashx?id=2986657&use=l&cat=p&typeid=i","cat":325346},{"id":272919,"n":"Sauce pour CheeseBurger Amora - 250g","p":2.07,"u":"8,28 €/KG","img":"https://fd5-photos.leclercdrive.fr/image.ashx?id=2938962&use=l&cat=p&typeid=i","cat":318431},{"id":272976,"n":"Copies doubles Clairefontaine Perforées  21x29.7cm- 300 pages","p":3.23,"img":"https://fd5-photos.leclercdrive.fr/image.ashx?id=2938632&use=l&cat=p&typeid=i","cat":284697},{"id":272977,"n":"Surligneurs Stabilo Boss original x7","p":9.98,"img":"https://fd5-photos.leclercdrive.fr/image.ashx?id=2938800&use=l&cat=p&typeid=i","cat":284696},{"id":273197,"n":"Bière blonde Leffe canette Rituel 9% vol. - 50cl","p":2.49,"u":"4,98 €/L","img":"https://fd5-photos.leclercdrive.fr/image.ashx?id=2963928&use=l&cat=p&typeid=i","cat":334853},{"id":273425,"n":"Olives vertes Menguy's Herbes de provence - 170g","p":2.41,"u":"14,18 €/KG","img":"https://fd5-photos.leclercdrive.fr/image.ashx?id=2945526&use=l&cat=p&typeid=i","cat":284450},{"id":273443,"n":"Dentifrice Colgate Total  Prevention 24h active 150ml","p":4.94,"u":"32,93 €/L","img":"https://fd5-photos.leclercdrive.fr/image.ashx?id=2952181&use=l&cat=p&typeid=i","cat":284612},{"id":273444,"n":"Riz Taureau Ailé 2x500g","p":3.15,"u":"3,15 €/KG","img":"https://fd5-photos.leclercdrive.fr/image.ashx?id=2963745&use=l&cat=p&typeid=i","cat":284428},{"id":273449,"n":"Riz basmati Taureau Ailé  2x500g","p":3.15,"u":"3,15 €/KG","img":"https://fd5-photos.leclercdrive.fr/image.ashx?id=2963748&use=l&cat=p&typeid=i","cat":284428},{"id":273471,"n":"Raviolini Rana Kiri & Jambon - 250g","p":3.0,"u":"12,00 €/KG","img":"https://fd5-photos.leclercdrive.fr/image.ashx?id=2964060&use=l&cat=p&typeid=i","cat":333682},{"id":273533,"n":"Yaourts Morceaux de Framboise Mamie Nova - 2x150g","p":1.63,"u":"5,43 €/KG","img":"https://fd5-photos.leclercdrive.fr/image.ashx?id=2941703&use=l&cat=p&typeid=i","cat":284410},{"id":273538,"n":"Rhum Vieux Clément VO Prestique - 40° - 35cl","p":11.6,"u":"33,14 €/L","img":"https://fd5-photos.leclercdrive.fr/image.ashx?id=2962146&use=l&cat=p&typeid=i","cat":284550},{"id":273540,"n":"Pur Jus Clémentine  Corse - 1L","p":2.99,"u":"2,99 €/L","img":"https://fd5-photos.leclercdrive.fr/image.ashx?id=2941315&use=l&cat=p&typeid=i","cat":284915},{"id":273541,"n":"Boisson pétillante Quezac Citron - 1.15L","p":0.77,"u":"0,67 €/L","img":"https://fd5-photos.leclercdrive.fr/image.ashx?id=2963460&use=l&cat=p&typeid=i","cat":284536},{"id":273584,"n":"Colle Pattex Fixation - 44g","p":6.87,"img":"https://fd5-photos.leclercdrive.fr/image.ashx?id=2957017&use=l&cat=p&typeid=i","cat":300576},{"id":273585,"n":"Oignon rouge Eco+ 500g","p":0.99,"u":"1,98 €/KG","img":"https://fd5-photos.leclercdrive.fr/image.ashx?id=2942048&use=l&cat=p&typeid=i","cat":284352},{"id":273593,"n":"Tomate cerise 250g","p":0.95,"u":"3,80 €/KG","img":"https://fd5-photos.leclercdrive.fr/image.ashx?id=1700569&use=l&cat=p&typeid=i","cat":284352},{"id":273596,"n":"Pomme Bicolore Gala 4p","p":0.95,"u":"0,24 €/P","img":"https://fd5-photos.leclercdrive.fr/image.ashx?id=2946747&use=l&cat=p&typeid=i","cat":284356},{"id":273603,"n":"Echalote filet 200g","p":1.09,"u":"5,45 €/KG","img":"https://fd5-photos.leclercdrive.fr/image.ashx?id=2946759&use=l&cat=p&typeid=i","cat":284352},{"id":273606,"n":"Oignon jaune filet 500g","p":1.19,"u":"2,38 €/KG","img":"https://fd5-photos.leclercdrive.fr/image.ashx?id=2946762&use=l&cat=p&typeid=i","cat":284352},{"id":273607,"n":"Butternut 400g","p":0.95,"u":"2,38 €/KG","img":"https://fd5-photos.leclercdrive.fr/image.ashx?id=2946753&use=l&cat=p&typeid=i","cat":284352},{"id":273608,"n":"Potimarron 400g","p":0.95,"u":"2,38 €/KG","img":"https://fd5-photos.leclercdrive.fr/image.ashx?id=2946756&use=l&cat=p&typeid=i","cat":284352},{"id":273630,"n":"Oignon jaune tube filière Panier du Primeur x4","p":1.79,"u":"0,45 €/P","img":"https://fd5-photos.leclercdrive.fr/image.ashx?id=2942260&use=l&cat=p&typeid=i","cat":284352},{"id":273672,"n":"Minis saucissons Croc'sec Noisette Cochonou - 130g","p":2.87,"u":"22,08 €/KG","img":"https://fd5-photos.leclercdrive.fr/image.ashx?id=2948947&use=l&cat=p&typeid=i","cat":316006},{"id":273673,"n":"Minis saucissons Croc'sec nature Cochonou - 150g","p":3.57,"u":"23,80 €/KG","img":"https://fd5-photos.leclercdrive.fr/image.ashx?id=2942927&use=l&cat=p&typeid=i","cat":316006},{"id":273674,"n":"Minis saucissons Croc'sec Brie Cochonou - 130g","p":2.99,"u":"23,00 €/KG","img":"https://fd5-photos.leclercdrive.fr/image.ashx?id=2963181&use=l&cat=p&typeid=i","cat":316006},{"id":273839,"n":"Bière blonde Bud  25cl","p":1.5,"u":"6,00 €/L","img":"https://fd5-photos.leclercdrive.fr/image.ashx?id=2942843&use=l&cat=p&typeid=i","cat":334872},{"id":273844,"n":"Duo de petits récipients Monbento - 2x100ml","p":11.0,"img":"https://fd5-photos.leclercdrive.fr/image.ashx?id=2943009&use=l&cat=p&typeid=i","cat":334134},{"id":273845,"n":"Gourde aluminium Monbento 650ml","p":15.0,"img":"https://fd5-photos.leclercdrive.fr/image.ashx?id=3005742&use=l&cat=p&typeid=i","cat":284710},{"id":273849,"n":"Boîte à en-cas Monbento Double compartiment - 400ml","p":14.0,"img":"https://fd5-photos.leclercdrive.fr/image.ashx?id=3005739&use=l&cat=p&typeid=i","cat":284710},{"id":273850,"n":"Boîte de conservation Monbento Carrée - 600ml","p":14.0,"img":"https://fd5-photos.leclercdrive.fr/image.ashx?id=3005727&use=l&cat=p&typeid=i","cat":284710},{"id":273852,"n":"Sac repas Monbento x1","p":20.0,"img":"https://fd5-photos.leclercdrive.fr/image.ashx?id=3005730&use=l&cat=p&typeid=i","cat":313597},{"id":273854,"n":"Boîte repas Monbento 2 étages - x1","p":38.0,"img":"https://fd5-photos.leclercdrive.fr/image.ashx?id=3005787&use=l&cat=p&typeid=i","cat":284710},{"id":273858,"n":"Pâtes Perles de Semoule Ferrero 450g","p":1.67,"u":"3,71 €/KG","img":"https://fd5-photos.leclercdrive.fr/image.ashx?id=2943852&use=l&cat=p&typeid=i","cat":284427},{"id":273859,"n":"Boîte repas Monbento 1 étage","p":28.0,"img":"https://fd5-photos.leclercdrive.fr/image.ashx?id=3005745&use=l&cat=p&typeid=i","cat":284710},{"id":273870,"n":"Mini ruban correcteur Esquisse Rouge, Bleu, Gris - x3","p":1.99,"img":"https://fd5-photos.leclercdrive.fr/image.ashx?id=2943331&use=l&cat=p&typeid=i","cat":334133},{"id":273924,"n":"Pur jus de pomme bio Bio Village 90cl","p":1.99,"u":"2,21 €/L","img":"https://fd5-photos.leclercdrive.fr/image.ashx?id=3014311&use=l&cat=p&typeid=i","cat":284354},{"id":273931,"n":"Pur jus d'orange bio Bio Village 90cl","p":2.85,"u":"3,17 €/L","img":"https://fd5-photos.leclercdrive.fr/image.ashx?id=3003756&use=l&cat=p&typeid=i","cat":284354},{"id":274082,"n":"Lame de rasoir ComfortGlide Breeze - x4","p":14.16,"img":"https://fd5-photos.leclercdrive.fr/image.ashx?id=2944440&use=l&cat=p&typeid=i","cat":325352},{"id":274343,"n":"Café dosettes Tassimo Milka x10","p":4.93,"u":"30,81 €/KG","img":"https://fd5-photos.leclercdrive.fr/image.ashx?id=2944461&use=l&cat=p&typeid=i","cat":293240},{"id":274346,"n":"Sucre de canne Saint Louis Morceaux secables 1kg","p":2.89,"u":"2,89 €/KG","img":"https://fd5-photos.leclercdrive.fr/image.ashx?id=2943966&use=l&cat=p&typeid=i","cat":284502},{"id":274347,"n":"Sauté de veau William Saurin Legumes - 280g","p":3.01,"u":"10,75 €/KG","img":"https://fd5-photos.leclercdrive.fr/image.ashx?id=2943984&use=l&cat=p&typeid=i","cat":284953},{"id":274385,"n":"Friandises Lily's Kitchen au boeuf - 70g","p":4.04,"u":"57,71 €/KG","img":"https://fd5-photos.leclercdrive.fr/image.ashx?id=2944930&use=l&cat=p&typeid=i","cat":294527},{"id":274411,"n":"Prunes rouges Bio Barquette 500g","p":4.92,"u":"9,84 €/KG","img":"https://fd5-photos.leclercdrive.fr/image.ashx?id=1636506&use=l&cat=p&typeid=i","cat":284356},{"id":274419,"n":"Pain au lait La Boulangère  Pepites de chocolats - 280g","p":2.26,"u":"8,07 €/KG","img":"https://fd5-photos.leclercdrive.fr/image.ashx?id=2944879&use=l&cat=p&typeid=i","cat":294673},{"id":274421,"n":"Compotes Pom'Potes Pomme  Poire Banane - x4 - 360g","p":2.28,"u":"6,33 €/KG","img":"https://fd5-photos.leclercdrive.fr/image.ashx?id=2949826&use=l&cat=p&typeid=i","cat":284508},{"id":274422,"n":"Compotes Pom'Potes Pomme  Fraise Cerise - x4 - 360g","p":2.09,"u":"5,81 €/KG","img":"https://fd5-photos.leclercdrive.fr/image.ashx?id=3010921&use=l&cat=p&typeid=i","cat":284508},{"id":274424,"n":"Compotes Pom-Potes Pomme Pêche  Poire Framboise - x12 - 1.08kg","p":5.93,"u":"5,49 €/KG","img":"https://fd5-photos.leclercdrive.fr/image.ashx?id=3010966&use=l&cat=p&typeid=i","cat":284508},{"id":274426,"n":"Compotes Pom'Potes Pomme  Framboise Citron vert x4 - 360g","p":2.34,"u":"6,50 €/KG","img":"https://fd5-photos.leclercdrive.fr/image.ashx?id=2943813&use=l&cat=p&typeid=i","cat":284508},{"id":274427,"n":"Compotes Pom'Potes Pomme Pêche  Pamplemousse - x4 - 360g","p":2.09,"u":"5,81 €/KG","img":"https://fd5-photos.leclercdrive.fr/image.ashx?id=3010918&use=l&cat=p&typeid=i","cat":284508},{"id":274428,"n":"Compotes Pom'Potes Pomme Ananas Orange/Citron - x12 - 1.08kg","p":5.87,"u":"5,44 €/KG","img":"https://fd5-photos.leclercdrive.fr/image.ashx?id=3010963&use=l&cat=p&typeid=i","cat":284508},{"id":274430,"n":"Compotes Pom'Potes Les P'tits Explorateurs - x20 - 1.8kg","p":8.56,"u":"4,76 €/KG","img":"https://fd5-photos.leclercdrive.fr/image.ashx?id=2943825&use=l&cat=p&typeid=i","cat":284508},{"id":274480,"n":"AOP Miel de Chataigneraie Corse 1 kilo - Carulu Biancucci","p":32.9,"u":"32,90 €/KG","img":"https://fd5-photos.leclercdrive.fr/image.ashx?id=2964529&use=l&cat=p&typeid=i","cat":287643},{"id":274481,"n":"AOP Miel de Chataigneraie Corse 250 grs - Carulu Biancucci","p":8.95,"u":"35,80 €/KG","img":"https://fd5-photos.leclercdrive.fr/image.ashx?id=2964520&use=l&cat=p&typeid=i","cat":287643},{"id":274500,"n":"Brioche tranchée La Boulangère 450g","p":1.79,"u":"3,98 €/KG","img":"https://fd5-photos.leclercdrive.fr/image.ashx?id=2944882&use=l&cat=p&typeid=i","cat":285529},{"id":274505,"n":"Yaourt à la Grecque Danone Vanille -4x110g","p":2.53,"u":"5,75 €/KG","img":"https://fd5-photos.leclercdrive.fr/image.ashx?id=2992738&use=l&cat=p&typeid=i","cat":314999},{"id":274506,"n":"Yaourt à la Grecque Danone Nature  - 4x110g","p":1.72,"u":"3,91 €/KG","img":"https://fd5-photos.leclercdrive.fr/image.ashx?id=2992732&use=l&cat=p&typeid=i","cat":314999},{"id":274509,"n":"Yaourt à la Grecque Danone Fraise - 4x110g","p":2.59,"u":"5,89 €/KG","img":"https://fd5-photos.leclercdrive.fr/image.ashx?id=2992729&use=l&cat=p&typeid=i","cat":314999},{"id":274528,"n":"Capsules lave-vaisselle Finish Quantum - Citron - 707g x68","p":11.88,"pp":7.13,"u":"10,08 €/KG","img":"https://fd5-photos.leclercdrive.fr/image.ashx?id=2945643&use=l&cat=p&typeid=i","cat":284656},{"id":274530,"n":"Capsules lave-vaisselle Finish Ultimate - Citron - 735g x57","p":11.88,"pp":7.13,"u":"9,70 €/KG","img":"https://fd5-photos.leclercdrive.fr/image.ashx?id=2945649&use=l&cat=p&typeid=i","cat":284656},{"id":274537,"n":"Recharges diffuseur électrique  Airwick - Duo coton - 38ml","p":6.76,"u":"177,89 €/L","img":"https://fd5-photos.leclercdrive.fr/image.ashx?id=2945637&use=l&cat=p&typeid=i","cat":311629},{"id":274538,"n":"Recharge diffuseur électrique Airwick - Vanille - 19ml","p":4.55,"u":"239,47 €/L","img":"https://fd5-photos.leclercdrive.fr/image.ashx?id=2945634&use=l&cat=p&typeid=i","cat":311629},{"id":274540,"n":"Recharges spray automatique Airwick - Bois - 228ml","p":6.04,"u":"26,49 €/L","img":"https://fd5-photos.leclercdrive.fr/image.ashx?id=2945631&use=l&cat=p&typeid=i","cat":311629},{"id":274541,"n":"Yaourt à la Grecque Danone Stracciatella - 4x110g","p":2.21,"u":"5,02 €/KG","img":"https://fd5-photos.leclercdrive.fr/image.ashx?id=2992735&use=l&cat=p&typeid=i","cat":314999},{"id":274544,"n":"Recharge diffuseur électrique Airwick - Coton - 19ml","p":4.55,"u":"239,47 €/L","img":"https://fd5-photos.leclercdrive.fr/image.ashx?id=2945640&use=l&cat=p&typeid=i","cat":311629},{"id":274550,"n":"Recharge diffuseur électrique Airwick - Cerisier - 19ml","p":4.09,"u":"215,26 €/L","img":"https://fd5-photos.leclercdrive.fr/image.ashx?id=2945832&use=l&cat=p&typeid=i","cat":311629},{"id":274552,"n":"Recharge diffuseur électrique Airwick - Brume coton - 20ml","p":4.64,"u":"232,00 €/L","img":"https://fd5-photos.leclercdrive.fr/image.ashx?id=2945835&use=l&cat=p&typeid=i","cat":311629},{"id":274554,"n":"Yaourt à la Grecque Danone Citron - 4x110g","p":2.46,"u":"5,59 €/KG","img":"https://fd5-photos.leclercdrive.fr/image.ashx?id=2992744&use=l&cat=p&typeid=i","cat":314999},{"id":274555,"n":"Yaourt à la Grecque Danone Caramel - 4x110g","p":2.61,"u":"5,93 €/KG","img":"https://fd5-photos.leclercdrive.fr/image.ashx?id=2992741&use=l&cat=p&typeid=i","cat":314999},{"id":274559,"n":"Yaourt à la Grecque Danone Coco - 4x110g","p":2.57,"u":"5,84 €/KG","img":"https://fd5-photos.leclercdrive.fr/image.ashx?id=3010990&use=l&cat=p&typeid=i","cat":314999},{"id":274571,"n":"Skyr protéiné Danone nature 0% MG - 825g","p":4.43,"u":"5,37 €/KG","img":"https://fd5-photos.leclercdrive.fr/image.ashx?id=2951028&use=l&cat=p&typeid=i","cat":315000},{"id":274593,"n":"Danone Skyr nature  x4 - 400g","p":1.86,"u":"4,65 €/KG","img":"https://fd5-photos.leclercdrive.fr/image.ashx?id=2960654&use=l&cat=p&typeid=i","cat":315000},{"id":274596,"n":"Danone Skyr nature  x8 - 800g","p":2.84,"u":"3,55 €/KG","img":"https://fd5-photos.leclercdrive.fr/image.ashx?id=2960657&use=l&cat=p&typeid=i","cat":315000},{"id":274790,"n":"AOP Miel de Printemps Corse 1kg - Carulu Biancucci","p":32.9,"u":"32,90 €/KG","img":"https://fd5-photos.leclercdrive.fr/image.ashx?id=2974635&use=l&cat=p&typeid=i","cat":287643},{"id":274791,"n":"AOP Miel de Printemps Corse 250grs - Carulu Biancucci","p":8.95,"u":"35,80 €/KG","img":"https://fd5-photos.leclercdrive.fr/image.ashx?id=2964526&use=l&cat=p&typeid=i","cat":287643},{"id":274792,"n":"AOP Miel du Maquis de Printemps 1kg - Carulu Biancucci Corse","p":32.9,"u":"32,90 €/KG","img":"https://fd5-photos.leclercdrive.fr/image.ashx?id=2947588&use=l&cat=p&typeid=i","cat":287643},{"id":274793,"n":"AOP Miel du Maquis d' été Corse 1kg - Carulu Biancucci","p":32.5,"u":"32,50 €/KG","img":"https://fd5-photos.leclercdrive.fr/image.ashx?id=2974641&use=l&cat=p&typeid=i","cat":287643},{"id":274794,"n":"AOP Miel du Maquis d' été Corse 250grs - Carulu Biancucci","p":8.95,"u":"35,80 €/KG","img":"https://fd5-photos.leclercdrive.fr/image.ashx?id=2964532&use=l&cat=p&typeid=i","cat":287643},{"id":274795,"n":"AOP Miel du Maquis d' automne 1kg - Carulu Biancucci Corse","p":32.9,"u":"32,90 €/KG","img":"https://fd5-photos.leclercdrive.fr/image.ashx?id=2974638&use=l&cat=p&typeid=i","cat":287643},{"id":274800,"n":"AOP Miellats du maquis Corse 1kg - Carulu Biancucci","p":32.32,"u":"32,32 €/KG","img":"https://fd5-photos.leclercdrive.fr/image.ashx?id=2974632&use=l&cat=p&typeid=i","cat":287643},{"id":274801,"n":"AOP Miellats du maquis Corse 250grs - Carulu Biancucci","p":8.92,"u":"35,68 €/KG","img":"https://fd5-photos.leclercdrive.fr/image.ashx?id=2974629&use=l&cat=p&typeid=i","cat":287643},{"id":274961,"n":"Vin mousseux blanc demi-sec Café de Paris 4x75cl+2 offertes","p":17.04,"u":"3,79 €/L","img":"https://fd5-photos.leclercdrive.fr/image.ashx?id=2946511&use=l&cat=p&typeid=i","cat":284544},{"id":274962,"n":"Vin mousseux blanc brut Café de Paris 4x75cl+2 offertes","p":17.04,"u":"3,79 €/L","img":"https://fd5-photos.leclercdrive.fr/image.ashx?id=2946508&use=l&cat=p&typeid=i","cat":284544},{"id":274977,"n":"Lingettes Carolin Multi-usages  x80","p":3.64,"u":"0,05 €/P","img":"https://fd5-photos.leclercdrive.fr/image.ashx?id=2946562&use=l&cat=p&typeid=i","cat":325358},{"id":274994,"n":"Lames Wilkinson  The face Groomer - x4","p":12.32,"u":"3,08 €/P","img":"https://fd5-photos.leclercdrive.fr/image.ashx?id=2946619&use=l&cat=p&typeid=i","cat":284616},{"id":275019,"n":"Pain Pinsa La Boulangère 230g","p":3.15,"u":"13,70 €/KG","img":"https://fd5-photos.leclercdrive.fr/image.ashx?id=2946607&use=l&cat=p&typeid=i","cat":284359},{"id":275024,"n":"Lingettes serpillières Carolin  Tous types de sols - x15","p":3.85,"u":"0,26 €/P","img":"https://fd5-photos.leclercdrive.fr/image.ashx?id=2946970&use=l&cat=p&typeid=i","cat":284907},{"id":275029,"n":"Lames de rasoir Wilkinson Double edge blades x10","p":3.21,"img":"https://fd5-photos.leclercdrive.fr/image.ashx?id=2946724&use=l&cat=p&typeid=i","cat":284616},{"id":275185,"n":"Vin rouge Isula ile de beauté IGP-75cl","p":6.99,"u":"9,32 €/L","img":"https://fd5-photos.leclercdrive.fr/image.ashx?id=2947320&use=l&cat=p&typeid=i","cat":289556},{"id":275186,"n":"Vin blanc Isula ile de beauté IGP-  75cl","p":6.99,"u":"9,32 €/L","img":"https://fd5-photos.leclercdrive.fr/image.ashx?id=2947323&use=l&cat=p&typeid=i","cat":289557},{"id":275188,"n":"Vin  rosé Isula ile de beauté IGP-75cl","p":6.99,"u":"9,32 €/L","img":"https://fd5-photos.leclercdrive.fr/image.ashx?id=2947326&use=l&cat=p&typeid=i","cat":289558},{"id":275203,"n":"Dessert lacté Ptit gourmand  Caramel - 4x10gg","p":1.6,"u":"4,00 €/KG","img":"https://fd5-photos.leclercdrive.fr/image.ashx?id=2978191&use=l&cat=p&typeid=i","cat":312392},{"id":275204,"n":"Semoule au lait P'tit gourmand 4x100g","p":1.6,"u":"4,00 €/KG","img":"https://fd5-photos.leclercdrive.fr/image.ashx?id=2978194&use=l&cat=p&typeid=i","cat":312392},{"id":275205,"n":"Dessert lacté P'tit Gourmand 4x100g","p":1.6,"u":"4,00 €/KG","img":"https://fd5-photos.leclercdrive.fr/image.ashx?id=2978197&use=l&cat=p&typeid=i","cat":312392},{"id":275207,"n":"Lait-sérum Nivea Corps raffermissant Q10 200ml","p":8.95,"u":"44,75 €/L","img":"https://fd5-photos.leclercdrive.fr/image.ashx?id=2947156&use=l&cat=p&typeid=i","cat":325349},{"id":275209,"n":"Sérum visage Nivea Luminous 360 Skin Glow Eclat immédiat - 30ml","p":13.84,"u":"461,33 €/L","img":"https://fd5-photos.leclercdrive.fr/image.ashx?id=2977660&use=l&cat=p&typeid=i","cat":325345},{"id":275210,"n":"Crème visage homme Hydratante Peaux sensibles 50ml","p":9.9,"u":"198,00 €/L","img":"https://fd5-photos.leclercdrive.fr/image.ashx?id=2947298&use=l&cat=p&typeid=i","cat":284622},{"id":275211,"n":"Soin visage fluide Nivea Anti-UV Quotidien FPS50+ 30ml","p":14.86,"u":"495,33 €/L","img":"https://fd5-photos.leclercdrive.fr/image.ashx?id=3000827&use=l&cat=p&typeid=i","cat":325345},{"id":275212,"n":"Sérum visage Nivea Eclat vitamine C - 30ml","p":17.47,"u":"582,33 €/L","img":"https://fd5-photos.leclercdrive.fr/image.ashx?id=3000824&use=l&cat=p&typeid=i","cat":325345},{"id":275213,"n":"Soin visage fluide Nivea Anti-UV Glycostop Q10 40ml","p":13.79,"u":"344,75 €/L","img":"https://fd5-photos.leclercdrive.fr/image.ashx?id=3000830&use=l&cat=p&typeid=i","cat":325345},{"id":275214,"n":"Curry  pois chiches Cassegrain A l'indienne - 430g","p":2.57,"u":"5,98 €/KG","img":"https://fd5-photos.leclercdrive.fr/image.ashx?id=2952490&use=l&cat=p&typeid=i","cat":287599},{"id":275215,"n":"Eau micellaire démaquillant Nivea Peaux imperfections 400ml","p":5.51,"u":"13,78 €/MT","img":"https://fd5-photos.leclercdrive.fr/image.ashx?id=2947168&use=l&cat=p&typeid=i","cat":284603},{"id":275216,"n":"Crème hydratante Nivea Fraîcheur - 200ml","p":5.76,"u":"28,80 €/L","img":"https://fd5-photos.leclercdrive.fr/image.ashx?id=2947159&use=l&cat=p&typeid=i","cat":325350},{"id":275217,"n":"Crème visage jour Nivea Anti-âge repulpant SPF30 50ml","p":14.71,"u":"294,20 €/L","img":"https://fd5-photos.leclercdrive.fr/image.ashx?id=3000815&use=l&cat=p&typeid=i","cat":325345},{"id":275218,"n":"Chili de haricots Cassegrain A la mexicaine - 430g","p":2.57,"u":"5,98 €/KG","img":"https://fd5-photos.leclercdrive.fr/image.ashx?id=2962125&use=l&cat=p&typeid=i","cat":287599},{"id":275220,"n":"Dahl de lentilles Cassegrain A l'indienne - 435g","p":2.93,"u":"6,74 €/KG","img":"https://fd5-photos.leclercdrive.fr/image.ashx?id=2946904&use=l&cat=p&typeid=i","cat":287599},{"id":275223,"n":"Miel de fleurs Lune de Miel Gelée royale - 230g","p":5.3,"u":"23,04 €/KG","img":"https://fd5-photos.leclercdrive.fr/image.ashx?id=2984877&use=l&cat=p&typeid=i","cat":287643},{"id":275224,"n":"Barre de céréales Lion 8x25g","p":2.64,"u":"13,20 €/KG","img":"https://fd5-photos.leclercdrive.fr/image.ashx?id=2947195&use=l&cat=p&typeid=i","cat":285869},{"id":275225,"n":"Barre de céréales Chocapic 8x25g","p":2.63,"u":"13,15 €/KG","img":"https://fd5-photos.leclercdrive.fr/image.ashx?id=2947198&use=l&cat=p&typeid=i","cat":285869},{"id":275232,"n":"Sérum Nivea Q10 Anti-rides Tous types de peaux -15ml","p":13.55,"u":"903,33 €/L","img":"https://fd5-photos.leclercdrive.fr/image.ashx?id=3014611&use=l&cat=p&typeid=i","cat":325345},{"id":275236,"n":"Lingettes Carolin  Anti-bactériennes  - x80","p":3.48,"u":"0,04 €/P","img":"https://fd5-photos.leclercdrive.fr/image.ashx?id=2946964&use=l&cat=p&typeid=i","cat":325358},{"id":275238,"n":"Lingettes Carolin  Anti-bactériennes - x80","p":3.69,"u":"0,05 €/P","img":"https://fd5-photos.leclercdrive.fr/image.ashx?id=2946967&use=l&cat=p&typeid=i","cat":325358},{"id":275240,"n":"Lingettes Carolin Citron Ultra dégraissant - x80","p":3.4,"u":"0,04 €/P","img":"https://fd5-photos.leclercdrive.fr/image.ashx?id=2946976&use=l&cat=p&typeid=i","cat":325358},{"id":275244,"n":"Dentifrice Sensodyne  Sensibilité et gencives -75ml","p":3.61,"u":"48,13 €/L","img":"https://fd5-photos.leclercdrive.fr/image.ashx?id=2947180&use=l&cat=p&typeid=i","cat":284612},{"id":275245,"n":"Dentifrice Sensodyne Blancheur - 75ml","p":3.8,"u":"50,67 €/L","img":"https://fd5-photos.leclercdrive.fr/image.ashx?id=2947183&use=l&cat=p&typeid=i","cat":284612},{"id":275249,"n":"Spray aérosol Airwick  Baies sauvages -250ml","p":4.33,"u":"17,32 €/L","img":"https://fd5-photos.leclercdrive.fr/image.ashx?id=2947066&use=l&cat=p&typeid=i","cat":311626},{"id":275260,"n":"Déodorant spray Sanex Aloe vera Bio Sensitive - 200ml","p":4.36,"u":"21,80 €/L","img":"https://fd5-photos.leclercdrive.fr/image.ashx?id=2948537&use=l&cat=p&typeid=i","cat":284595},{"id":275352,"n":"Déodorant bille bio Sanex Bambou Fresh - 50ml","p":4.31,"u":"86,20 €/L","img":"https://fd5-photos.leclercdrive.fr/image.ashx?id=2949088&use=l&cat=p&typeid=i","cat":284595},{"id":275353,"n":"Déodorant bille Sanex Minéral efficacité - 50ml","p":4.1,"u":"82,00 €/L","img":"https://fd5-photos.leclercdrive.fr/image.ashx?id=2949091&use=l&cat=p&typeid=i","cat":284595},{"id":275354,"n":"Porte-fil dentaire Efiseptyl x18","p":2.38,"img":"https://fd5-photos.leclercdrive.fr/image.ashx?id=2954797&use=l&cat=p&typeid=i","cat":285159},{"id":275380,"n":"Masque expert réparation Huile de jojoba - 370ml","p":5.92,"u":"16,00 €/L","img":"https://fd5-photos.leclercdrive.fr/image.ashx?id=2961023&use=l&cat=p&typeid=i","cat":284608},{"id":275381,"n":"Gel douche Dop Lait végétal Pyrénées - 480ml","p":2.94,"u":"6,13 €/L","img":"https://fd5-photos.leclercdrive.fr/image.ashx?id=2955348&use=l&cat=p&typeid=i","cat":284594},{"id":275382,"n":"Gel douche Dop Amande - 480ml","p":3.12,"u":"6,50 €/L","img":"https://fd5-photos.leclercdrive.fr/image.ashx?id=2955351&use=l&cat=p&typeid=i","cat":284594},{"id":275398,"n":"Saucisse Knacki Herta Sel réduit - x6 - 210g","p":2.39,"u":"11,38 €/KG","img":"https://fd5-photos.leclercdrive.fr/image.ashx?id=2948824&use=l&cat=p&typeid=i","cat":316012},{"id":275401,"n":"Knacki Gourmande Herta  100% pur porc x4 - 280g","p":2.75,"u":"9,82 €/KG","img":"https://fd5-photos.leclercdrive.fr/image.ashx?id=2948827&use=l&cat=p&typeid=i","cat":316012},{"id":275404,"n":"Shampooing Dop Hair Argan - 480ml","p":3.3,"u":"6,88 €/L","img":"https://fd5-photos.leclercdrive.fr/image.ashx?id=2955372&use=l&cat=p&typeid=i","cat":284606},{"id":275405,"n":"Shampooing Dop Hair Amande - 480ml","p":2.75,"u":"5,73 €/L","img":"https://fd5-photos.leclercdrive.fr/image.ashx?id=2955369&use=l&cat=p&typeid=i","cat":284606},{"id":275406,"n":"Pâte nettoyante Cillit Bang 470g","p":4.79,"u":"10,19 €/KG","img":"https://fd5-photos.leclercdrive.fr/image.ashx?id=2948986&use=l&cat=p&typeid=i","cat":325357},{"id":275407,"n":"Shampooing Dop Hair Karité - 480ml","p":3.05,"u":"6,35 €/L","img":"https://fd5-photos.leclercdrive.fr/image.ashx?id=2955378&use=l&cat=p&typeid=i","cat":284606},{"id":275408,"n":"Shampooing P'tit Dop Amande - 480ml","p":3.79,"u":"7,90 €/MT","img":"https://fd5-photos.leclercdrive.fr/image.ashx?id=2955381&use=l&cat=p&typeid=i","cat":284606},{"id":275409,"n":"Shampooing Dop Hair Antipelliculaire - 480ml","p":2.69,"u":"5,60 €/L","img":"https://fd5-photos.leclercdrive.fr/image.ashx?id=2955375&use=l&cat=p&typeid=i","cat":284606},{"id":275410,"n":"Shampooing Dop Vitamines - 480ml","p":2.65,"u":"5,52 €/L","img":"https://fd5-photos.leclercdrive.fr/image.ashx?id=2955384&use=l&cat=p&typeid=i","cat":284606},{"id":275412,"n":"Shampooing Dop Hair Oeufs - 480ml","p":2.78,"u":"5,79 €/L","img":"https://fd5-photos.leclercdrive.fr/image.ashx?id=2954773&use=l&cat=p&typeid=i","cat":284606},{"id":275413,"n":"Gel douche Dop Framboise - 480ml","p":3.34,"u":"6,96 €/L","img":"https://fd5-photos.leclercdrive.fr/image.ashx?id=2955354&use=l&cat=p&typeid=i","cat":284594},{"id":275415,"n":"Gel douche enfance Dop Barbe à papa - 310ml","p":2.43,"u":"7,84 €/L","img":"https://fd5-photos.leclercdrive.fr/image.ashx?id=2955357&use=l&cat=p&typeid=i","cat":284594},{"id":275418,"n":"Gel douche enfance Dop Bonbons - 310ml","p":2.32,"u":"7,48 €/L","img":"https://fd5-photos.leclercdrive.fr/image.ashx?id=2955360&use=l&cat=p&typeid=i","cat":284594},{"id":275419,"n":"Gel douche enfance Dop Caramel - 310ml","p":2.4,"u":"7,74 €/L","img":"https://fd5-photos.leclercdrive.fr/image.ashx?id=2955363&use=l&cat=p&typeid=i","cat":284594},{"id":275506,"n":"Lait Le Petit Marseillais Nutrition Amande Argan 250ml","p":3.78,"u":"15,12 €/L","img":"https://fd5-photos.leclercdrive.fr/image.ashx?id=2950330&use=l&cat=p&typeid=i","cat":325349},{"id":275507,"n":"Lait Le Petit Marseillais Nutrition Argan 400ml","p":5.28,"u":"13,20 €/L","img":"https://fd5-photos.leclercdrive.fr/image.ashx?id=2950333&use=l&cat=p&typeid=i","cat":325349},{"id":275508,"n":"Shampooing Le Petit Marseillais Blonde ensolleilé 300ml","p":2.71,"u":"9,03 €/L","img":"https://fd5-photos.leclercdrive.fr/image.ashx?id=2950336&use=l&cat=p&typeid=i","cat":284606},{"id":275509,"n":"Shampooing Dessange Couleur - 280ml","p":3.97,"u":"14,18 €/L","img":"https://fd5-photos.leclercdrive.fr/image.ashx?id=2955405&use=l&cat=p&typeid=i","cat":284606},{"id":275510,"n":"Shampooing Primoplast Anti-poux et lentes 125ml","p":4.73,"u":"37,84 €/L","img":"https://fd5-photos.leclercdrive.fr/image.ashx?id=2958359&use=l&cat=p&typeid=i","cat":299654},{"id":275511,"n":"Gel douche enfance Dop Pomme d'amour - 310ml","p":2.77,"u":"8,94 €/L","img":"https://fd5-photos.leclercdrive.fr/image.ashx?id=2955366&use=l&cat=p&typeid=i","cat":284594},{"id":275512,"n":"Gel douche L'arbre vert Peaux sensibles - 720ml","p":5.87,"u":"8,15 €/L","img":"https://fd5-photos.leclercdrive.fr/image.ashx?id=2950303&use=l&cat=p&typeid=i","cat":284594},{"id":275513,"n":"Masque cheveux Le Petit Marseillais Nutrition 370ml","p":5.51,"u":"14,89 €/L","img":"https://fd5-photos.leclercdrive.fr/image.ashx?id=2977483&use=l&cat=p&typeid=i","cat":284608},{"id":275514,"n":"Shampooing nourrissant Timotei Huiles précieuses - 300ml","p":2.29,"u":"7,63 €/L","img":"https://fd5-photos.leclercdrive.fr/image.ashx?id=2950699&use=l&cat=p&typeid=i","cat":284606},{"id":275515,"n":"Crème douche L'Arbre vert Argan -Ecolabel - 260ml","p":2.08,"u":"8,00 €/L","img":"https://fd5-photos.leclercdrive.fr/image.ashx?id=2969163&use=l&cat=p&typeid=i","cat":284594},{"id":275517,"n":"Crème douche L'Arbre vert Amande - Ecolabel - 260ml","p":2.12,"u":"8,15 €/L","img":"https://fd5-photos.leclercdrive.fr/image.ashx?id=2969166&use=l&cat=p&typeid=i","cat":284594},{"id":275518,"n":"Shampooing Timotei Blond illuminant - 300ml","p":2.57,"u":"8,57 €/L","img":"https://fd5-photos.leclercdrive.fr/image.ashx?id=2950702&use=l&cat=p&typeid=i","cat":284606},{"id":275520,"n":"Shampooing Timotei Purifiant & détox - 300ml","p":2.07,"u":"6,90 €/L","img":"https://fd5-photos.leclercdrive.fr/image.ashx?id=2950705&use=l&cat=p&typeid=i","cat":284606},{"id":275521,"n":"Masque Herbal essences Douceur - Rose - 500ml","p":7.61,"u":"15,22 €/L","img":"https://fd5-photos.leclercdrive.fr/image.ashx?id=2950870&use=l&cat=p&typeid=i","cat":284608},{"id":275523,"n":"Shampooing Head & Shoulders Hydrate - 250ml","p":5.97,"u":"23,88 €/L","img":"https://fd5-photos.leclercdrive.fr/image.ashx?id=2950873&use=l&cat=p&typeid=i","cat":284606},{"id":275525,"n":"Shampooing Head & Shoulders Revitalise - 250ml","p":5.27,"u":"21,08 €/L","img":"https://fd5-photos.leclercdrive.fr/image.ashx?id=2950876&use=l&cat=p&typeid=i","cat":284606},{"id":275526,"n":"Lait de brushing Dessange Hydratant - 140ml","p":10.15,"u":"72,50 €/L","img":"https://fd5-photos.leclercdrive.fr/image.ashx?id=2955387&use=l&cat=p&typeid=i","cat":284608},{"id":275528,"n":"Sérum Dessange Extrême 3 huiles - 110ml","p":9.49,"u":"86,27 €/L","img":"https://fd5-photos.leclercdrive.fr/image.ashx?id=2954624&use=l&cat=p&typeid=i","cat":284608},{"id":275529,"n":"Soin cheveux Dessange Nutri-richesse - 110ml","p":7.35,"u":"66,82 €/L","img":"https://fd5-photos.leclercdrive.fr/image.ashx?id=2955390&use=l&cat=p&typeid=i","cat":284608},{"id":275531,"n":"Masque Dessange Nutri-Extrême - 280ml","p":7.35,"u":"26,25 €/L","img":"https://fd5-photos.leclercdrive.fr/image.ashx?id=2955393&use=l&cat=p&typeid=i","cat":284608},{"id":275607,"n":"Gel douche Dove Fraîcheur - 2x450ml","p":6.15,"u":"6,83 €/L","img":"https://fd5-photos.leclercdrive.fr/image.ashx?id=2949580&use=l&cat=p&typeid=i","cat":284594},{"id":275615,"n":"Gel douche Ushuaïa Minéraux marins - 280ml","p":2.18,"u":"7,79 €/L","img":"https://fd5-photos.leclercdrive.fr/image.ashx?id=3008791&use=l&cat=p&typeid=i","cat":284594},{"id":275616,"n":"Gel douche délassante Ushuaïa Huile essentielle d'Ylang 280ml","p":2.52,"u":"9,00 €/L","img":"https://fd5-photos.leclercdrive.fr/image.ashx?id=2949544&use=l&cat=p&typeid=i","cat":284594},{"id":275617,"n":"Gel douche Ushuaïa Orchidée - 280ml","p":2.63,"u":"9,39 €/L","img":"https://fd5-photos.leclercdrive.fr/image.ashx?id=2949541&use=l&cat=p&typeid=i","cat":284594},{"id":275618,"n":"Gel douche hydratant Ushuaïa Grenade - 280ml","p":2.52,"u":"9,00 €/L","img":"https://fd5-photos.leclercdrive.fr/image.ashx?id=2949550&use=l&cat=p&typeid=i","cat":284594},{"id":275619,"n":"Crème de douche Ushuaïa Lait de coco - 280ml","p":2.61,"u":"9,32 €/L","img":"https://fd5-photos.leclercdrive.fr/image.ashx?id=2949553&use=l&cat=p&typeid=i","cat":284594},{"id":275620,"n":"Gel douche tonifiant Ushuaïa Extrait de cèdre - 280ml","p":2.52,"u":"9,00 €/L","img":"https://fd5-photos.leclercdrive.fr/image.ashx?id=2949556&use=l&cat=p&typeid=i","cat":284594},{"id":275653,"n":"Dentifrice Aquafresh Naturals Menthe rafraichissante 75ml","p":2.08,"u":"27,73 €/L","img":"https://fd5-photos.leclercdrive.fr/image.ashx?id=2950708&use=l&cat=p&typeid=i","cat":284612},{"id":275657,"n":"Bain de bouche Elmex Soin protecteur douceur 400ml","p":6.53,"u":"16,33 €/L","img":"https://fd5-photos.leclercdrive.fr/image.ashx?id=2950897&use=l&cat=p&typeid=i","cat":284613},{"id":275658,"n":"Dentifrice Colgate Max White Expert original - 75ml","p":4.73,"u":"63,07 €/L","img":"https://fd5-photos.leclercdrive.fr/image.ashx?id=2950900&use=l&cat=p&typeid=i","cat":284612},{"id":275659,"n":"Soin visage Garnier BHA+ Niacinamide SPF50+ - 40ml","p":11.34,"u":"283,50 €/L","img":"https://fd5-photos.leclercdrive.fr/image.ashx?id=3000797&use=l&cat=p&typeid=i","cat":325345},{"id":275661,"n":"Soin visage Garnier Aloe vera Hyaluronique 250ml","p":5.24,"u":"20,96 €/L","img":"https://fd5-photos.leclercdrive.fr/image.ashx?id=2954244&use=l&cat=p&typeid=i","cat":325345},{"id":275662,"n":"Soin hydratant Garnier Hyaluron Liquide quotidien - 120ml","p":8.78,"u":"73,17 €/L","img":"https://fd5-photos.leclercdrive.fr/image.ashx?id=2986654&use=l&cat=p&typeid=i","cat":325345},{"id":275663,"n":"Lotion exfoliante Garnier Salicylique - 120ml","p":11.87,"u":"98,92 €/L","img":"https://fd5-photos.leclercdrive.fr/image.ashx?id=2954253&use=l&cat=p&typeid=i","cat":325346},{"id":275665,"n":"Fluide Garnier hyaluronique Anti-uv quotidien SPF50+ 40ml","p":9.95,"u":"248,75 €/L","img":"https://fd5-photos.leclercdrive.fr/image.ashx?id=2954256&use=l&cat=p&typeid=i","cat":325345},{"id":275666,"n":"Dentifrice Sanogyl Multiprotection Gencives 75ml","p":4.13,"u":"55,07 €/L","img":"https://fd5-photos.leclercdrive.fr/image.ashx?id=2950204&use=l&cat=p&typeid=i","cat":284612},{"id":275668,"n":"Dentifrice Sanogyl Multiprotection blancheur 75ml","p":4.49,"u":"59,87 €/L","img":"https://fd5-photos.leclercdrive.fr/image.ashx?id=2950207&use=l&cat=p&typeid=i","cat":284612},{"id":275669,"n":"Dentifrice Sanogyl Soin global - 75ml","p":3.43,"u":"45,73 €/L","img":"https://fd5-photos.leclercdrive.fr/image.ashx?id=2950201&use=l&cat=p&typeid=i","cat":284612},{"id":275671,"n":"Dentifrice Sanogyl Soin gencives - 75ml","p":3.26,"u":"43,47 €/L","img":"https://fd5-photos.leclercdrive.fr/image.ashx?id=2950195&use=l&cat=p&typeid=i","cat":284612},{"id":275673,"n":"Dentifrice Sanogyl Soin blancheur - 75ml","p":3.25,"u":"43,33 €/L","img":"https://fd5-photos.leclercdrive.fr/image.ashx?id=2950198&use=l&cat=p&typeid=i","cat":284612},{"id":275675,"n":"Spray désinfectant Clair Multi-surfaces - 500ml","p":1.53,"u":"3,06 €/L","img":"https://fd5-photos.leclercdrive.fr/image.ashx?id=2949251&use=l&cat=p&typeid=i","cat":325357},{"id":275677,"n":"Crème après-piqûres Primoplast Apaisante - 40ml","p":3.11,"u":"77,75 €/L","img":"https://fd5-photos.leclercdrive.fr/image.ashx?id=2958356&use=l&cat=p&typeid=i","cat":284630},{"id":275678,"n":"Crème adhésive Fixodent Complète goût neutre 70.5g","p":6.85,"u":"97,86 €/KG","img":"https://fd5-photos.leclercdrive.fr/image.ashx?id=2950879&use=l&cat=p&typeid=i","cat":285158},{"id":275680,"n":"Masque Dessange Nutri-richesse - 280ml","p":7.35,"u":"26,25 €/L","img":"https://fd5-photos.leclercdrive.fr/image.ashx?id=2961068&use=l&cat=p&typeid=i","cat":284608},{"id":275681,"n":"Après-shampooing Dessange Nutri- extrême - 225ml","p":3.54,"u":"15,73 €/L","img":"https://fd5-photos.leclercdrive.fr/image.ashx?id=2954627&use=l&cat=p&typeid=i","cat":284607},{"id":275682,"n":"Eau micellaire Garnier SkinActive - 400ml","p":4.57,"u":"11,43 €/L","img":"https://fd5-photos.leclercdrive.fr/image.ashx?id=2954262&use=l&cat=p&typeid=i","cat":284603},{"id":275683,"n":"Shampooing Dessange Âge sublime - 280ml","p":4.27,"u":"15,25 €/L","img":"https://fd5-photos.leclercdrive.fr/image.ashx?id=3011578&use=l&cat=p&typeid=i","cat":284606},{"id":275684,"n":"Shampooing Dessange Hydra brush - 280ml","p":4.59,"u":"16,39 €/L","img":"https://fd5-photos.leclercdrive.fr/image.ashx?id=2955402&use=l&cat=p&typeid=i","cat":284606},{"id":275685,"n":"Shampooing Dessange Nutri-riche - 280ml","p":3.71,"u":"13,25 €/L","img":"https://fd5-photos.leclercdrive.fr/image.ashx?id=2955408&use=l&cat=p&typeid=i","cat":284606},{"id":275686,"n":"Shampooing Dessange Nutri-extrême - 280ml","p":3.54,"u":"12,64 €/L","img":"https://fd5-photos.leclercdrive.fr/image.ashx?id=2955411&use=l&cat=p&typeid=i","cat":284606},{"id":275687,"n":"Dentifrice Vademecum Bio Protection complète - 75ml","p":3.39,"u":"45,20 €/L","img":"https://fd5-photos.leclercdrive.fr/image.ashx?id=2950684&use=l&cat=p&typeid=i","cat":284612},{"id":275690,"n":"Dentifrice Sensodyne Eclat blancheur - 75ml","p":6.43,"u":"85,73 €/L","img":"https://fd5-photos.leclercdrive.fr/image.ashx?id=2997781&use=l&cat=p&typeid=i","cat":284612},{"id":275692,"n":"Dentifrice Sensodyne Nettoyage intense - 75ml","p":6.43,"u":"85,73 €/L","img":"https://fd5-photos.leclercdrive.fr/image.ashx?id=2998047&use=l&cat=p&typeid=i","cat":284612},{"id":275695,"n":"Dentifrice Sensodyne Rapide Action extra-fresh - 75ml","p":4.87,"u":"64,93 €/L","img":"https://fd5-photos.leclercdrive.fr/image.ashx?id=2950717&use=l&cat=p&typeid=i","cat":284612},{"id":275706,"n":"Dentifrice Sensodyne Multi-protection Blancheur 75ml","p":3.93,"u":"52,40 €/L","img":"https://fd5-photos.leclercdrive.fr/image.ashx?id=2950723&use=l&cat=p&typeid=i","cat":284612},{"id":275708,"n":"Dentifrice Sensodyne Sensibilité Gencives Email 75ml","p":3.83,"u":"51,07 €/L","img":"https://fd5-photos.leclercdrive.fr/image.ashx?id=2950720&use=l&cat=p&typeid=i","cat":284612},{"id":275816,"n":"Mini Caprice des Dieux Filet 6x50g","p":4.54,"u":"15,13 €/KG","img":"https://fd5-photos.leclercdrive.fr/image.ashx?id=2949916&use=l&cat=p&typeid=i","cat":314033},{"id":276113,"n":"Mini bâtonnets Trium Vanille x6 - 234g","p":2.35,"u":"10,04 €/KG","img":"https://fd5-photos.leclercdrive.fr/image.ashx?id=2951137&use=l&cat=p&typeid=i","cat":284265},{"id":276126,"n":"Whisky Jack Daniel's Bonded 70cL","p":33.9,"pp":29.9,"u":"42,71 €/L","img":"https://fd5-photos.leclercdrive.fr/image.ashx?id=2952001&use=l&cat=p&typeid=i","cat":284547},{"id":276187,"n":"Ferrero Collection Assortiment Merveilles d'hiver - 203g","p":9.19,"u":"45,27 €/KG","img":"https://fd5-photos.leclercdrive.fr/image.ashx?id=2952061&use=l&cat=p&typeid=i","cat":327595},{"id":276188,"n":"Ferrero Collection Assortiment Promenade en ville - 197g","p":9.19,"u":"46,65 €/KG","img":"https://fd5-photos.leclercdrive.fr/image.ashx?id=2952058&use=l&cat=p&typeid=i","cat":327595},{"id":276189,"n":"Chocolats Ferrero Prestige  256g","p":10.17,"u":"39,73 €/KG","img":"https://fd5-photos.leclercdrive.fr/image.ashx?id=2952112&use=l&cat=p&typeid=i","cat":327595},{"id":276191,"n":"Chocolats Ferrero Prestige  442g","p":13.09,"u":"29,62 €/KG","img":"https://fd5-photos.leclercdrive.fr/image.ashx?id=2952115&use=l&cat=p&typeid=i","cat":327595},{"id":276194,"n":"Calendrier Kinder Memory  316g","p":16.91,"u":"53,51 €/KG","img":"https://fd5-photos.leclercdrive.fr/image.ashx?id=2952076&use=l&cat=p&typeid=i","cat":336112},{"id":276206,"n":"Kinder mini eggs  Lait - 182g","p":4.6,"u":"25,27 €/KG","img":"https://fd5-photos.leclercdrive.fr/image.ashx?id=2953980&use=l&cat=p&typeid=i","cat":327592},{"id":276210,"n":"Kinder Schokobons  200g","p":3.79,"u":"18,95 €/KG","img":"https://fd5-photos.leclercdrive.fr/image.ashx?id=2952911&use=l&cat=p&typeid=i","cat":327592},{"id":276211,"n":"Kinder Schokobons  350g","p":5.88,"u":"16,80 €/KG","img":"https://fd5-photos.leclercdrive.fr/image.ashx?id=2952103&use=l&cat=p&typeid=i","cat":327592},{"id":276214,"n":"Nutella Chausette  209g","p":9.01,"u":"43,11 €/KG","img":"https://fd5-photos.leclercdrive.fr/image.ashx?id=2952100&use=l&cat=p&typeid=i","cat":327592},{"id":276219,"n":"Papillotes Equador chocolat  Noir - 350g","p":7.59,"u":"21,69 €/KG","img":"https://fd5-photos.leclercdrive.fr/image.ashx?id=2951158&use=l&cat=p&typeid=i","cat":327597},{"id":276258,"n":"Jambon Le Bon Paris Herta Sel réduit sans nitrite 8T - 280g","p":4.9,"u":"17,50 €/KG","img":"https://fd5-photos.leclercdrive.fr/image.ashx?id=2951764&use=l&cat=p&typeid=i","cat":316009},{"id":276264,"n":"Coloration Crème Supreme  Schwarzkopf Noir intense","p":11.03,"img":"https://fd5-photos.leclercdrive.fr/image.ashx?id=2952553&use=l&cat=p&typeid=i","cat":288899},{"id":276265,"n":"Coloration Crème Supreme Schwarzkopf Blond foncé cuivré","p":9.53,"img":"https://fd5-photos.leclercdrive.fr/image.ashx?id=2952556&use=l&cat=p&typeid=i","cat":288899},{"id":276266,"n":"Coloration Crème Supreme Schwarzkopf Blond clair cendré","p":11.03,"img":"https://fd5-photos.leclercdrive.fr/image.ashx?id=2952559&use=l&cat=p&typeid=i","cat":288899},{"id":276268,"n":"Fromage grec vache Islos 150g","p":1.93,"u":"12,87 €/KG","img":"https://fd5-photos.leclercdrive.fr/image.ashx?id=2952619&use=l&cat=p&typeid=i","cat":314027},{"id":276269,"n":"Fromage cremeux Coeur de Lion 8 tranches 150g","p":2.54,"u":"16,93 €/KG","img":"https://fd5-photos.leclercdrive.fr/image.ashx?id=2952493&use=l&cat=p&typeid=i","cat":314028},{"id":276272,"n":"Coloration Crème Supreme  Schwarzkopf Chatain caramel","p":11.75,"img":"https://fd5-photos.leclercdrive.fr/image.ashx?id=2952562&use=l&cat=p&typeid=i","cat":288899},{"id":276274,"n":"Coloration Crème Supreme  Schwarzkopf Blond clair","p":9.84,"img":"https://fd5-photos.leclercdrive.fr/image.ashx?id=2952565&use=l&cat=p&typeid=i","cat":288899},{"id":276277,"n":"Coloration Crème Supreme  Schwarzkopf blond foncé cendré","p":11.7,"img":"https://fd5-photos.leclercdrive.fr/image.ashx?id=2952568&use=l&cat=p&typeid=i","cat":288899},{"id":276279,"n":"Coloration Crème Supreme Schwarzkopf blond cendré","p":9.67,"img":"https://fd5-photos.leclercdrive.fr/image.ashx?id=2952571&use=l&cat=p&typeid=i","cat":288899},{"id":276280,"n":"Coloration Crème Supreme Schwarzkopf Châtain profond","p":11.03,"img":"https://fd5-photos.leclercdrive.fr/image.ashx?id=2952574&use=l&cat=p&typeid=i","cat":288899},{"id":276283,"n":"Mini cookies Delichoc 120g","p":2.41,"u":"20,08 €/KG","img":"https://fd5-photos.leclercdrive.fr/image.ashx?id=2952517&use=l&cat=p&typeid=i","cat":284488},{"id":276284,"n":"Cookie Delacre Caramel beurre salé - 136g","p":2.2,"u":"16,18 €/KG","img":"https://fd5-photos.leclercdrive.fr/image.ashx?id=2952520&use=l&cat=p&typeid=i","cat":284488},{"id":276287,"n":"Coloration Crème Supreme  Schwarzkopf Chatain Perle","p":11.03,"img":"https://fd5-photos.leclercdrive.fr/image.ashx?id=2952577&use=l&cat=p&typeid=i","cat":288899},{"id":276292,"n":"Coloration Crème Supreme  Schwarzkopf Blond très clair","p":11.03,"img":"https://fd5-photos.leclercdrive.fr/image.ashx?id=2952583&use=l&cat=p&typeid=i","cat":288899},{"id":276294,"n":"Coloration Crème Supreme Schwarzkopf Châtain foncé","p":11.03,"img":"https://fd5-photos.leclercdrive.fr/image.ashx?id=2952586&use=l&cat=p&typeid=i","cat":288899},{"id":276295,"n":"Coloration Crème Supreme  Schwarzkopf Châtain chocolat","p":11.03,"img":"https://fd5-photos.leclercdrive.fr/image.ashx?id=2952589&use=l&cat=p&typeid=i","cat":288899},{"id":276346,"n":"Truffes The Belgian Marc de champagne - 200g","p":3.95,"u":"19,75 €/KG","img":"https://fd5-photos.leclercdrive.fr/image.ashx?id=2952830&use=l&cat=p&typeid=i","cat":327600},{"id":276356,"n":"Assortiment café gourmand  Chevalier d'argouges - 140g","p":9.95,"pp":6.57,"u":"46,93 €/KG","img":"https://fd5-photos.leclercdrive.fr/image.ashx?id=2952685&use=l&cat=p&typeid=i","cat":327600},{"id":276364,"n":"Assortiment fenêtre Hamlet Pralinés -195g","p":6.89,"pp":4.55,"u":"23,33 €/KG","img":"https://fd5-photos.leclercdrive.fr/image.ashx?id=2952824&use=l&cat=p&typeid=i","cat":284958},{"id":276388,"n":"Chocolats NOVI gianduiotti  400g","p":11.86,"u":"29,65 €/KG","img":"https://fd5-photos.leclercdrive.fr/image.ashx?id=2953395&use=l&cat=p&typeid=i","cat":327595},{"id":276389,"n":"Chocolats NOVI gianduiotti  245g","p":13.33,"u":"54,41 €/KG","img":"https://fd5-photos.leclercdrive.fr/image.ashx?id=2952977&use=l&cat=p&typeid=i","cat":284499},{"id":276410,"n":"Calendrier Pokemon Qui est-ce ? Chocolat au lait - 100g","p":8.13,"u":"81,30 €/KG","img":"https://fd5-photos.leclercdrive.fr/image.ashx?id=2964147&use=l&cat=p&typeid=i","cat":327590},{"id":276411,"n":"Calendrier de l'avent Gulli bleu - 100g","p":8.13,"u":"81,30 €/KG","img":"https://fd5-photos.leclercdrive.fr/image.ashx?id=2968547&use=l&cat=p&typeid=i","cat":327590},{"id":276413,"n":"Calendrier Mickey Qui est-ce ? Chocolat au lait - 100g","p":8.13,"u":"81,30 €/KG","img":"https://fd5-photos.leclercdrive.fr/image.ashx?id=2964150&use=l&cat=p&typeid=i","cat":327590},{"id":276414,"n":"Calendrier Qui est-ce ? Dragon Ball Z - 100g","p":8.13,"u":"81,30 €/KG","img":"https://fd5-photos.leclercdrive.fr/image.ashx?id=2964144&use=l&cat=p&typeid=i","cat":327590},{"id":276428,"n":"Coffret chocolats Caffarel Signature Noisettes - 200g","p":10.95,"pp":7.23,"u":"36,15 €/KG","img":"https://fd5-photos.leclercdrive.fr/image.ashx?id=2980749&use=l&cat=p&typeid=i","cat":327595},{"id":276429,"n":"Coffret chocolats Anthon Berg à la liqueur - x14 - 219g","p":10.64,"u":"48,58 €/KG","img":"https://fd5-photos.leclercdrive.fr/image.ashx?id=2980728&use=l&cat=p&typeid=i","cat":327601},{"id":276432,"n":"Barre Toblerone  chocolat lait - 340g","p":8.41,"u":"24,74 €/KG","img":"https://fd5-photos.leclercdrive.fr/image.ashx?id=2958902&use=l&cat=p&typeid=i","cat":284499},{"id":276436,"n":"Coffret chocolats Révillon Noir, Lait Blanc Alcool - 231g","p":8.84,"u":"38,27 €/KG","img":"https://fd5-photos.leclercdrive.fr/image.ashx?id=2980692&use=l&cat=p&typeid=i","cat":327595},{"id":276437,"n":"Coffret chocolats Révillon Noir 70% - 232g","p":8.92,"u":"38,45 €/KG","img":"https://fd5-photos.leclercdrive.fr/image.ashx?id=2980701&use=l&cat=p&typeid=i","cat":327595},{"id":276438,"n":"Coffret chocolats Révillon Lait - 230g","p":9.05,"u":"39,35 €/KG","img":"https://fd5-photos.leclercdrive.fr/image.ashx?id=2980695&use=l&cat=p&typeid=i","cat":284499},{"id":276439,"n":"Coffret chocolats Révillon Noir Lait Blanc - 233g","p":9.04,"u":"38,80 €/KG","img":"https://fd5-photos.leclercdrive.fr/image.ashx?id=2980698&use=l&cat=p&typeid=i","cat":284499},{"id":276455,"n":"Les Recettes de l'Atelier   Assortiment Hiver - 190g","p":6.43,"u":"33,84 €/KG","img":"https://fd5-photos.leclercdrive.fr/image.ashx?id=2953989&use=l&cat=p&typeid=i","cat":327595},{"id":276459,"n":"Chocolat Nestlé  Lait et noir - 198g","p":6.36,"u":"32,12 €/KG","img":"https://fd5-photos.leclercdrive.fr/image.ashx?id=2952998&use=l&cat=p&typeid=i","cat":327595},{"id":276460,"n":"Nestlé la Boite Rouge 398 g","p":12.95,"pp":9.71,"u":"24,40 €/KG","img":"https://fd5-photos.leclercdrive.fr/image.ashx?id=2953001&use=l&cat=p&typeid=i","cat":327595},{"id":276461,"n":"Nestlé la Boite Rouge Saveurs de Noel - 385g","p":12.95,"pp":9.71,"u":"25,22 €/KG","img":"https://fd5-photos.leclercdrive.fr/image.ashx?id=2952995&use=l&cat=p&typeid=i","cat":327595},{"id":276462,"n":"Nestlé dessert truffes Noir - 250g","p":7.72,"u":"30,88 €/KG","img":"https://fd5-photos.leclercdrive.fr/image.ashx?id=2953040&use=l&cat=p&typeid=i","cat":327600},{"id":276476,"n":"Panettone tradition Motta signature bruno barbieri - 1kg","p":19.86,"u":"19,86 €/KG","img":"https://fd5-photos.leclercdrive.fr/image.ashx?id=2981376&use=l&cat=p&typeid=i","cat":327607},{"id":276477,"n":"Panettone sans fruits confits  Motta - 1kg","p":19.86,"u":"19,86 €/KG","img":"https://fd5-photos.leclercdrive.fr/image.ashx?id=2981379&use=l&cat=p&typeid=i","cat":327607},{"id":276478,"n":"Pandoro Motta signature bruno barbieri 800g","p":16.96,"u":"21,20 €/KG","img":"https://fd5-photos.leclercdrive.fr/image.ashx?id=2952986&use=l&cat=p&typeid=i","cat":327607},{"id":276484,"n":"Chocolats Ferrero Rocher  100g","p":3.75,"u":"37,50 €/KG","img":"https://fd5-photos.leclercdrive.fr/image.ashx?id=2952899&use=l&cat=p&typeid=i","cat":327600},{"id":276485,"n":"Chocolats Ferrero Rocher  525g","p":15.16,"u":"28,88 €/KG","img":"https://fd5-photos.leclercdrive.fr/image.ashx?id=2952962&use=l&cat=p&typeid=i","cat":327600},{"id":276486,"n":"Chocolats Ferrero Rocher  Golden star Lait - 115g","p":5.63,"u":"48,96 €/KG","img":"https://fd5-photos.leclercdrive.fr/image.ashx?id=2952956&use=l&cat=p&typeid=i","cat":327600},{"id":276550,"n":"Biscuit sésame GERBLE - 5x4 220g","p":1.29,"u":"5,86 €/KG","img":"https://fd5-photos.leclercdrive.fr/image.ashx?id=2953803&use=l&cat=p&typeid=i","cat":318651},{"id":276553,"n":"Biscuits bébé Bio Village bio Ourson pépite choco 18m+ - 200g","p":2.59,"u":"12,95 €/KG","img":"https://fd5-photos.leclercdrive.fr/image.ashx?id=2974855&use=l&cat=p&typeid=i","cat":312227},{"id":276559,"n":"Assaisonnement champignons Knorr - 10 cubes  100g","p":1.66,"u":"16,60 €/KG","img":"https://fd5-photos.leclercdrive.fr/image.ashx?id=2954004&use=l&cat=p&typeid=i","cat":288379},{"id":276577,"n":"Haricots verts extra fin  Bonduelle cuits vapeur - 300g","p":2.94,"u":"8,91 €/KG","img":"https://fd5-photos.leclercdrive.fr/image.ashx?id=2972403&use=l&cat=p&typeid=i","cat":312606},{"id":276578,"n":"Chewing gum Hollywood 2fresh Menthe verte - 88g","p":3.71,"u":"42,16 €/KG","img":"https://fd5-photos.leclercdrive.fr/image.ashx?id=2982459&use=l&cat=p&typeid=i","cat":304251},{"id":276580,"n":"Brassé végétal Végé Fraise coco 4x100g","p":2.19,"u":"5,48 €/KG","img":"https://fd5-photos.leclercdrive.fr/image.ashx?id=2954911&use=l&cat=p&typeid=i","cat":316071},{"id":276583,"n":"Café froid Latte Plantation 250ml","p":1.09,"u":"4,36 €/L","img":"https://fd5-photos.leclercdrive.fr/image.ashx?id=2952433&use=l&cat=p&typeid=i","cat":295246},{"id":276939,"n":"Vinaigrette légère Puget Moutarde ancienne  Miel - 330ml","p":2.66,"u":"8,06 €/L","img":"https://fd5-photos.leclercdrive.fr/image.ashx?id=2954220&use=l&cat=p&typeid=i","cat":284456},{"id":277089,"n":"Gel douche Tahiti Bois de santal - 250ml","p":2.41,"u":"9,64 €/L","img":"https://fd5-photos.leclercdrive.fr/image.ashx?id=2955869&use=l&cat=p&typeid=i","cat":284594},{"id":277153,"n":"Skyr végétal Protéiné Alpro Nature - 400g","p":2.66,"u":"6,65 €/KG","img":"https://fd5-photos.leclercdrive.fr/image.ashx?id=2976092&use=l&cat=p&typeid=i","cat":316071},{"id":277160,"n":"Bâtonnets Milka butter cookie x4 - 264g","p":4.0,"u":"15,15 €/KG","img":"https://fd5-photos.leclercdrive.fr/image.ashx?id=2963952&use=l&cat=p&typeid=i","cat":284265},{"id":277369,"n":"AOC Jurançon Piou de Yura HVE - Blanc sec - 75cl","p":7.25,"u":"9,67 €/L","img":"https://fd5-photos.leclercdrive.fr/image.ashx?id=2955462&use=l&cat=p&typeid=i","cat":289557},{"id":277473,"n":"Kéfir Yaourt Activia Fraise, framboise - 2x150g","p":2.2,"pp":1.9,"u":"6,33 €/KG","img":"https://fd5-photos.leclercdrive.fr/image.ashx?id=2972388&use=l&cat=p&typeid=i","cat":315000},{"id":277474,"n":"Kéfir Yaourt Activia nature - 2x150g","p":2.11,"pp":1.81,"u":"6,03 €/KG","img":"https://fd5-photos.leclercdrive.fr/image.ashx?id=2972385&use=l&cat=p&typeid=i","cat":315000},{"id":277475,"n":"Activia Kéfir  Pêche Passion 2x150g","p":2.54,"pp":2.24,"u":"7,47 €/KG","img":"https://fd5-photos.leclercdrive.fr/image.ashx?id=2965894&use=l&cat=p&typeid=i","cat":315000},{"id":277476,"n":"Activia Kéfir Nature 345g","p":2.49,"pp":2.19,"u":"6,35 €/KG","img":"https://fd5-photos.leclercdrive.fr/image.ashx?id=2966164&use=l&cat=p&typeid=i","cat":315000},{"id":277478,"n":"Liégeois Pâtissier Danette  Paris Brest 4x90g","p":2.29,"pp":1.99,"u":"5,53 €/KG","img":"https://fd5-photos.leclercdrive.fr/image.ashx?id=2965930&use=l&cat=p&typeid=i","cat":285042},{"id":277480,"n":"Liégeois Pâtissier Danette Tiramisu 4x90g","p":2.61,"pp":2.31,"u":"6,42 €/KG","img":"https://fd5-photos.leclercdrive.fr/image.ashx?id=2965927&use=l&cat=p&typeid=i","cat":285042},{"id":277483,"n":"Skyr nature Danone 0% MG - 450g","p":2.05,"u":"4,56 €/KG","img":"https://fd5-photos.leclercdrive.fr/image.ashx?id=2966279&use=l&cat=p&typeid=i","cat":284409},{"id":277484,"n":"Danone Skyr fraise 4x100g","p":1.98,"u":"4,95 €/KG","img":"https://fd5-photos.leclercdrive.fr/image.ashx?id=2965903&use=l&cat=p&typeid=i","cat":315000},{"id":277485,"n":"Danone Skyr fruits jaunes 4x100g","p":1.98,"u":"4,95 €/KG","img":"https://fd5-photos.leclercdrive.fr/image.ashx?id=2965906&use=l&cat=p&typeid=i","cat":315000},{"id":277486,"n":"Skyr nature 0% MG Danone Lit de fraise - 2x145g","p":2.4,"u":"8,28 €/KG","img":"https://fd5-photos.leclercdrive.fr/image.ashx?id=2965900&use=l&cat=p&typeid=i","cat":315000},{"id":277487,"n":"Skyr nature 0% MG Danone Lit de mangue passion - 2x145g","p":2.47,"u":"8,52 €/KG","img":"https://fd5-photos.leclercdrive.fr/image.ashx?id=2965897&use=l&cat=p&typeid=i","cat":315000},{"id":277488,"n":"Skyr mûre myrtille Danone 0% MG - 2x140g","p":2.4,"u":"8,57 €/KG","img":"https://fd5-photos.leclercdrive.fr/image.ashx?id=2966276&use=l&cat=p&typeid=i","cat":315000},{"id":277489,"n":"Skyr mangue passion Danone 0% MG - 2x140g","p":2.47,"u":"8,82 €/KG","img":"https://fd5-photos.leclercdrive.fr/image.ashx?id=2965909&use=l&cat=p&typeid=i","cat":315000},{"id":277493,"n":"Yaourt protéiné Hipro nature 480g","p":3.04,"u":"6,33 €/KG","img":"https://fd5-photos.leclercdrive.fr/image.ashx?id=2965945&use=l&cat=p&typeid=i","cat":284409},{"id":277494,"n":"Yaourt protéiné Hipro Myrtille 4x120g","p":2.76,"u":"5,75 €/KG","img":"https://fd5-photos.leclercdrive.fr/image.ashx?id=2965951&use=l&cat=p&typeid=i","cat":315000},{"id":277495,"n":"Yaourt protéiné Hipro Vanille 4x120g","p":3.34,"u":"6,96 €/KG","img":"https://fd5-photos.leclercdrive.fr/image.ashx?id=2965948&use=l&cat=p&typeid=i","cat":315000},{"id":277496,"n":"Yaourt à boire protéiné Hipro Pêche passion - 300ml","p":2.67,"u":"8,90 €/KG","img":"https://fd5-photos.leclercdrive.fr/image.ashx?id=2966137&use=l&cat=p&typeid=i","cat":284415},{"id":277518,"n":"Brandade de morue MSC L'Atelier Poissonnerie 750g","p":6.9,"u":"9,20 €/KG","img":"https://fd5-photos.leclercdrive.fr/image.ashx?id=2968908&use=l&cat=p&typeid=i","cat":285340},{"id":277520,"n":"Déodorant Sanex Spray Mineral  Efficacité - 200ml","p":3.97,"u":"19,85 €/L","img":"https://fd5-photos.leclercdrive.fr/image.ashx?id=2968574&use=l&cat=p&typeid=i","cat":284595},{"id":277592,"n":"Shampooing Dessange Blond californien - 280ml","p":4.59,"u":"16,39 €/L","img":"https://fd5-photos.leclercdrive.fr/image.ashx?id=2957941&use=l&cat=p&typeid=i","cat":284606},{"id":277593,"n":"Shampooing bleu Dessange Blond californien - 280ml","p":4.99,"u":"17,82 €/L","img":"https://fd5-photos.leclercdrive.fr/image.ashx?id=2957938&use=l&cat=p&typeid=i","cat":284606},{"id":277594,"n":"Soin patine Dessange Blond californien - 140ml","p":8.73,"u":"62,36 €/L","img":"https://fd5-photos.leclercdrive.fr/image.ashx?id=2957932&use=l&cat=p&typeid=i","cat":284608},{"id":277595,"n":"Gel douche Ushuaïa Agrumes verts - 280ml","p":2.63,"u":"9,39 €/L","img":"https://fd5-photos.leclercdrive.fr/image.ashx?id=2974399&use=l&cat=p&typeid=i","cat":284594},{"id":277625,"n":"Gel douche Ushuaïa Fleur d'oranger - 280ml","p":4.44,"u":"15,86 €/L","img":"https://fd5-photos.leclercdrive.fr/image.ashx?id=2957926&use=l&cat=p&typeid=i","cat":284594},{"id":277626,"n":"Gel douche Ushuaïa Sakura - 280ml","p":2.3,"u":"8,21 €/L","img":"https://fd5-photos.leclercdrive.fr/image.ashx?id=2974405&use=l&cat=p&typeid=i","cat":284594},{"id":277627,"n":"Gel douche Ushuaïa Coco - 280ml","p":4.44,"u":"15,86 €/L","img":"https://fd5-photos.leclercdrive.fr/image.ashx?id=3000264&use=l&cat=p&typeid=i","cat":284594},{"id":277629,"n":"Shampooing Dop Hair Lait végétal - 480ml","p":2.71,"u":"5,65 €/L","img":"https://fd5-photos.leclercdrive.fr/image.ashx?id=2957929&use=l&cat=p&typeid=i","cat":284606},{"id":277630,"n":"Shampooing Dop hair Pomme - 480ml","p":2.78,"u":"5,79 €/L","img":"https://fd5-photos.leclercdrive.fr/image.ashx?id=2957908&use=l&cat=p&typeid=i","cat":284606},{"id":277631,"n":"Shampooing régulateur Dessange Douce argile - 280ml","p":3.44,"u":"12,29 €/L","img":"https://fd5-photos.leclercdrive.fr/image.ashx?id=2957935&use=l&cat=p&typeid=i","cat":284606},{"id":277632,"n":"Huile de douche Ushuaïa Monoï & fleur de tiaré - 280ml","p":2.36,"u":"8,43 €/L","img":"https://fd5-photos.leclercdrive.fr/image.ashx?id=2958146&use=l&cat=p&typeid=i","cat":284594},{"id":277634,"n":"Gelée de douche Ushuaïa Bahia café açaï - 280ml","p":2.36,"u":"8,43 €/L","img":"https://fd5-photos.leclercdrive.fr/image.ashx?id=2957917&use=l&cat=p&typeid=i","cat":284594},{"id":277635,"n":"Crème de douche Dop Vanille - 480ml","p":2.94,"u":"6,13 €/L","img":"https://fd5-photos.leclercdrive.fr/image.ashx?id=2957893&use=l&cat=p&typeid=i","cat":284594},{"id":277637,"n":"Douche crème enfance Dop Pancakes - 310ml","p":2.4,"u":"7,74 €/L","img":"https://fd5-photos.leclercdrive.fr/image.ashx?id=2957896&use=l&cat=p&typeid=i","cat":284594},{"id":277638,"n":"Douche crème enfance Dop Fraises - 310ml","p":2.4,"u":"7,74 €/L","img":"https://fd5-photos.leclercdrive.fr/image.ashx?id=2957899&use=l&cat=p&typeid=i","cat":284594},{"id":277639,"n":"Crème douche enfance Dop Cookie - 310ml","p":2.4,"u":"7,74 €/L","img":"https://fd5-photos.leclercdrive.fr/image.ashx?id=2957902&use=l&cat=p&typeid=i","cat":284594},{"id":277640,"n":"Douche crème enfance Dop Bonbon cola - 310ml","p":2.4,"u":"7,74 €/L","img":"https://fd5-photos.leclercdrive.fr/image.ashx?id=2957905&use=l&cat=p&typeid=i","cat":284594},{"id":277708,"n":"AOC Entre-deux-mers Château Haut-Baraillot Rouge 75cl","p":10.55,"u":"14,07 €/L","img":"https://fd5-photos.leclercdrive.fr/image.ashx?id=2957128&use=l&cat=p&typeid=i","cat":289556},{"id":277772,"n":"Poire Qtee  x1","p":0.6,"img":"https://fd5-photos.leclercdrive.fr/image.ashx?id=2587227&use=l&cat=p&typeid=i","cat":284356},{"id":277834,"n":"Lessive Omo Absolu capsules Fleurs blanches - 371g","p":11.77,"u":"31,73 €/KG","img":"https://fd5-photos.leclercdrive.fr/image.ashx?id=2958212&use=l&cat=p&typeid=i","cat":284641},{"id":277835,"n":"Lessive Omo Absolu capsules  fleur d'oranger - 371g","p":11.77,"u":"31,73 €/KG","img":"https://fd5-photos.leclercdrive.fr/image.ashx?id=2958209&use=l&cat=p&typeid=i","cat":284641},{"id":278065,"n":"AOP Fauvette Côtes de Provence Rosé - 75cl","p":8.58,"u":"11,44 €/L","img":"https://fd5-photos.leclercdrive.fr/image.ashx?id=2958167&use=l&cat=p&typeid=i","cat":289556},{"id":278066,"n":"Foie de boeuf tranché L'Atelier Boucherie x2 - 320g","p":3.2,"u":"10,00 €/KG","img":"https://fd5-photos.leclercdrive.fr/image.ashx?id=2958386&use=l&cat=p&typeid=i","cat":284328},{"id":278071,"n":"Coeur de boeuf tranché L'Atelier Boucherie x2 - 280g","p":2.67,"u":"9,54 €/KG","img":"https://fd5-photos.leclercdrive.fr/image.ashx?id=2958383&use=l&cat=p&typeid=i","cat":284328},{"id":278074,"n":"Rognon de boeuf en dés L'Atelier Boucherie - 400g","p":3.69,"u":"9,23 €/KG","img":"https://fd5-photos.leclercdrive.fr/image.ashx?id=2958786&use=l&cat=p&typeid=i","cat":284328},{"id":278076,"n":"AOC Bordeaux Grand vin de Reignac - Rouge - 75cl","p":19.95,"u":"26,60 €/L","img":"https://fd5-photos.leclercdrive.fr/image.ashx?id=2958128&use=l&cat=p&typeid=i","cat":289556},{"id":278077,"n":"IGP Côtes Catalanes Les Vignes  Du Vent - Rosé - 75cl","p":6.3,"u":"8,40 €/L","img":"https://fd5-photos.leclercdrive.fr/image.ashx?id=2958095&use=l&cat=p&typeid=i","cat":289558},{"id":278080,"n":"Prosecco Botter 75cl","p":10.86,"u":"14,48 €/L","img":"https://fd5-photos.leclercdrive.fr/image.ashx?id=2958173&use=l&cat=p&typeid=i","cat":284544},{"id":278083,"n":"Os à moelle L'Atelier Boucherie x3 - 500g","p":3.89,"u":"7,78 €/KG","img":"https://fd5-photos.leclercdrive.fr/image.ashx?id=2972259&use=l&cat=p&typeid=i","cat":284328},{"id":278085,"n":"Foie de veau tranché L'Atelier Boucherie - 150g","p":4.99,"u":"33,27 €/KG","img":"https://fd5-photos.leclercdrive.fr/image.ashx?id=2959178&use=l&cat=p&typeid=i","cat":284329},{"id":278139,"n":"Biscuits Bébé Bio Village  Vanille - dès 12 mois - 150g","p":2.15,"u":"14,33 €/KG","img":"https://fd5-photos.leclercdrive.fr/image.ashx?id=2974852&use=l&cat=p&typeid=i","cat":312202},{"id":278242,"n":"Shampooing Vitanove Hydratant - 250ml","p":1.35,"u":"5,40 €/L","img":"https://fd5-photos.leclercdrive.fr/image.ashx?id=2958792&use=l&cat=p&typeid=i","cat":284606},{"id":278244,"n":"Après-shampooing Vitanove Hydratant - 200ml","p":1.39,"u":"6,95 €/L","img":"https://fd5-photos.leclercdrive.fr/image.ashx?id=2958798&use=l&cat=p&typeid=i","cat":284607},{"id":278246,"n":"Après-shampooing Vitanove Cheveux longs - 200ml","p":1.49,"u":"7,45 €/L","img":"https://fd5-photos.leclercdrive.fr/image.ashx?id=2958801&use=l&cat=p&typeid=i","cat":284607},{"id":278263,"n":"Lessive liquide Genie Fleurs fraîches - 2.52L","p":8.29,"u":"3,29 €/L","img":"https://fd5-photos.leclercdrive.fr/image.ashx?id=2959964&use=l&cat=p&typeid=i","cat":284640},{"id":278271,"n":"Désodorisant Bien Air Escapade forêt - 250ml","p":2.42,"u":"9,68 €/L","img":"https://fd5-photos.leclercdrive.fr/image.ashx?id=2958804&use=l&cat=p&typeid=i","cat":311626},{"id":278276,"n":"Lingettes Swiffer Balais Anti-poussière - x20","p":7.07,"img":"https://fd5-photos.leclercdrive.fr/image.ashx?id=2960105&use=l&cat=p&typeid=i","cat":284907},{"id":278300,"n":"Nouilles à poêler Maggi Saveur canard - 119g","p":1.79,"u":"15,04 €/KG","img":"https://fd5-photos.leclercdrive.fr/image.ashx?id=2959503&use=l&cat=p&typeid=i","cat":288992},{"id":278301,"n":"Nouilles à poêler Maggi Saveur curry - 118g","p":1.79,"u":"15,17 €/KG","img":"https://fd5-photos.leclercdrive.fr/image.ashx?id=2987020&use=l&cat=p&typeid=i","cat":288992},{"id":278366,"n":"Eau aromatisée O'Fresh Citron & Citron vert - 6x50cl","p":2.75,"u":"0,92 €/L","img":"https://fd5-photos.leclercdrive.fr/image.ashx?id=2959245&use=l&cat=p&typeid=i","cat":284537},{"id":278367,"n":"IGP Méditerranée Terres ocrées Blanc - 75cl","p":2.75,"u":"3,67 €/L","img":"https://fd5-photos.leclercdrive.fr/image.ashx?id=2959248&use=l&cat=p&typeid=i","cat":289557},{"id":278569,"n":"Échalions Panier du Primeur Filière - Filet 500g","p":1.79,"u":"3,58 €/KG","img":"https://fd5-photos.leclercdrive.fr/image.ashx?id=2960330&use=l&cat=p&typeid=i","cat":284352},{"id":278570,"n":"Lessive liquide Le Chat  L'expert Bicarbonate - 1,8L","p":10.19,"u":"5,66 €/L","img":"https://fd5-photos.leclercdrive.fr/image.ashx?id=2962290&use=l&cat=p&typeid=i","cat":284640},{"id":278571,"n":"Lessive liquide Le Chat  Sensitive x38 - 1,71L","p":10.7,"u":"6,26 €/L","img":"https://fd5-photos.leclercdrive.fr/image.ashx?id=2962293&use=l&cat=p&typeid=i","cat":284640},{"id":278573,"n":"Gel douche Ushuaïa Grenade - 490ml","p":4.14,"u":"8,45 €/L","img":"https://fd5-photos.leclercdrive.fr/image.ashx?id=3011566&use=l&cat=p&typeid=i","cat":284594},{"id":278575,"n":"Gel douche Ushuaïa Ylang - Relaxe - 490ml","p":4.06,"u":"8,29 €/L","img":"https://fd5-photos.leclercdrive.fr/image.ashx?id=3011560&use=l&cat=p&typeid=i","cat":284594},{"id":278578,"n":"Gel douche Ushuaïa Minéraux marins - 490ml","p":4.46,"u":"9,10 €/L","img":"https://fd5-photos.leclercdrive.fr/image.ashx?id=3011563&use=l&cat=p&typeid=i","cat":284594},{"id":278579,"n":"Gel douche Ushuaïa Eucalyptus - 280ml","p":2.63,"u":"9,39 €/L","img":"https://fd5-photos.leclercdrive.fr/image.ashx?id=2974408&use=l&cat=p&typeid=i","cat":284594},{"id":278580,"n":"Emincé de bœuf ail des ours L'Atelier Boucherie - 200g","p":5.99,"u":"29,95 €/KG","img":"https://fd5-photos.leclercdrive.fr/image.ashx?id=2960609&use=l&cat=p&typeid=i","cat":284328},{"id":278582,"n":"Gel douche Ushuaïa Roche volcanique - 280ml","p":2.42,"u":"8,64 €/L","img":"https://fd5-photos.leclercdrive.fr/image.ashx?id=2974411&use=l&cat=p&typeid=i","cat":284594},{"id":278583,"n":"Gel douche Ushuaïa Vanille - 280ml","p":2.42,"u":"8,64 €/L","img":"https://fd5-photos.leclercdrive.fr/image.ashx?id=2974402&use=l&cat=p&typeid=i","cat":284594},{"id":278584,"n":"Gel douche Ecopack Ushuaïa Ylang - Relaxe - 500ml","p":3.48,"u":"6,96 €/L","img":"https://fd5-photos.leclercdrive.fr/image.ashx?id=3011575&use=l&cat=p&typeid=i","cat":284594},{"id":278598,"n":"Bière blonde Nos Régions Ont Du Talent - 7° - 75cl","p":2.16,"u":"2,88 €/L","img":"https://fd5-photos.leclercdrive.fr/image.ashx?id=2980474&use=l&cat=p&typeid=i","cat":334872},{"id":278599,"n":"Bière des Ardennes Ambrée - 7.5° - 75cl","p":2.55,"u":"3,40 €/L","img":"https://fd5-photos.leclercdrive.fr/image.ashx?id=2980477&use=l&cat=p&typeid=i","cat":334872},{"id":278680,"n":"Crème extra légère Bridélice Semi-épaisse 4%MG - 3x20cl","p":2.17,"u":"3,62 €/L","img":"https://fd5-photos.leclercdrive.fr/image.ashx?id=2996581&use=l&cat=p&typeid=i","cat":284381},{"id":278707,"n":"Lessive Dash Pods Envolée d'air x38- 726g","p":13.85,"u":"19,08 €/KG","img":"https://fd5-photos.leclercdrive.fr/image.ashx?id=2965328&use=l&cat=p&typeid=i","cat":284641},{"id":278725,"n":"Saucisses knacki Herta Sel réduit x4 - 140g","p":1.8,"u":"12,86 €/KG","img":"https://fd5-photos.leclercdrive.fr/image.ashx?id=2965016&use=l&cat=p&typeid=i","cat":316012},{"id":278729,"n":"Croque-Monsieur Herta Maxi Mozzarella x2 - 310g","p":2.59,"u":"8,35 €/KG","img":"https://fd5-photos.leclercdrive.fr/image.ashx?id=2965013&use=l&cat=p&typeid=i","cat":333671},{"id":278827,"n":"Lentilles à la Provençale Raynal & Roquelaure - 800g","p":2.91,"u":"3,64 €/KG","img":"https://fd5-photos.leclercdrive.fr/image.ashx?id=2965876&use=l&cat=p&typeid=i","cat":312609},{"id":278910,"n":"Boisson Crazy Tiger Cerise - 35cl","p":1.05,"u":"3,00 €/L","img":"https://fd5-photos.leclercdrive.fr/image.ashx?id=2967262&use=l&cat=p&typeid=i","cat":284533},{"id":278911,"n":"Boisson Crazy Tiger Tiki Mango - 35cl","p":0.83,"u":"2,37 €/L","img":"https://fd5-photos.leclercdrive.fr/image.ashx?id=2967259&use=l&cat=p&typeid=i","cat":284533},{"id":278912,"n":"Boisson Crazy Tiger Pomme - 35cl","p":0.84,"u":"2,40 €/L","img":"https://fd5-photos.leclercdrive.fr/image.ashx?id=3011524&use=l&cat=p&typeid=i","cat":284533},{"id":278955,"n":"Petits gratins Tipiak aux  fruits de mer x2 - 250g","p":4.06,"u":"16,24 €/KG","img":"https://fd5-photos.leclercdrive.fr/image.ashx?id=2967148&use=l&cat=p&typeid=i","cat":284254},{"id":278981,"n":"Fromage Fol Epi  Riche en protéines 6tr - 130g","p":1.97,"u":"0,15 €/MT","img":"https://fd5-photos.leclercdrive.fr/image.ashx?id=2975152&use=l&cat=p&typeid=i","cat":314028},{"id":279003,"n":"Apéri'chaud Richesmonts 140g","p":2.52,"u":"18,00 €/KG","img":"https://fd5-photos.leclercdrive.fr/image.ashx?id=2990484&use=l&cat=p&typeid=i","cat":314027},{"id":279005,"n":"Bûche pur brebis Le Brebiou 130g","p":2.03,"u":"15,62 €/KG","img":"https://fd5-photos.leclercdrive.fr/image.ashx?id=2967043&use=l&cat=p&typeid=i","cat":314031},{"id":279009,"n":"Fromage à tartiner Tartare  Ail & fines herbes 90g","p":1.44,"u":"16,00 €/KG","img":"https://fd5-photos.leclercdrive.fr/image.ashx?id=2967130&use=l&cat=p&typeid=i","cat":314029},{"id":279015,"n":"Bâtonnets Relaxing zen Glade Huiles essentielles - 50ml","p":5.49,"pp":3.29,"u":"65,80 €/L","img":"https://fd5-photos.leclercdrive.fr/image.ashx?id=2968469&use=l&cat=p&typeid=i","cat":311627},{"id":279016,"n":"Bâtonnets Glade Pure Clean Linen - 50ml","p":5.49,"pp":3.29,"u":"65,80 €/L","img":"https://fd5-photos.leclercdrive.fr/image.ashx?id=2968472&use=l&cat=p&typeid=i","cat":311627},{"id":279017,"n":"Bâtonnets Glade Bois de Santal & jasmin - 50ml","p":5.49,"pp":3.29,"u":"65,80 €/L","img":"https://fd5-photos.leclercdrive.fr/image.ashx?id=2968466&use=l&cat=p&typeid=i","cat":311627},{"id":279018,"n":"Bâtonnets Glade Romantic Vanille - 50ml","p":5.49,"pp":3.29,"u":"65,80 €/L","img":"https://fd5-photos.leclercdrive.fr/image.ashx?id=2968475&use=l&cat=p&typeid=i","cat":311627},{"id":279027,"n":"Cheddar râpé British Heritage Extra mature 12 mois - 150g","p":3.09,"u":"20,60 €/KG","img":"https://fd5-photos.leclercdrive.fr/image.ashx?id=2968418&use=l&cat=p&typeid=i","cat":314035},{"id":279028,"n":"Sauce fromagère Saint-Agur 150g","p":2.89,"u":"19,27 €/KG","img":"https://fd5-photos.leclercdrive.fr/image.ashx?id=2968556&use=l&cat=p&typeid=i","cat":284382},{"id":279032,"n":"Gel douche Ushuaia Gingembre - 280ml","p":2.61,"u":"9,32 €/L","img":"https://fd5-photos.leclercdrive.fr/image.ashx?id=2968337&use=l&cat=p&typeid=i","cat":284594},{"id":279034,"n":"Coton Demak'Up  Sensitive - x64","p":1.99,"u":"0,03 €/P","img":"https://fd5-photos.leclercdrive.fr/image.ashx?id=2966590&use=l&cat=p&typeid=i","cat":285593},{"id":279035,"n":"Savon de Marseille Le Chat 1,7L","p":9.74,"u":"5,73 €/L","img":"https://fd5-photos.leclercdrive.fr/image.ashx?id=2966569&use=l&cat=p&typeid=i","cat":284640},{"id":279036,"n":"Gel douche Ecopack Ushuaïa Minéraux Marins - 500ml","p":3.34,"u":"6,68 €/L","img":"https://fd5-photos.leclercdrive.fr/image.ashx?id=3011581&use=l&cat=p&typeid=i","cat":284594},{"id":279037,"n":"Gel douche Ushuaïa Café vert - 280ml","p":2.61,"u":"9,32 €/L","img":"https://fd5-photos.leclercdrive.fr/image.ashx?id=2966584&use=l&cat=p&typeid=i","cat":284594},{"id":279039,"n":"Crème douche Le Petit Marseillais Huile d'argan 400ml","p":3.77,"u":"9,43 €/L","img":"https://fd5-photos.leclercdrive.fr/image.ashx?id=2966578&use=l&cat=p&typeid=i","cat":284594},{"id":279046,"n":"Lait coprs Le Petit Marseillais L'Original - 250ml","p":4.88,"u":"19,52 €/L","img":"https://fd5-photos.leclercdrive.fr/image.ashx?id=2966581&use=l&cat=p&typeid=i","cat":325349},{"id":279047,"n":"Dentifrice Sanogyl Soin duo sensibilité - 75ml","p":3.53,"u":"47,07 €/L","img":"https://fd5-photos.leclercdrive.fr/image.ashx?id=2966575&use=l&cat=p&typeid=i","cat":284612},{"id":279205,"n":"Barres glacées Trium Cacahuètes - 264g","p":2.89,"u":"10,95 €/KG","img":"https://fd5-photos.leclercdrive.fr/image.ashx?id=2966541&use=l&cat=p&typeid=i","cat":284264},{"id":279206,"n":"Barres glacées Trium Caramel - 252g","p":2.49,"u":"9,88 €/KG","img":"https://fd5-photos.leclercdrive.fr/image.ashx?id=2966538&use=l&cat=p&typeid=i","cat":284264},{"id":279257,"n":"Macaroni tomate mozza Panzani - 400g","p":2.07,"u":"5,18 €/KG","img":"https://fd5-photos.leclercdrive.fr/image.ashx?id=2968211&use=l&cat=p&typeid=i","cat":284442},{"id":279258,"n":"Ketchup épicé Amora 275g","p":1.62,"u":"5,89 €/KG","img":"https://fd5-photos.leclercdrive.fr/image.ashx?id=2968592&use=l&cat=p&typeid=i","cat":284455},{"id":279259,"n":"Sauce chinoise Amora 280g","p":2.16,"u":"7,71 €/KG","img":"https://fd5-photos.leclercdrive.fr/image.ashx?id=2968589&use=l&cat=p&typeid=i","cat":318431},{"id":279402,"n":"Lessive souffle fraîcheur Le Chat  40 lavages - 1,8L","p":9.42,"u":"5,23 €/L","img":"https://fd5-photos.leclercdrive.fr/image.ashx?id=2967594&use=l&cat=p&typeid=i","cat":284640},{"id":279403,"n":"Macaroni cheese Panzani - 400g","p":2.06,"u":"5,15 €/KG","img":"https://fd5-photos.leclercdrive.fr/image.ashx?id=2967762&use=l&cat=p&typeid=i","cat":284442},{"id":279408,"n":"Assaisonnement en poudre Knorr Duo Aromatique - 90g","p":2.16,"u":"24,00 €/KG","img":"https://fd5-photos.leclercdrive.fr/image.ashx?id=2967989&use=l&cat=p&typeid=i","cat":298297},{"id":279409,"n":"Assaisonnement poudre Tex Mex Knorr - 90g","p":2.13,"u":"23,67 €/KG","img":"https://fd5-photos.leclercdrive.fr/image.ashx?id=2967986&use=l&cat=p&typeid=i","cat":298297},{"id":279412,"n":"Spaghetti carbonara Panzani - 400g","p":2.09,"u":"5,23 €/KG","img":"https://fd5-photos.leclercdrive.fr/image.ashx?id=2967759&use=l&cat=p&typeid=i","cat":284442},{"id":279599,"n":"Rouleau papier cadeau Esquisse Carreaux violet fuschia 2mx0,7m","p":0.55,"img":"https://fd5-photos.leclercdrive.fr/image.ashx?id=2968646&use=l&cat=p&typeid=i","cat":335914},{"id":279678,"n":"Biscuit  Mots Doux Vanille - 180g","p":1.89,"u":"10,50 €/KG","img":"https://fd5-photos.leclercdrive.fr/image.ashx?id=2970747&use=l&cat=p&typeid=i","cat":284488},{"id":279680,"n":"Spaghetti carbonara Panzani 800g","p":3.34,"u":"4,18 €/KG","img":"https://fd5-photos.leclercdrive.fr/image.ashx?id=2970957&use=l&cat=p&typeid=i","cat":284442},{"id":279682,"n":"Macaroni tomate Panzani 800g","p":4.21,"u":"5,26 €/KG","img":"https://fd5-photos.leclercdrive.fr/image.ashx?id=2970960&use=l&cat=p&typeid=i","cat":284442},{"id":279683,"n":"Barre de céréales Nesquick 8x25g","p":2.66,"u":"13,30 €/KG","img":"https://fd5-photos.leclercdrive.fr/image.ashx?id=2971350&use=l&cat=p&typeid=i","cat":300032},{"id":279691,"n":"Skyr végétal Protéiné Alpro Fraise - 400g","p":2.95,"u":"7,38 €/KG","img":"https://fd5-photos.leclercdrive.fr/image.ashx?id=2976089&use=l&cat=p&typeid=i","cat":313736},{"id":280019,"n":"Œuf Kinder Joy Mario - 3x20g","p":3.14,"u":"52,33 €/KG","img":"https://fd5-photos.leclercdrive.fr/image.ashx?id=2970753&use=l&cat=p&typeid=i","cat":284958},{"id":280025,"n":"Recharge gel lavant mains Le Petit Marseillais Olive 500ml","p":2.68,"u":"5,36 €/L","img":"https://fd5-photos.leclercdrive.fr/image.ashx?id=2985336&use=l&cat=p&typeid=i","cat":284597},{"id":280032,"n":"Gel lavant mains antibactérien Huile essentielle - 500ml","p":2.85,"u":"5,70 €/L","img":"https://fd5-photos.leclercdrive.fr/image.ashx?id=2971143&use=l&cat=p&typeid=i","cat":284597},{"id":280033,"n":"Dentifrice Sanogyl Haleine fraîche - 75ml","p":4.49,"u":"59,87 €/L","img":"https://fd5-photos.leclercdrive.fr/image.ashx?id=2971050&use=l&cat=p&typeid=i","cat":284612},{"id":280035,"n":"Nettoyant gel La Croix Multi-usage Citron - 750ml","p":1.95,"u":"2,60 €/L","img":"https://fd5-photos.leclercdrive.fr/image.ashx?id=2971455&use=l&cat=p&typeid=i","cat":325357},{"id":280072,"n":"Brosse à dents souples Eco + Bleu et vert - x2","p":0.23,"u":"0,12 €/P","img":"https://fd5-photos.leclercdrive.fr/image.ashx?id=2971533&use=l&cat=p&typeid=i","cat":284614},{"id":280073,"n":"Brosse à dents souples Eco + Rose et Beige - x2","p":0.23,"u":"0,12 €/P","img":"https://fd5-photos.leclercdrive.fr/image.ashx?id=2971536&use=l&cat=p&typeid=i","cat":284614},{"id":280159,"n":"Crevettes décortiquées ASC  Delpierre Ail et Persil 180g","p":5.99,"u":"33,28 €/KG","img":"https://fd5-photos.leclercdrive.fr/image.ashx?id=2971978&use=l&cat=p&typeid=i","cat":284343},{"id":280164,"n":"Fois gras de canard entier Jean Larnaudie L'Emblématique 220g","p":37.47,"u":"170,32 €/KG","img":"https://fd5-photos.leclercdrive.fr/image.ashx?id=2971933&use=l&cat=p&typeid=i","cat":316008},{"id":280259,"n":"Pesto rosso crémeux Turini 190g","p":1.33,"u":"7,00 €/KG","img":"https://fd5-photos.leclercdrive.fr/image.ashx?id=2972318&use=l&cat=p&typeid=i","cat":287599},{"id":280263,"n":"Pesto verde cremeux  190g","p":1.33,"u":"7,00 €/KG","img":"https://fd5-photos.leclercdrive.fr/image.ashx?id=2988830&use=l&cat=p&typeid=i","cat":287599},{"id":280264,"n":"Nouilles Banzai noodle  Crevette - 67g","p":1.37,"u":"20,45 €/KG","img":"https://fd5-photos.leclercdrive.fr/image.ashx?id=2972856&use=l&cat=p&typeid=i","cat":284953},{"id":280270,"n":"Dessert lacté Vanille Blédina dès 6 mois Mini Lactés - 6x55g","p":2.17,"pp":1.87,"u":"34,00 €/KG","img":"https://fd5-photos.leclercdrive.fr/image.ashx?id=2972862&use=l&cat=p&typeid=i","cat":312392},{"id":280272,"n":"Cuisses de poulet blanc Eco+ 1.1kg","p":4.39,"u":"3,99 €/KG","img":"https://fd5-photos.leclercdrive.fr/image.ashx?id=2984161&use=l&cat=p&typeid=i","cat":284336},{"id":280273,"n":"Cuisses de poulet jaune Eco+ 1.1kg","p":4.39,"u":"3,99 €/KG","img":"https://fd5-photos.leclercdrive.fr/image.ashx?id=2984164&use=l&cat=p&typeid=i","cat":284336},{"id":280276,"n":"Dessert lacté Fruits Blédina dès 6 mois Mini Lactés - 12x55g","p":4.09,"pp":3.79,"u":"5,74 €/KG","img":"https://fd5-photos.leclercdrive.fr/image.ashx?id=2972865&use=l&cat=p&typeid=i","cat":312392},{"id":280418,"n":"Dessert lacté Nature Blédina dès 6 mois - 4x95g","p":1.91,"u":"5,03 €/KG","img":"https://fd5-photos.leclercdrive.fr/image.ashx?id=2972868&use=l&cat=p&typeid=i","cat":312392},{"id":280419,"n":"Dessert lacté Fraise Blédina dès 6 mois - 4x95g","p":1.95,"u":"5,13 €/KG","img":"https://fd5-photos.leclercdrive.fr/image.ashx?id=2972871&use=l&cat=p&typeid=i","cat":312392},{"id":280420,"n":"Dessert lacté Blédina Vanille dès 6 mois - 4x95g","p":1.95,"u":"5,13 €/KG","img":"https://fd5-photos.leclercdrive.fr/image.ashx?id=2972874&use=l&cat=p&typeid=i","cat":312392},{"id":280425,"n":"Dessert lacté Blédina Mangue Pêche dès 6 mois - 4x95g","p":1.95,"pp":1.65,"u":"4,34 €/KG","img":"https://fd5-photos.leclercdrive.fr/image.ashx?id=2972877&use=l&cat=p&typeid=i","cat":312392},{"id":280452,"n":"Sauce champignons Rustica 300g","p":1.35,"u":"4,50 €/KG","img":"https://fd5-photos.leclercdrive.fr/image.ashx?id=2972775&use=l&cat=p&typeid=i","cat":318430},{"id":280460,"n":"Kit Old El Paso Street Vibes 257g","p":3.71,"u":"14,44 €/KG","img":"https://fd5-photos.leclercdrive.fr/image.ashx?id=2974048&use=l&cat=p&typeid=i","cat":288993},{"id":280474,"n":"Gnocchi à poêler Lustucru Extra moelleux 300g","p":1.97,"u":"6,57 €/KG","img":"https://fd5-photos.leclercdrive.fr/image.ashx?id=2973655&use=l&cat=p&typeid=i","cat":333682},{"id":280478,"n":"Mini ravioli Lustucru Jambon fromage 280g","p":2.58,"u":"9,21 €/KG","img":"https://fd5-photos.leclercdrive.fr/image.ashx?id=2996653&use=l&cat=p&typeid=i","cat":333682},{"id":280480,"n":"Tortilla Old El Paso Nachips BBQ - 185g","p":2.16,"u":"11,68 €/KG","img":"https://fd5-photos.leclercdrive.fr/image.ashx?id=2974051&use=l&cat=p&typeid=i","cat":288993},{"id":280483,"n":"Gnocchi à poêler Lustucru Extra chorizo 280g","p":2.72,"u":"9,71 €/KG","img":"https://fd5-photos.leclercdrive.fr/image.ashx?id=2973646&use=l&cat=p&typeid=i","cat":333682},{"id":280487,"n":"Gnocchi à poêler Lustucru star 500g","p":2.75,"u":"5,50 €/KG","img":"https://fd5-photos.leclercdrive.fr/image.ashx?id=2973637&use=l&cat=p&typeid=i","cat":333682},{"id":280488,"n":"Girasoli Lustucru  Extra raclette 250g","p":2.66,"u":"10,64 €/KG","img":"https://fd5-photos.leclercdrive.fr/image.ashx?id=2973640&use=l&cat=p&typeid=i","cat":333682},{"id":280490,"n":"Sablé P'tit Déli Café - 120g","p":2.29,"u":"19,08 €/KG","img":"https://fd5-photos.leclercdrive.fr/image.ashx?id=2972835&use=l&cat=p&typeid=i","cat":284487},{"id":280491,"n":"Girasoli Lustucru Extra fromage jambon 250g","p":2.66,"u":"10,64 €/KG","img":"https://fd5-photos.leclercdrive.fr/image.ashx?id=2973643&use=l&cat=p&typeid=i","cat":333682},{"id":280610,"n":"Lait corps Nivea Repair & care - 250ml","p":4.48,"pp":2.96,"u":"11,84 €/L","img":"https://fd5-photos.leclercdrive.fr/image.ashx?id=2974435&use=l&cat=p&typeid=i","cat":325349},{"id":280611,"n":"Lait corps Nivea Hydratant - Peaux sèches 250ml","p":4.14,"u":"16,56 €/L","img":"https://fd5-photos.leclercdrive.fr/image.ashx?id=2974438&use=l&cat=p&typeid=i","cat":325349},{"id":280613,"n":"Lait corps fermeté Nivea Hydratant Q10 +Vitamine C 400ml","p":6.31,"u":"15,78 €/L","img":"https://fd5-photos.leclercdrive.fr/image.ashx?id=2974432&use=l&cat=p&typeid=i","cat":325349},{"id":280674,"n":"Dessert Nestlé Lait eclats d'amandes - 170g","p":3.02,"u":"17,76 €/KG","img":"https://fd5-photos.leclercdrive.fr/image.ashx?id=2974453&use=l&cat=p&typeid=i","cat":284497},{"id":280691,"n":"Semoule P'tit Gourmand Lait au biscuit - 4x100g","p":1.6,"u":"4,00 €/KG","img":"https://fd5-photos.leclercdrive.fr/image.ashx?id=2978188&use=l&cat=p&typeid=i","cat":312392},{"id":280693,"n":"Miel de fleurs lune de Miel Cremeux gelée royale - 230g","p":5.17,"u":"22,48 €/KG","img":"https://fd5-photos.leclercdrive.fr/image.ashx?id=2984880&use=l&cat=p&typeid=i","cat":287643},{"id":280701,"n":"Tetines acides Copains copines 200g","p":1.29,"u":"6,45 €/KG","img":"https://fd5-photos.leclercdrive.fr/image.ashx?id=2974152&use=l&cat=p&typeid=i","cat":304250},{"id":280708,"n":"Biscuits cacaotes P'tit Déli Vanille - 220g","p":1.32,"u":"6,00 €/KG","img":"https://fd5-photos.leclercdrive.fr/image.ashx?id=2974149&use=l&cat=p&typeid=i","cat":284488},{"id":280717,"n":"Chocolat Lindt Excellence Fusion sel Noir 85% & Lait-100g","p":3.49,"u":"34,90 €/KG","img":"https://fd5-photos.leclercdrive.fr/image.ashx?id=2975810&use=l&cat=p&typeid=i","cat":284956},{"id":280746,"n":"Chocolat Lindt Excellence  Fusion Noir 70% & Lait - 100g","p":3.49,"u":"34,90 €/KG","img":"https://fd5-photos.leclercdrive.fr/image.ashx?id=2975819&use=l&cat=p&typeid=i","cat":284958},{"id":280750,"n":"Chocolat Lindt Excellence Fusion Noir 70% & Blanc - 100g","p":3.69,"u":"36,90 €/KG","img":"https://fd5-photos.leclercdrive.fr/image.ashx?id=2975822&use=l&cat=p&typeid=i","cat":284956},{"id":280754,"n":"Gel douche Sanex Derma Thérapie Anti-démangeaison - 850ml","p":10.26,"u":"12,07 €/L","img":"https://fd5-photos.leclercdrive.fr/image.ashx?id=2987026&use=l&cat=p&typeid=i","cat":284594},{"id":280758,"n":"Gel douche Sanex Derma Thérapie Anti-dessechement - 850ml","p":8.08,"u":"9,51 €/L","img":"https://fd5-photos.leclercdrive.fr/image.ashx?id=2987029&use=l&cat=p&typeid=i","cat":284594},{"id":280761,"n":"Gel douche Sanex Derma Thérapie 850ml","p":7.96,"u":"9,36 €/L","img":"https://fd5-photos.leclercdrive.fr/image.ashx?id=2987032&use=l&cat=p&typeid=i","cat":284594},{"id":280766,"n":"Cordon bleu Coté Croc Cheese x2 - 200g","p":2.05,"u":"10,25 €/KG","img":"https://fd5-photos.leclercdrive.fr/image.ashx?id=2974236&use=l&cat=p&typeid=i","cat":333683},{"id":280778,"n":"Ketchup tomato Heinz cornichon - 250g","p":1.79,"u":"7,16 €/KG","img":"https://fd5-photos.leclercdrive.fr/image.ashx?id=2976176&use=l&cat=p&typeid=i","cat":284455},{"id":280782,"n":"Sauce sweet chili Heinz 260g","p":2.02,"u":"7,77 €/KG","img":"https://fd5-photos.leclercdrive.fr/image.ashx?id=2976101&use=l&cat=p&typeid=i","cat":318431},{"id":280783,"n":"Sauce korean barbecue Heinz 265g","p":1.92,"u":"7,25 €/KG","img":"https://fd5-photos.leclercdrive.fr/image.ashx?id=2976137&use=l&cat=p&typeid=i","cat":318431},{"id":280784,"n":"Mayonnaise  Heinz Srirachamix - 400g","p":3.23,"u":"8,08 €/KG","img":"https://fd5-photos.leclercdrive.fr/image.ashx?id=2976140&use=l&cat=p&typeid=i","cat":318431},{"id":280861,"n":"Duo crevettes cabillaud Tipiak - 2x125g","p":4.06,"u":"16,24 €/KG","img":"https://fd5-photos.leclercdrive.fr/image.ashx?id=2975945&use=l&cat=p&typeid=i","cat":284254},{"id":280862,"n":"Crumble cabillaud Saint-Jacques Tipiak - 2x125g","p":4.88,"u":"19,52 €/KG","img":"https://fd5-photos.leclercdrive.fr/image.ashx?id=2975942&use=l&cat=p&typeid=i","cat":284254},{"id":280904,"n":"Mini cônes Extrême Mix x6 - 234g","p":3.42,"u":"0,57 €/P","img":"https://fd5-photos.leclercdrive.fr/image.ashx?id=2975933&use=l&cat=p&typeid=i","cat":284264},{"id":280908,"n":"Pizza DR. Oetker Suprema 5 fromages - 424g","p":4.02,"u":"9,48 €/KG","img":"https://fd5-photos.leclercdrive.fr/image.ashx?id=2993095&use=l&cat=p&typeid=i","cat":284256},{"id":280909,"n":"Pizza DR. Oetker Suprema Salami à la romaine - 425g","p":4.25,"u":"10,00 €/KG","img":"https://fd5-photos.leclercdrive.fr/image.ashx?id=2993092&use=l&cat=p&typeid=i","cat":284256},{"id":280914,"n":"Salade de blé Cassegrain Aubergines et poivrons 250g","p":2.64,"u":"10,56 €/KG","img":"https://fd5-photos.leclercdrive.fr/image.ashx?id=2975137&use=l&cat=p&typeid=i","cat":333657},{"id":280917,"n":"Salade de pois chiches Cassegrain Aubergines 250g","p":2.0,"u":"8,00 €/KG","img":"https://fd5-photos.leclercdrive.fr/image.ashx?id=2975140&use=l&cat=p&typeid=i","cat":333657},{"id":280918,"n":"Salade Minis farfalle Bonduelle Poulet roti Petits légumes 450g","p":2.59,"u":"5,76 €/KG","img":"https://fd5-photos.leclercdrive.fr/image.ashx?id=2975146&use=l&cat=p&typeid=i","cat":333657},{"id":280919,"n":"Taboulé Cassegrain Courgettes et poivrons 250g","p":2.56,"u":"10,24 €/KG","img":"https://fd5-photos.leclercdrive.fr/image.ashx?id=2978646&use=l&cat=p&typeid=i","cat":333657},{"id":280922,"n":"Whisky Ballantine's Sweet  Blend 30% - 70cl","p":14.9,"pp":11.92,"u":"17,03 €/L","img":"https://fd5-photos.leclercdrive.fr/image.ashx?id=2981289&use=l&cat=p&typeid=i","cat":284547},{"id":280985,"n":"Pastrami de boeuf Fleury Michon au poivre 8 tranches - 100g","p":3.41,"u":"34,10 €/KG","img":"https://fd5-photos.leclercdrive.fr/image.ashx?id=2975849&use=l&cat=p&typeid=i","cat":316007},{"id":281037,"n":"Skyr Alpro Exotic- 400g","p":2.41,"u":"6,03 €/KG","img":"https://fd5-photos.leclercdrive.fr/image.ashx?id=2976098&use=l&cat=p&typeid=i","cat":316071},{"id":281128,"n":"Lessive X-tra Total 40 lavages","p":6.94,"u":"3,86 €/L","img":"https://fd5-photos.leclercdrive.fr/image.ashx?id=2976788&use=l&cat=p&typeid=i","cat":284640},{"id":281251,"n":"Bonbons roulette Haribo 175g","p":2.12,"u":"12,11 €/KG","img":"https://fd5-photos.leclercdrive.fr/image.ashx?id=2979677&use=l&cat=p&typeid=i","cat":304250},{"id":281252,"n":"Bonbons floppie's Haribo 200g","p":1.47,"u":"7,35 €/KG","img":"https://fd5-photos.leclercdrive.fr/image.ashx?id=2978664&use=l&cat=p&typeid=i","cat":304250},{"id":281254,"n":"Bonbons Hermione Granger Haribo 160g","p":1.57,"u":"9,81 €/KG","img":"https://fd5-photos.leclercdrive.fr/image.ashx?id=2978670&use=l&cat=p&typeid=i","cat":304250},{"id":281255,"n":"Bonbon flash pik Haribo 180g","p":1.87,"u":"10,39 €/KG","img":"https://fd5-photos.leclercdrive.fr/image.ashx?id=2978673&use=l&cat=p&typeid=i","cat":304250},{"id":281257,"n":"Bonbons Les P'tits Pik Haribo 180g","p":1.77,"u":"9,83 €/KG","img":"https://fd5-photos.leclercdrive.fr/image.ashx?id=2978676&use=l&cat=p&typeid=i","cat":304250},{"id":281258,"n":"Bonbons Haribo Les P'tits Chamalows - 150g","p":1.38,"u":"9,20 €/KG","img":"https://fd5-photos.leclercdrive.fr/image.ashx?id=2986200&use=l&cat=p&typeid=i","cat":304250},{"id":281259,"n":"Galette Saint Michel Chocolat caramel - 98g","p":1.1,"u":"11,22 €/KG","img":"https://fd5-photos.leclercdrive.fr/image.ashx?id=2978694&use=l&cat=p&typeid=i","cat":284487},{"id":281261,"n":"Biscuit chocolat Bonne Maman Petits carrés coco 200g","p":2.39,"u":"11,95 €/KG","img":"https://fd5-photos.leclercdrive.fr/image.ashx?id=2989150&use=l&cat=p&typeid=i","cat":284487},{"id":281328,"n":"Confiture Léonce Blanc Poire Vanille 70% 320g","p":2.68,"u":"8,38 €/KG","img":"https://fd5-photos.leclercdrive.fr/image.ashx?id=3008179&use=l&cat=p&typeid=i","cat":284480},{"id":281329,"n":"Confiture Léonce Blanc Fruits rouges 70% 320g","p":2.54,"u":"7,94 €/KG","img":"https://fd5-photos.leclercdrive.fr/image.ashx?id=2985021&use=l&cat=p&typeid=i","cat":284480},{"id":281331,"n":"Bonbons Têtes Brûlées Horror Mix 450g","p":4.8,"u":"10,67 €/KG","img":"https://fd5-photos.leclercdrive.fr/image.ashx?id=2978772&use=l&cat=p&typeid=i","cat":304250},{"id":281332,"n":"bonbons Têtes Brûlées Mini mix 480g","p":4.9,"u":"10,21 €/KG","img":"https://fd5-photos.leclercdrive.fr/image.ashx?id=2978775&use=l&cat=p&typeid=i","cat":304250},{"id":281334,"n":"Bonbons Têtes Brûlées Des bonbons ou un sort 500g","p":4.91,"u":"9,82 €/KG","img":"https://fd5-photos.leclercdrive.fr/image.ashx?id=2978781&use=l&cat=p&typeid=i","cat":304250},{"id":281358,"n":"Bonbons Harry Potter Haribo 160g","p":1.35,"u":"8,44 €/KG","img":"https://fd5-photos.leclercdrive.fr/image.ashx?id=2978667&use=l&cat=p&typeid=i","cat":304250},{"id":281372,"n":"Nouilles Tables du Monde 3x65g","p":1.39,"u":"7,13 €/KG","img":"https://fd5-photos.leclercdrive.fr/image.ashx?id=2977822&use=l&cat=p&typeid=i","cat":288992},{"id":281374,"n":"Snack alphabet Tokapi Ketchup - 75g","p":0.89,"u":"11,87 €/KG","img":"https://fd5-photos.leclercdrive.fr/image.ashx?id=2977825&use=l&cat=p&typeid=i","cat":284449},{"id":281376,"n":"Sauce Tradizioni d'Italia Tomate passata di pomodoro 690g","p":1.59,"u":"2,30 €/KG","img":"https://fd5-photos.leclercdrive.fr/image.ashx?id=2977828&use=l&cat=p&typeid=i","cat":287599},{"id":281377,"n":"Ketchup Heinz  zéro sel ajouté - 230g","p":1.79,"u":"7,78 €/KG","img":"https://fd5-photos.leclercdrive.fr/image.ashx?id=2978904&use=l&cat=p&typeid=i","cat":284455},{"id":281398,"n":"Soupe de poissons à la Bretonne Nos Régions ont du Talent 490g","p":2.1,"u":"4,29 €/KG","img":"https://fd5-photos.leclercdrive.fr/image.ashx?id=2982359&use=l&cat=p&typeid=i","cat":285192},{"id":281417,"n":"Tortellini Turini Pesto pignon 250g","p":2.35,"u":"9,40 €/KG","img":"https://fd5-photos.leclercdrive.fr/image.ashx?id=2978370&use=l&cat=p&typeid=i","cat":333682},{"id":281474,"n":"Bière blonde Gallia Champ Libre non filtrée 5.8° - Fût 5L","p":22.25,"u":"4,45 €/L","img":"https://fd5-photos.leclercdrive.fr/image.ashx?id=2980161&use=l&cat=p&typeid=i","cat":334879},{"id":281522,"n":"Boisson végétale Alpro Barista Coco 750ml","p":2.21,"u":"2,95 €/L","img":"https://fd5-photos.leclercdrive.fr/image.ashx?id=2979430&use=l&cat=p&typeid=i","cat":316067},{"id":281585,"n":"Après-shampooing Timotei Nourrissant - 250ml","p":2.57,"u":"10,28 €/L","img":"https://fd5-photos.leclercdrive.fr/image.ashx?id=2980067&use=l&cat=p&typeid=i","cat":284607},{"id":281588,"n":"Shampooing Timotei Hydratant - 300ml","p":2.05,"u":"6,83 €/L","img":"https://fd5-photos.leclercdrive.fr/image.ashx?id=2980070&use=l&cat=p&typeid=i","cat":284606},{"id":281671,"n":"Viande bébé Bio Yooji Poulet - Dès 4/6 mois - 80g","p":5.1,"u":"63,75 €/KG","img":"https://fd5-photos.leclercdrive.fr/image.ashx?id=2980182&use=l&cat=p&typeid=i","cat":312234},{"id":281672,"n":"Viande bébé Bio Yooji Boeuf - Dès 4/6 mois - 80g","p":5.34,"u":"66,75 €/KG","img":"https://fd5-photos.leclercdrive.fr/image.ashx?id=2979974&use=l&cat=p&typeid=i","cat":312234},{"id":281740,"n":"Dentifrice Elmex Protection  Plus anti-caries 75ml","p":5.51,"u":"73,47 €/L","img":"https://fd5-photos.leclercdrive.fr/image.ashx?id=2981400&use=l&cat=p&typeid=i","cat":284612},{"id":281741,"n":"Dentifrice Elmex Sensitive Plus Soin gencives 75ml","p":5.51,"u":"73,47 €/L","img":"https://fd5-photos.leclercdrive.fr/image.ashx?id=2981403&use=l&cat=p&typeid=i","cat":284612},{"id":281746,"n":"Brosse à dents Elmex Expert Precision extra souple","p":4.3,"img":"https://fd5-photos.leclercdrive.fr/image.ashx?id=2981406&use=l&cat=p&typeid=i","cat":284614},{"id":281747,"n":"Brosse à dents Elmex Caries Protection souple","p":4.05,"img":"https://fd5-photos.leclercdrive.fr/image.ashx?id=2981409&use=l&cat=p&typeid=i","cat":284614},{"id":281748,"n":"Bain de bouche Elmex Anti-caries 400ml","p":7.25,"u":"18,13 €/L","img":"https://fd5-photos.leclercdrive.fr/image.ashx?id=2981412&use=l&cat=p&typeid=i","cat":284613},{"id":281749,"n":"Brosse à dents Elmex Junior Souple 6 ans+","p":3.04,"img":"https://fd5-photos.leclercdrive.fr/image.ashx?id=2981415&use=l&cat=p&typeid=i","cat":288897},{"id":281750,"n":"Brosse à dents Elmex Junior Souple 3-6 ans","p":4.09,"img":"https://fd5-photos.leclercdrive.fr/image.ashx?id=2981418&use=l&cat=p&typeid=i","cat":288897},{"id":281883,"n":"Lessive liquide Le Chat Bébé 38 lavages - 1.71L","p":12.95,"u":"7,57 €/L","img":"https://fd5-photos.leclercdrive.fr/image.ashx?id=2980926&use=l&cat=p&typeid=i","cat":284640},{"id":281884,"n":"Lessive liquide Dash 2en1  Jasmin et Rose de Mai - 1.8L","p":11.42,"u":"6,34 €/L","img":"https://fd5-photos.leclercdrive.fr/image.ashx?id=2981385&use=l&cat=p&typeid=i","cat":284640},{"id":281887,"n":"Sucre de Canne Saint Louis non raffiné equitable - 750g","p":3.29,"u":"4,39 €/KG","img":"https://fd5-photos.leclercdrive.fr/image.ashx?id=2980938&use=l&cat=p&typeid=i","cat":284502},{"id":281888,"n":"Hot dog New yorkais surgelé Manhattan Hot Dog - 2x120g","p":5.83,"u":"24,29 €/KG","img":"https://fd5-photos.leclercdrive.fr/image.ashx?id=2988647&use=l&cat=p&typeid=i","cat":319822},{"id":281889,"n":"Chicken burger BBQ surgelé Manhattan Hot Dog - 2x130g","p":6.68,"u":"25,69 €/KG","img":"https://fd5-photos.leclercdrive.fr/image.ashx?id=2988650&use=l&cat=p&typeid=i","cat":319822},{"id":281890,"n":"Cheesburger surgelé Manhattan Hot Dog - 2x130g","p":6.68,"u":"25,69 €/KG","img":"https://fd5-photos.leclercdrive.fr/image.ashx?id=2988653&use=l&cat=p&typeid=i","cat":319822},{"id":281891,"n":"Queues de crevettes tropicales  ASC Cuites surgelées Marès 300g","p":7.21,"u":"24,03 €/KG","img":"https://fd5-photos.leclercdrive.fr/image.ashx?id=2981229&use=l&cat=p&typeid=i","cat":319787},{"id":282010,"n":"Kinder Surprise  x4 - 80g","p":5.14,"u":"64,25 €/KG","img":"https://fd5-photos.leclercdrive.fr/image.ashx?id=2981373&use=l&cat=p&typeid=i","cat":327592},{"id":282047,"n":"Boisson au thé Fresh Tea Pêche - 4x50cl","p":1.84,"u":"0,92 €/L","img":"https://fd5-photos.leclercdrive.fr/image.ashx?id=2981460&use=l&cat=p&typeid=i","cat":295019},{"id":282055,"n":"Pur jus de poire Jafaden 1L","p":1.79,"u":"1,79 €/L","img":"https://fd5-photos.leclercdrive.fr/image.ashx?id=2981457&use=l&cat=p&typeid=i","cat":284915},{"id":282364,"n":"Ariel grandiose pods couleurs  éclatantes 21lav - 0,762kg","p":14.77,"u":"19,38 €/KG","img":"https://fd5-photos.leclercdrive.fr/image.ashx?id=2985642&use=l&cat=p&typeid=i","cat":284641},{"id":282366,"n":"Lessive liquide X-tra Total Fraicheur Alpine 40lav - 1,8L","p":7.18,"u":"3,99 €/L","img":"https://fd5-photos.leclercdrive.fr/image.ashx?id=2984200&use=l&cat=p&typeid=i","cat":284640},{"id":282606,"n":"Steak haché x4 - 600g","p":13.19,"u":"21,98 €/KG","img":"https://fd5-photos.leclercdrive.fr/image.ashx?id=1097628&use=l&cat=p&typeid=i","cat":284332},{"id":282608,"n":"Viande hachée  Bœuf  - 350grs","p":7.7,"u":"22,00 €/KG","img":"https://fd5-photos.leclercdrive.fr/image.ashx?id=2350870&use=l&cat=p&typeid=i","cat":284332},{"id":282609,"n":"Viande hachée de boeuf 600g","p":13.19,"u":"21,98 €/KG","img":"https://fd5-photos.leclercdrive.fr/image.ashx?id=2350870&use=l&cat=p&typeid=i","cat":284332},{"id":282610,"n":"Viande hachée de boeuf 1kg","p":20.9,"u":"20,90 €/KG","img":"https://fd5-photos.leclercdrive.fr/image.ashx?id=2350870&use=l&cat=p&typeid=i","cat":284332},{"id":282616,"n":"Poitrine de porc morceau -500grs","p":6.81,"u":"13,62 €/KG","img":"https://fd5-photos.leclercdrive.fr/image.ashx?id=1661695&use=l&cat=p&typeid=i","cat":284331},{"id":282617,"n":"Cote échine Porc x6 -1.100k","p":9.9,"u":"9,00 €/KG","img":"https://fd5-photos.leclercdrive.fr/image.ashx?id=618974&use=l&cat=p&typeid=i","cat":284331},{"id":282619,"n":"Côte de porc première x6 - 1.2kg","p":9.9,"u":"8,25 €/KG","img":"https://fd5-photos.leclercdrive.fr/image.ashx?id=621170&use=l&cat=p&typeid=i","cat":284331},{"id":282623,"n":"Filet tournedos Angus x1 - 190g","p":11.9,"u":"62,63 €/KG","img":"https://fd5-photos.leclercdrive.fr/image.ashx?id=1516173&use=l&cat=p&typeid=i","cat":284328},{"id":282625,"n":"Tournedos rossini Angus  x2 - 320g","p":19.95,"u":"62,34 €/KG","img":"https://fd5-photos.leclercdrive.fr/image.ashx?id=2117924&use=l&cat=p&typeid=i","cat":284328},{"id":282626,"n":"Faux-filet de bœuf Aubrac  À griller  x1 - 180g","p":6.98,"u":"38,78 €/KG","img":"https://fd5-photos.leclercdrive.fr/image.ashx?id=2543863&use=l&cat=p&typeid=i","cat":284328},{"id":282627,"n":"Faux-filet de bœuf Aubrac  à griller x2 - 400grs","p":13.96,"u":"34,90 €/KG","img":"https://fd5-photos.leclercdrive.fr/image.ashx?id=659570&use=l&cat=p&typeid=i","cat":284328},{"id":282628,"n":"Bavette Aubrac   à griller x1 - 160grs","p":5.99,"u":"37,44 €/KG","img":"https://fd5-photos.leclercdrive.fr/image.ashx?id=659538&use=l&cat=p&typeid=i","cat":284328},{"id":282629,"n":"Bavette Aubrac   à griller x2 - 320grs","p":11.98,"u":"37,44 €/KG","img":"https://fd5-photos.leclercdrive.fr/image.ashx?id=659538&use=l&cat=p&typeid=i","cat":284328},{"id":282631,"n":"Faux-filet de boeuf Salers À griller x1 - 180grs","p":7.17,"u":"39,83 €/KG","img":"https://fd5-photos.leclercdrive.fr/image.ashx?id=2543863&use=l&cat=p&typeid=i","cat":284328},{"id":282632,"n":"Faux-filet de bœuf Salers  x2 - 360grs","p":13.7,"u":"38,06 €/KG","img":"https://fd5-photos.leclercdrive.fr/image.ashx?id=1495731&use=l&cat=p&typeid=i","cat":284328},{"id":282634,"n":"Bavette de bœuf Salers  x1 - 180grs","p":6.9,"u":"38,33 €/KG","img":"https://fd5-photos.leclercdrive.fr/image.ashx?id=1495734&use=l&cat=p&typeid=i","cat":284328},{"id":282635,"n":"Bavette de bœuf Salers  x2 - 360grs","p":13.8,"u":"38,33 €/KG","img":"https://fd5-photos.leclercdrive.fr/image.ashx?id=1495734&use=l&cat=p&typeid=i","cat":284328},{"id":282636,"n":"Cote de bœuf  Salers  à griller x1 -1.kg","p":35.9,"u":"35,90 €/KG","img":"https://fd5-photos.leclercdrive.fr/image.ashx?id=783696&use=l&cat=p&typeid=i","cat":284328},{"id":282638,"n":"Cote de bœuf  Aubrac  à griller x1 -1.kg","p":35.9,"u":"35,90 €/KG","img":"https://fd5-photos.leclercdrive.fr/image.ashx?id=783696&use=l&cat=p&typeid=i","cat":284328},{"id":282711,"n":"Lessive poudre Persil Bouquet de Provence 3.19kg","p":14.21,"u":"4,45 €/KG","img":"https://fd5-photos.leclercdrive.fr/image.ashx?id=2985666&use=l&cat=p&typeid=i","cat":284642},{"id":282718,"n":"Lessive liquide Tout en 1 Skip Extra détachant - 1.554L x37","p":13.55,"u":"8,72 €/L","img":"https://fd5-photos.leclercdrive.fr/image.ashx?id=2985672&use=l&cat=p&typeid=i","cat":284640},{"id":282721,"n":"Lessive liquide Persil Bouquet de Provence 1.092L x26","p":4.36,"u":"3,99 €/L","img":"https://fd5-photos.leclercdrive.fr/image.ashx?id=2985675&use=l&cat=p&typeid=i","cat":284640},{"id":282733,"n":"Lessive liquide Skip Cycle Court Cristal blancheur - 1.48L","p":12.41,"u":"8,39 €/L","img":"https://fd5-photos.leclercdrive.fr/image.ashx?id=2985678&use=l&cat=p&typeid=i","cat":284640},{"id":282741,"n":"Lessive liquide Skip Cycle Court Peaux sensibles 1.48L","p":11.21,"u":"7,57 €/L","img":"https://fd5-photos.leclercdrive.fr/image.ashx?id=2985681&use=l&cat=p&typeid=i","cat":284640},{"id":282797,"n":"Entrecôte de bœuf Aubrac à griller - 250g","p":10.9,"u":"43,60 €/KG","img":"https://fd5-photos.leclercdrive.fr/image.ashx?id=1495740&use=l&cat=p&typeid=i","cat":284328},{"id":282799,"n":"Entrecôte de bœuf Salers à griller  - 250g","p":10.9,"u":"43,60 €/KG","img":"https://fd5-photos.leclercdrive.fr/image.ashx?id=1495740&use=l&cat=p&typeid=i","cat":284328},{"id":282800,"n":"Entrecôte de bœuf  Aubrac à griller x2 - 500g","p":19.9,"u":"39,80 €/KG","img":"https://fd5-photos.leclercdrive.fr/image.ashx?id=2350885&use=l&cat=p&typeid=i","cat":284328},{"id":282801,"n":"Entrecôte de bœuf Salers à griller x2 - 500g","p":19.9,"u":"39,80 €/KG","img":"https://fd5-photos.leclercdrive.fr/image.ashx?id=2350885&use=l&cat=p&typeid=i","cat":284328},{"id":282802,"n":"Viande bovine rumsteck à griller x2  - 350g","p":8.95,"u":"25,57 €/KG","img":"https://fd5-photos.leclercdrive.fr/image.ashx?id=1495722&use=l&cat=p&typeid=i","cat":284328},{"id":282804,"n":"Viande bovine Onglet à griller -180g","p":5.65,"u":"31,39 €/KG","img":"https://fd5-photos.leclercdrive.fr/image.ashx?id=2678770&use=l&cat=p&typeid=i","cat":284328},{"id":282805,"n":"Viande de veau Grenadin  x2 - 180g","p":6.77,"u":"37,61 €/KG","img":"https://fd5-photos.leclercdrive.fr/image.ashx?id=2499253&use=l&cat=p&typeid=i","cat":284329},{"id":282946,"n":"Lessive Xt-tra Total Marseille Aloe vera - 1.8L x40","p":7.18,"u":"3,99 €/L","img":"https://fd5-photos.leclercdrive.fr/image.ashx?id=2985030&use=l&cat=p&typeid=i","cat":284640},{"id":283038,"n":"Bonnet de Noel Disney Mickey - 50g","p":6.2,"u":"124,00 €/KG","img":"https://fd5-photos.leclercdrive.fr/image.ashx?id=2995052&use=l&cat=p&typeid=i","cat":327789},{"id":283254,"n":"Adoucissant dilué Soupline Grand Air - 2250ml","p":7.91,"u":"3,52 €/L","img":"https://fd5-photos.leclercdrive.fr/image.ashx?id=2993490&use=l&cat=p&typeid=i","cat":284650},{"id":283263,"n":"Adoucissant dilué Soupline Grand Air - 1500ml","p":5.82,"u":"3,88 €/L","img":"https://fd5-photos.leclercdrive.fr/image.ashx?id=3004450&use=l&cat=p&typeid=i","cat":284650},{"id":283272,"n":"Recharge de lames Gillette  Fusion 5 - x4","p":16.63,"img":"https://fd5-photos.leclercdrive.fr/image.ashx?id=2988719&use=l&cat=p&typeid=i","cat":284616},{"id":283525,"n":"Oranges Eco+ 1.5kg","p":1.99,"u":"1,33 €/KG","img":"https://fd5-photos.leclercdrive.fr/image.ashx?id=2987650&use=l&cat=p&typeid=i","cat":284356},{"id":283534,"n":"Les tranches Fleury Michon Lentilles Corail x6 - 180g","p":3.7,"u":"20,56 €/KG","img":"https://fd5-photos.leclercdrive.fr/image.ashx?id=2988454&use=l&cat=p&typeid=i","cat":316036},{"id":283535,"n":"Les tranches Fleury Michon Haricots rouges x4 - 120g","p":2.11,"u":"17,58 €/KG","img":"https://fd5-photos.leclercdrive.fr/image.ashx?id=3000075&use=l&cat=p&typeid=i","cat":316036},{"id":283536,"n":"Macaroni poulet Fleury Michon sauce moutarde - 280g","p":3.16,"u":"11,29 €/KG","img":"https://fd5-photos.leclercdrive.fr/image.ashx?id=2988451&use=l&cat=p&typeid=i","cat":333665},{"id":283554,"n":"Thon en morceaux Eco+ 280g","p":2.09,"u":"7,46 €/KG","img":"https://fd5-photos.leclercdrive.fr/image.ashx?id=2987656&use=l&cat=p&typeid=i","cat":303867},{"id":283678,"n":"Adoucissant dilué Soupline Hypoallergenique - 1.5L","p":5.63,"u":"3,75 €/L","img":"https://fd5-photos.leclercdrive.fr/image.ashx?id=3000498&use=l&cat=p&typeid=i","cat":284650},{"id":284079,"n":"Gel douche soin Nivea Defend Derma control - 250ml","p":2.25,"u":"9,00 €/L","img":"https://fd5-photos.leclercdrive.fr/image.ashx?id=2990910&use=l&cat=p&typeid=i","cat":284594},{"id":284082,"n":"Spray déodorant Nivea Men Derma control sensitive - 200ml","p":4.02,"u":"20,10 €/L","img":"https://fd5-photos.leclercdrive.fr/image.ashx?id=2990925&use=l&cat=p&typeid=i","cat":284618},{"id":284083,"n":"Spray déodorant Nivea Men Defend derma control - 200ml","p":4.02,"u":"20,10 €/L","img":"https://fd5-photos.leclercdrive.fr/image.ashx?id=2990907&use=l&cat=p&typeid=i","cat":284618},{"id":284084,"n":"Spray déodorant Nivea Men Derma control restore - 200ml","p":3.44,"u":"17,20 €/L","img":"https://fd5-photos.leclercdrive.fr/image.ashx?id=2990901&use=l&cat=p&typeid=i","cat":284618},{"id":284087,"n":"Déodorant stick Nivea Men Black & White Invisible - 50ml","p":4.42,"u":"88,40 €/L","img":"https://fd5-photos.leclercdrive.fr/image.ashx?id=2990928&use=l&cat=p&typeid=i","cat":284596},{"id":284088,"n":"Déodorant stick Nivea Men Dry impact - 50ml","p":4.45,"u":"89,00 €/L","img":"https://fd5-photos.leclercdrive.fr/image.ashx?id=2990412&use=l&cat=p&typeid=i","cat":284618},{"id":284090,"n":"Déodorant bille Nivea men Derma control Sensitive - 50ml","p":3.69,"u":"73,80 €/L","img":"https://fd5-photos.leclercdrive.fr/image.ashx?id=2990916&use=l&cat=p&typeid=i","cat":284618},{"id":284095,"n":"Déodorant spray Nivea Men Derma control defend - 200ml","p":3.04,"u":"15,20 €/L","img":"https://fd5-photos.leclercdrive.fr/image.ashx?id=2990904&use=l&cat=p&typeid=i","cat":284618},{"id":284100,"n":"Déodorant bille Nivea Men Derma control - 50ml","p":3.1,"u":"62,00 €/L","img":"https://fd5-photos.leclercdrive.fr/image.ashx?id=2990922&use=l&cat=p&typeid=i","cat":284618},{"id":284104,"n":"Crème hydratante Nivea Repair & Care - Visage Corps Mains 400ml","p":9.48,"pp":6.26,"u":"15,65 €/L","img":"https://fd5-photos.leclercdrive.fr/image.ashx?id=2990898&use=l&cat=p&typeid=i","cat":325350},{"id":284105,"n":"Déodorant bille Nivea Men Derma control Defend - 50ml","p":3.11,"u":"62,20 €/MT","img":"https://fd5-photos.leclercdrive.fr/image.ashx?id=2990913&use=l&cat=p&typeid=i","cat":284618},{"id":284106,"n":"Déodorant bille Nivea Derma control restore - 50ml","p":2.91,"u":"58,20 €/L","img":"https://fd5-photos.leclercdrive.fr/image.ashx?id=2990919&use=l&cat=p&typeid=i","cat":284618},{"id":284296,"n":"Masque Le Petit Marseillais  4 en 1 Hydratation -370ml","p":5.51,"u":"14,89 €/L","img":"https://fd5-photos.leclercdrive.fr/image.ashx?id=2992140&use=l&cat=p&typeid=i","cat":284608},{"id":284299,"n":"Masque Le Petit Marseillais  Douceur Eclat - 370ml","p":5.63,"u":"15,22 €/L","img":"https://fd5-photos.leclercdrive.fr/image.ashx?id=2992143&use=l&cat=p&typeid=i","cat":284608},{"id":284475,"n":"Lait apaisant Le Petit  Marseillais Aloe Vera - 250ml","p":3.67,"u":"14,68 €/L","img":"https://fd5-photos.leclercdrive.fr/image.ashx?id=2992951&use=l&cat=p&typeid=i","cat":325349},{"id":284476,"n":"Lait peau déshydratée Le Petit Marseillais Noix de coco -250ml","p":3.67,"u":"14,68 €/L","img":"https://fd5-photos.leclercdrive.fr/image.ashx?id=2992954&use=l&cat=p&typeid=i","cat":325349},{"id":284521,"n":"Solution lentilles Primoplast 380ml","p":2.79,"u":"73,42 €/L","img":"https://fd5-photos.leclercdrive.fr/image.ashx?id=3007410&use=l&cat=p&typeid=i","cat":284630},{"id":284524,"n":"Shampooing Le Petit Marseillais Huile de Jojoba Bio - 250ml","p":1.97,"u":"7,88 €/L","img":"https://fd5-photos.leclercdrive.fr/image.ashx?id=2993436&use=l&cat=p&typeid=i","cat":284606},{"id":284527,"n":"Shampoing bébé Démêlant Le Petit Marseillais Pêche 300ml","p":3.08,"u":"10,27 €/L","img":"https://fd5-photos.leclercdrive.fr/image.ashx?id=2993439&use=l&cat=p&typeid=i","cat":284606},{"id":284532,"n":"Gel douche derma Sanex Enfant - Recharge - 450ml","p":5.49,"u":"12,20 €/L","img":"https://fd5-photos.leclercdrive.fr/image.ashx?id=2993493&use=l&cat=p&typeid=i","cat":284594},{"id":284540,"n":"Crème de douche Derma Care Sanex -Surgras - 700ml","p":5.69,"u":"8,13 €/L","img":"https://fd5-photos.leclercdrive.fr/image.ashx?id=2993496&use=l&cat=p&typeid=i","cat":284594},{"id":284644,"n":"Gel douche Sanex Derma Care Hypoallergénique - 425ml","p":6.8,"u":"16,00 €/L","img":"https://fd5-photos.leclercdrive.fr/image.ashx?id=2997382&use=l&cat=p&typeid=i","cat":284594},{"id":284645,"n":"Crème de douche Sanex Derma Care Surgras - 425ml","p":4.42,"u":"10,40 €/L","img":"https://fd5-photos.leclercdrive.fr/image.ashx?id=2997385&use=l&cat=p&typeid=i","cat":284594},{"id":284652,"n":"Spray déodorant  Sanex Derma care 48h Sensitive 200ml","p":4.54,"u":"22,70 €/L","img":"https://fd5-photos.leclercdrive.fr/image.ashx?id=2997361&use=l&cat=p&typeid=i","cat":284595},{"id":284733,"n":"Gel douche Sanex Derma Care Apaisant - 425ml","p":6.33,"u":"14,89 €/L","img":"https://fd5-photos.leclercdrive.fr/image.ashx?id=2994578&use=l&cat=p&typeid=i","cat":284594},{"id":284735,"n":"Recharge gel douche Sanex Protection - 450ml","p":4.72,"u":"10,49 €/L","img":"https://fd5-photos.leclercdrive.fr/image.ashx?id=2994581&use=l&cat=p&typeid=i","cat":284594},{"id":284736,"n":"Recharge crème douche Sanex Protection - 900ml","p":5.7,"u":"6,33 €/L","img":"https://fd5-photos.leclercdrive.fr/image.ashx?id=2994584&use=l&cat=p&typeid=i","cat":284594},{"id":284741,"n":"Crème de douche Sanex Protection - 900ml","p":6.49,"u":"7,21 €/L","img":"https://fd5-photos.leclercdrive.fr/image.ashx?id=2994587&use=l&cat=p&typeid=i","cat":284594},{"id":284745,"n":"Gel douche Sanex Derma Care Hydratant - 425ml","p":5.9,"u":"13,88 €/MT","img":"https://fd5-photos.leclercdrive.fr/image.ashx?id=2994590&use=l&cat=p&typeid=i","cat":284594},{"id":285020,"n":"Bûche signature Eskiss Vanille pistache 480g","p":5.59,"u":"11,65 €/KG","img":"https://fd5-photos.leclercdrive.fr/image.ashx?id=2994912&use=l&cat=p&typeid=i","cat":284266},{"id":285418,"n":"Lessive discs Le Chat Savon de Marseille Aloe vera 578g x35","p":15.34,"u":"26,54 €/KG","img":"https://fd5-photos.leclercdrive.fr/image.ashx?id=2996611&use=l&cat=p&typeid=i","cat":284641},{"id":285419,"n":"Lessive liquide Mir Fraîcheur - 1.35L - x37 lavages","p":8.62,"u":"6,29 €/L","img":"https://fd5-photos.leclercdrive.fr/image.ashx?id=2996614&use=l&cat=p&typeid=i","cat":284640},{"id":285429,"n":"Lessive liquide Dash 2en1 Ambre & orchidée - 1.8L x40","p":11.06,"u":"6,14 €/L","img":"https://fd5-photos.leclercdrive.fr/image.ashx?id=2997319&use=l&cat=p&typeid=i","cat":284640},{"id":285430,"n":"Lessive capsules Dash 2en1 Souffle précieux - 726g","p":13.85,"u":"19,08 €/KG","img":"https://fd5-photos.leclercdrive.fr/image.ashx?id=2997325&use=l&cat=p&typeid=i","cat":284641},{"id":285432,"n":"Lessive capsules Dash 2en1 Jasmin & rose de mai 726g x38","p":13.85,"u":"19,08 €/KG","img":"https://fd5-photos.leclercdrive.fr/image.ashx?id=2997328&use=l&cat=p&typeid=i","cat":284641},{"id":285684,"n":"Eponge grattante Mamison Récurage difficile - x4","p":2.2,"img":"https://fd5-photos.leclercdrive.fr/image.ashx?id=2997742&use=l&cat=p&typeid=i","cat":284667},{"id":286205,"n":"Pack nettoyant ménager et  Recharge Cif 870ml","p":5.07,"u":"5,83 €/L","img":"https://fd5-photos.leclercdrive.fr/image.ashx?id=2999604&use=l&cat=p&typeid=i","cat":325357},{"id":286220,"n":"Pack nettoyant ménager et Recharge Cif 870ml","p":5.07,"u":"5,83 €/L","img":"https://fd5-photos.leclercdrive.fr/image.ashx?id=2999607&use=l&cat=p&typeid=i","cat":325357},{"id":286221,"n":"Dentifrice Colgate Max White Expert Original 2x75ml","p":9.46,"u":"63,07 €/L","img":"https://fd5-photos.leclercdrive.fr/image.ashx?id=2999598&use=l&cat=p&typeid=i","cat":284612},{"id":286244,"n":"Bûche glacée Pilpa Omelette norvégienne 336g","p":5.27,"u":"15,68 €/KG","img":"https://fd5-photos.leclercdrive.fr/image.ashx?id=3000024&use=l&cat=p&typeid=i","cat":284266},{"id":286365,"n":"Cocktail créoles Madrange 340g","p":3.2,"u":"9,41 €/KG","img":"https://fd5-photos.leclercdrive.fr/image.ashx?id=2999967&use=l&cat=p&typeid=i","cat":316012},{"id":286570,"n":"Haricot coco rose 700g","p":6.5,"u":"9,29 €/KG","img":"https://fd5-photos.leclercdrive.fr/image.ashx?id=2626889&use=l&cat=p&typeid=i","cat":284352},{"id":286645,"n":"Chips Lay's Gourmet Wavy herbes - 120g","p":2.4,"pp":1.92,"u":"16,00 €/KG","img":"https://fd5-photos.leclercdrive.fr/image.ashx?id=3003185&use=l&cat=p&typeid=i","cat":284447},{"id":286646,"n":"Moules de Bouchot Gimbert Françaises décoquillées - 300g","p":2.9,"u":"9,67 €/KG","img":"https://fd5-photos.leclercdrive.fr/image.ashx?id=3003342&use=l&cat=p&typeid=i","cat":319787},{"id":286647,"n":"Chips Lay's Gourmet 120g","p":2.51,"pp":2.01,"u":"16,75 €/KG","img":"https://fd5-photos.leclercdrive.fr/image.ashx?id=3003182&use=l&cat=p&typeid=i","cat":284447},{"id":286649,"n":"Chips Lay's Gourmet Truffe - 120g","p":2.51,"pp":2.01,"u":"16,75 €/KG","img":"https://fd5-photos.leclercdrive.fr/image.ashx?id=3003179&use=l&cat=p&typeid=i","cat":284447},{"id":286650,"n":"Chips Lay's Gourmet 120g","p":2.41,"pp":1.93,"u":"16,08 €/KG","img":"https://fd5-photos.leclercdrive.fr/image.ashx?id=3003188&use=l&cat=p&typeid=i","cat":284447},{"id":286871,"n":"Soda Coca-Cola 4x1.75L","p":7.1,"u":"1,01 €/L","img":"https://fd5-photos.leclercdrive.fr/image.ashx?id=3014865&use=l&cat=p&typeid=i","cat":284530},{"id":286898,"n":"Mini boudins blancs Madrange 340g","p":3.2,"u":"9,41 €/KG","img":"https://fd5-photos.leclercdrive.fr/image.ashx?id=3003194&use=l&cat=p&typeid=i","cat":316012},{"id":287195,"n":"Brioche La Fournée Doré Format familial - 700g","p":2.37,"u":"3,39 €/KG","img":"https://fd5-photos.leclercdrive.fr/image.ashx?id=3005125&use=l&cat=p&typeid=i","cat":285529},{"id":287258,"n":"Chocolat Poulain 450g","p":2.91,"u":"6,47 €/KG","img":"https://fd5-photos.leclercdrive.fr/image.ashx?id=3005137&use=l&cat=p&typeid=i","cat":293235},{"id":287262,"n":"Chocolat en poudre Poulain 800g","p":4.76,"u":"5,95 €/KG","img":"https://fd5-photos.leclercdrive.fr/image.ashx?id=3005140&use=l&cat=p&typeid=i","cat":293235},{"id":287263,"n":"Chocolat en poudre Poulain 450g","p":2.54,"u":"5,64 €/KG","img":"https://fd5-photos.leclercdrive.fr/image.ashx?id=3005143&use=l&cat=p&typeid=i","cat":293235},{"id":287308,"n":"Kentucky Straight Bourbon Jim Beam - 70cl","p":19.19,"u":"27,41 €/L","img":"https://fd5-photos.leclercdrive.fr/image.ashx?id=3004066&use=l&cat=p&typeid=i","cat":284547},{"id":287482,"n":"Soda Coca-Cola Zéro 4x1,75L","p":5.1,"u":"0,73 €/L","img":"https://fd5-photos.leclercdrive.fr/image.ashx?id=3009668&use=l&cat=p&typeid=i","cat":284530},{"id":287568,"n":"Délice végétal Andros Chocolat lait d'amande 4+2x100g","p":3.55,"u":"5,92 €/KG","img":"https://fd5-photos.leclercdrive.fr/image.ashx?id=3008797&use=l&cat=p&typeid=i","cat":316071},{"id":287792,"n":"Chocolat en poudre Poulain 1kg","p":4.92,"u":"4,92 €/KG","img":"https://fd5-photos.leclercdrive.fr/image.ashx?id=3008809&use=l&cat=p&typeid=i","cat":293235},{"id":287847,"n":"Café L'Or Ouganda kenya en grains - 500g","p":11.29,"u":"22,58 €/KG","img":"https://fd5-photos.leclercdrive.fr/image.ashx?id=3009272&use=l&cat=p&typeid=i","cat":293237},{"id":287850,"n":"Café en grains L'Or Bresil colombie - 500g","p":11.31,"u":"22,62 €/KG","img":"https://fd5-photos.leclercdrive.fr/image.ashx?id=3009269&use=l&cat=p&typeid=i","cat":293237},{"id":288072,"n":"Coffret whisky blended Nikka Japon 40% vol - 70cl","p":34.61,"u":"49,44 €/L","img":"https://fd5-photos.leclercdrive.fr/image.ashx?id=3008842&use=l&cat=p&typeid=i","cat":284547}]}