{"id":"024201-024201","dt":"2025-12-15","p":[{"id":2,"n":"Haricots verts Notre Jardin Extra fins - 345g","p":2.39,"u":"6,93 €/KG","img":"https://fd13-photos.leclercdrive.fr/image.ashx?id=2368650&use=l&cat=p&typeid=i","cat":312606},{"id":3,"n":"Haricots verts Notre Jardin Très fins - 220g","p":0.86,"u":"3,91 €/KG","img":"https://fd13-photos.leclercdrive.fr/image.ashx?id=1993164&use=l&cat=p&typeid=i","cat":312606},{"id":4,"n":"Haricots verts Notre Jardin Très fins - 440g","p":1.15,"u":"2,61 €/KG","img":"https://fd13-photos.leclercdrive.fr/image.ashx?id=2050615&use=l&cat=p&typeid=i","cat":312606},{"id":5,"n":"Haricots verts Notre Jardin Extra fins - 440g","p":1.2,"u":"2,73 €/KG","img":"https://fd13-photos.leclercdrive.fr/image.ashx?id=2291393&use=l&cat=p&typeid=i","cat":312606},{"id":6,"n":"Haricots verts Notre Jardin Extra fins - 220g","p":0.88,"u":"4,00 €/KG","img":"https://fd13-photos.leclercdrive.fr/image.ashx?id=2371548&use=l&cat=p&typeid=i","cat":312606},{"id":7,"n":"Haricots beurre Notre Jardin Très fins - 220g","p":1.11,"u":"5,05 €/KG","img":"https://fd13-photos.leclercdrive.fr/image.ashx?id=2988027&use=l&cat=p&typeid=i","cat":312606},{"id":8,"n":"Haricots beurre Notre Jardin Très fins - 440g","p":1.55,"u":"3,52 €/KG","img":"https://fd13-photos.leclercdrive.fr/image.ashx?id=2988030&use=l&cat=p&typeid=i","cat":312606},{"id":9,"n":"Petits pois Notre Jardin A l'étuvée - Extra fins - 280g","p":0.9,"u":"3,21 €/KG","img":"https://fd13-photos.leclercdrive.fr/image.ashx?id=2375947&use=l&cat=p&typeid=i","cat":312607},{"id":10,"n":"Petits pois Notre Jardin A l'étuvée - Très fins - 280g","p":0.89,"u":"3,18 €/KG","img":"https://fd13-photos.leclercdrive.fr/image.ashx?id=2375950&use=l&cat=p&typeid=i","cat":312607},{"id":11,"n":"Petits pois carottes  Notre Jardin -Extra fins - 530g","p":1.22,"u":"2,30 €/KG","img":"https://fd13-photos.leclercdrive.fr/image.ashx?id=2987961&use=l&cat=p&typeid=i","cat":312607},{"id":12,"n":"Petits pois carottes extra-fins Notre Jardin à l'étuvée 260g","p":0.99,"u":"3,74 €/KG","img":"https://fd13-photos.leclercdrive.fr/image.ashx?id=2987964&use=l&cat=p&typeid=i","cat":312607},{"id":13,"n":"Petits pois carottes Très fins Notre Jardin -A l'étuvée -530g","p":1.33,"u":"2,51 €/KG","img":"https://fd13-photos.leclercdrive.fr/image.ashx?id=2698156&use=l&cat=p&typeid=i","cat":312607},{"id":14,"n":"Carottes Notre Jardin Extra-fines - 265g","p":0.85,"u":"3,21 €/KG","img":"https://fd13-photos.leclercdrive.fr/image.ashx?id=2399150&use=l&cat=p&typeid=i","cat":312607},{"id":15,"n":"Champignons Paris Notre Jardin Entiers - 230g","p":1.47,"u":"6,39 €/KG","img":"https://fd13-photos.leclercdrive.fr/image.ashx?id=2553890&use=l&cat=p&typeid=i","cat":312610},{"id":16,"n":"Champignons Paris Notre Jardin Pieds et morceaux - 230g","p":1.49,"u":"6,48 €/KG","img":"https://fd13-photos.leclercdrive.fr/image.ashx?id=2072692&use=l&cat=p&typeid=i","cat":312610},{"id":17,"n":"Champignons Paris Notre Jardin Emincés - 230g","p":1.07,"u":"4,65 €/KG","img":"https://fd13-photos.leclercdrive.fr/image.ashx?id=2551960&use=l&cat=p&typeid=i","cat":312610},{"id":19,"n":"Flageolets verts Notre Jardin Extra fins - 265g","p":0.99,"u":"3,74 €/KG","img":"https://fd13-photos.leclercdrive.fr/image.ashx?id=1993161&use=l&cat=p&typeid=i","cat":312606},{"id":20,"n":"Macédoine légumes Notre Jardin 265g","p":0.71,"u":"2,68 €/KG","img":"https://fd13-photos.leclercdrive.fr/image.ashx?id=2050600&use=l&cat=p&typeid=i","cat":312612},{"id":21,"n":"Macédoine légumes Notre Jardin - 530g","p":1.23,"u":"2,32 €/KG","img":"https://fd13-photos.leclercdrive.fr/image.ashx?id=2526276&use=l&cat=p&typeid=i","cat":312612},{"id":22,"n":"Garniture de 4 légumes  Notre Jardin - 510g","p":1.74,"u":"3,41 €/KG","img":"https://fd13-photos.leclercdrive.fr/image.ashx?id=2526279&use=l&cat=p&typeid=i","cat":312612},{"id":30,"n":"Pommes de terre Notre Jardin 530g","p":1.29,"u":"2,43 €/KG","img":"https://fd13-photos.leclercdrive.fr/image.ashx?id=2696250&use=l&cat=p&typeid=i","cat":312612},{"id":36,"n":"Epinards hâchés Notre Jardin 795g","p":1.65,"u":"2,08 €/KG","img":"https://fd13-photos.leclercdrive.fr/image.ashx?id=2050606&use=l&cat=p&typeid=i","cat":312612},{"id":37,"n":"Epinards hâchés Notre Jardin 395g","p":1.09,"u":"2,76 €/KG","img":"https://fd13-photos.leclercdrive.fr/image.ashx?id=1993152&use=l&cat=p&typeid=i","cat":312612},{"id":39,"n":"Epinards branches Notre Jardin 530g","p":1.69,"u":"3,19 €/KG","img":"https://fd13-photos.leclercdrive.fr/image.ashx?id=2913651&use=l&cat=p&typeid=i","cat":312612},{"id":40,"n":"Coeurs de palmiers Notre Jardin Extra tendres - 500g","p":3.85,"u":"7,70 €/KG","img":"https://fd13-photos.leclercdrive.fr/image.ashx?id=1950156&use=l&cat=p&typeid=i","cat":312611},{"id":42,"n":"Haricots Mungo Notre Jardin 180g","p":1.0,"u":"5,56 €/KG","img":"https://fd13-photos.leclercdrive.fr/image.ashx?id=2072431&use=l&cat=p&typeid=i","cat":312611},{"id":43,"n":"Asperges blanches miniatures Notre Jardin - 110g","p":1.55,"u":"14,09 €/KG","img":"https://fd13-photos.leclercdrive.fr/image.ashx?id=2049019&use=l&cat=p&typeid=i","cat":312611},{"id":48,"n":"Thon Saupiquet A la Catalane - 252g","p":2.19,"u":"8,69 €/KG","img":"https://fd13-photos.leclercdrive.fr/image.ashx?id=2860892&use=l&cat=p&typeid=i","cat":303867},{"id":52,"n":"Miettes de thon Pêche Océan Tomate - 3x80g","p":1.56,"u":"6,50 €/KG","img":"https://fd13-photos.leclercdrive.fr/image.ashx?id=2941363&use=l&cat=p&typeid=i","cat":303867},{"id":58,"n":"Filets maquereaux Pêche Océan Arômates et Muscadet 176g","p":1.45,"u":"8,24 €/KG","img":"https://fd13-photos.leclercdrive.fr/image.ashx?id=2053791&use=l&cat=p&typeid=i","cat":303868},{"id":59,"n":"Maquereaux Pêche Océan Moutarde de Dijon - 169g","p":1.65,"u":"9,76 €/KG","img":"https://fd13-photos.leclercdrive.fr/image.ashx?id=2125521&use=l&cat=p&typeid=i","cat":303868},{"id":67,"n":"Terrine de canard Côté Table 180g","p":1.55,"u":"8,61 €/KG","img":"https://fd13-photos.leclercdrive.fr/image.ashx?id=1878807&use=l&cat=p&typeid=i","cat":305149},{"id":68,"n":"Cassoulet Côté Table Saucisses et saucissons - 420g","p":1.15,"u":"2,74 €/KG","img":"https://fd13-photos.leclercdrive.fr/image.ashx?id=2977099&use=l&cat=p&typeid=i","cat":284440},{"id":74,"n":"Choucroute Côté Table garnie 800g","p":2.69,"u":"3,36 €/KG","img":"https://fd13-photos.leclercdrive.fr/image.ashx?id=1847409&use=l&cat=p&typeid=i","cat":284441},{"id":75,"n":"Choucroute Côté Table garnie 400g","p":1.75,"u":"4,38 €/KG","img":"https://fd13-photos.leclercdrive.fr/image.ashx?id=1993170&use=l&cat=p&typeid=i","cat":284441},{"id":76,"n":"Gratin dauphinois Côté Table 850g","p":1.67,"u":"1,96 €/KG","img":"https://fd13-photos.leclercdrive.fr/image.ashx?id=2977117&use=l&cat=p&typeid=i","cat":284441},{"id":78,"n":"Saucisses lentilles Côté Table 840g","p":1.99,"u":"2,37 €/KG","img":"https://fd13-photos.leclercdrive.fr/image.ashx?id=2977102&use=l&cat=p&typeid=i","cat":284441},{"id":79,"n":"Saucisses lentilles Côté Table 420g","p":1.15,"u":"2,74 €/KG","img":"https://fd13-photos.leclercdrive.fr/image.ashx?id=2977105&use=l&cat=p&typeid=i","cat":284441},{"id":92,"n":"Chips Pom'lisse Nature - 6x30g","p":1.37,"u":"7,61 €/KG","img":"https://fd13-photos.leclercdrive.fr/image.ashx?id=2441075&use=l&cat=p&typeid=i","cat":284447},{"id":97,"n":"Pétales salées Tokapi Soufflés - 75g","p":0.69,"u":"9,20 €/KG","img":"https://fd13-photos.leclercdrive.fr/image.ashx?id=2751874&use=l&cat=p&typeid=i","cat":284449},{"id":104,"n":"Mélange Grillé et salé Tokapi Cacahuètes et noisettes - 120g","p":1.46,"u":"12,17 €/KG","img":"https://fd13-photos.leclercdrive.fr/image.ashx?id=2794100&use=l&cat=p&typeid=i","cat":284448},{"id":105,"n":"Cacahuètes grillées Tokapi Salées - 250g","p":0.85,"u":"3,40 €/KG","img":"https://fd13-photos.leclercdrive.fr/image.ashx?id=2795529&use=l&cat=p&typeid=i","cat":284448},{"id":108,"n":"Noix de cajou grillées Tokapi Salées - 400g","p":4.78,"u":"11,95 €/KG","img":"https://fd13-photos.leclercdrive.fr/image.ashx?id=1951013&use=l&cat=p&typeid=i","cat":284448},{"id":118,"n":"Huile d'olive Puget 1L","p":11.5,"u":"11,50 €/L","img":"https://fd13-photos.leclercdrive.fr/image.ashx?id=2917750&use=l&cat=p&typeid=i","cat":284453},{"id":121,"n":"Huile Fleur de colza Lesieur  1L","p":2.78,"u":"2,78 €/L","img":"https://fd13-photos.leclercdrive.fr/image.ashx?id=2916848&use=l&cat=p&typeid=i","cat":284453},{"id":122,"n":"Huile de friture Rustica Sans odeur - 2L","p":4.45,"u":"2,23 €/L","img":"https://fd13-photos.leclercdrive.fr/image.ashx?id=2486787&use=l&cat=p&typeid=i","cat":284453},{"id":123,"n":"Huile végétale  Rustica Mélange 4 huiles  - 1L","p":2.65,"u":"2,65 €/L","img":"https://fd13-photos.leclercdrive.fr/image.ashx?id=2538134&use=l&cat=p&typeid=i","cat":284453},{"id":124,"n":"Huile d'olive Rustica Vierge extra - 1L","p":8.99,"u":"8,99 €/L","img":"https://fd13-photos.leclercdrive.fr/image.ashx?id=2618114&use=l&cat=p&typeid=i","cat":284453},{"id":125,"n":"Huile de tournesol Rustica  1L","p":1.99,"u":"1,99 €/L","img":"https://fd13-photos.leclercdrive.fr/image.ashx?id=1974245&use=l&cat=p&typeid=i","cat":284453},{"id":126,"n":"Huile de tournesol Rustica 3L","p":5.89,"u":"1,96 €/L","img":"https://fd13-photos.leclercdrive.fr/image.ashx?id=1944562&use=l&cat=p&typeid=i","cat":284453},{"id":127,"n":"Huile de colza Rustica  1L","p":1.76,"u":"1,76 €/L","img":"https://fd13-photos.leclercdrive.fr/image.ashx?id=2500797&use=l&cat=p&typeid=i","cat":284453},{"id":128,"n":"Vinaigre de vin Rustica 75cl","p":0.99,"u":"1,32 €/L","img":"https://fd13-photos.leclercdrive.fr/image.ashx?id=1061150&use=l&cat=p&typeid=i","cat":298543},{"id":129,"n":"Vinaigre de cidre Rustica  75cl","p":0.87,"u":"1,16 €/L","img":"https://fd13-photos.leclercdrive.fr/image.ashx?id=2657190&use=l&cat=p&typeid=i","cat":298543},{"id":130,"n":"Vinaigrette Rustica  Moutarde - 50cl","p":0.89,"u":"1,78 €/L","img":"https://fd13-photos.leclercdrive.fr/image.ashx?id=1950144&use=l&cat=p&typeid=i","cat":284456},{"id":131,"n":"Jus de citron Rustica Sicile - 2x125ml - 250ml","p":1.08,"u":"4,32 €/L","img":"https://fd13-photos.leclercdrive.fr/image.ashx?id=2974786&use=l&cat=p&typeid=i","cat":288383},{"id":137,"n":"Gros sel de Camargue NRT Sachet -1kg","p":1.2,"u":"1,20 €/KG","img":"https://fd13-photos.leclercdrive.fr/image.ashx?id=2644903&use=l&cat=p&typeid=i","cat":284457},{"id":138,"n":"Sel fin de Guérande IGP NRT 250g","p":1.35,"u":"5,40 €/KG","img":"https://fd13-photos.leclercdrive.fr/image.ashx?id=2644900&use=l&cat=p&typeid=i","cat":284457},{"id":147,"n":"Olives vertes Rustica  Dénoyautées - 160g","p":0.92,"u":"5,75 €/KG","img":"https://fd13-photos.leclercdrive.fr/image.ashx?id=2499070&use=l&cat=p&typeid=i","cat":284458},{"id":156,"n":"Moutarde de Dijon Rustica  Fine et forte Verre whisky-280g","p":1.94,"u":"6,93 €/KG","img":"https://fd13-photos.leclercdrive.fr/image.ashx?id=1921607&use=l&cat=p&typeid=i","cat":288850},{"id":157,"n":"Moutarde de Dijon AMORA Fine & Forte - 265g","p":1.55,"u":"5,85 €/KG","img":"https://fd13-photos.leclercdrive.fr/image.ashx?id=3004870&use=l&cat=p&typeid=i","cat":288850},{"id":160,"n":"Mayonnaise Lesieur Huile de colza - 175g","p":0.78,"u":"4,46 €/KG","img":"https://fd13-photos.leclercdrive.fr/image.ashx?id=2917702&use=l&cat=p&typeid=i","cat":298295},{"id":169,"n":"Sauce Pesto Panzani Basilic - 200g","p":1.64,"u":"8,20 €/KG","img":"https://fd13-photos.leclercdrive.fr/image.ashx?id=2989093&use=l&cat=p&typeid=i","cat":287599},{"id":172,"n":"Purée de tomates Turini 720ml","p":1.26,"u":"1,75 €/L","img":"https://fd13-photos.leclercdrive.fr/image.ashx?id=2198017&use=l&cat=p&typeid=i","cat":288384},{"id":173,"n":"Pulpe de tomate Notre Jardin En dés - 3x383g","p":2.06,"u":"1,81 €/KG","img":"https://fd13-photos.leclercdrive.fr/image.ashx?id=2074966&use=l&cat=p&typeid=i","cat":288384},{"id":174,"n":"Tomates pelées Notre Jardin Entières - 476g","p":1.4,"u":"2,94 €/KG","img":"https://fd13-photos.leclercdrive.fr/image.ashx?id=2189999&use=l&cat=p&typeid=i","cat":312608},{"id":175,"n":"Sauce bolognaise Turini 420g","p":1.45,"u":"3,45 €/KG","img":"https://fd13-photos.leclercdrive.fr/image.ashx?id=2077194&use=l&cat=p&typeid=i","cat":287599},{"id":178,"n":"Sauce Napolitaine Turini 420g","p":0.88,"u":"2,10 €/KG","img":"https://fd13-photos.leclercdrive.fr/image.ashx?id=2441893&use=l&cat=p&typeid=i","cat":287599},{"id":185,"n":"Pâtes Barilla Pipe Rigate - 500g","p":1.02,"u":"2,04 €/KG","img":"https://fd13-photos.leclercdrive.fr/image.ashx?id=2392209&use=l&cat=p&typeid=i","cat":284427},{"id":186,"n":"Pâtes Barilla Penne rigate - 500g","p":1.01,"u":"2,02 €/KG","img":"https://fd13-photos.leclercdrive.fr/image.ashx?id=2392203&use=l&cat=p&typeid=i","cat":284427},{"id":187,"n":"Pâtes Barilla Fusilli - 500g","p":1.02,"u":"2,04 €/KG","img":"https://fd13-photos.leclercdrive.fr/image.ashx?id=2392212&use=l&cat=p&typeid=i","cat":284427},{"id":191,"n":"Pâtes Collezione Barilla Lasagne aux œufs - 500g","p":2.0,"u":"4,00 €/KG","img":"https://fd13-photos.leclercdrive.fr/image.ashx?id=2990997&use=l&cat=p&typeid=i","cat":284427},{"id":192,"n":"Pâtes Barilla Penne rigate - 1kg","p":1.88,"u":"1,88 €/KG","img":"https://fd13-photos.leclercdrive.fr/image.ashx?id=2392191&use=l&cat=p&typeid=i","cat":284427},{"id":193,"n":"Pâtes vermicelles Panzani  500g","p":1.23,"u":"2,46 €/KG","img":"https://fd13-photos.leclercdrive.fr/image.ashx?id=2896072&use=l&cat=p&typeid=i","cat":284427},{"id":194,"n":"Pâtes Coquillettes Panzani 500g","p":0.91,"u":"1,82 €/KG","img":"https://fd13-photos.leclercdrive.fr/image.ashx?id=2870200&use=l&cat=p&typeid=i","cat":284427},{"id":195,"n":"Pâtes macaroni Panzani 500g","p":0.97,"u":"1,94 €/KG","img":"https://fd13-photos.leclercdrive.fr/image.ashx?id=2884297&use=l&cat=p&typeid=i","cat":284427},{"id":196,"n":"Pâtes nouilles fines Panzani 500g","p":1.09,"u":"2,18 €/KG","img":"https://fd13-photos.leclercdrive.fr/image.ashx?id=2876005&use=l&cat=p&typeid=i","cat":284427},{"id":197,"n":"Pâtes Torti Panzani 500g","p":0.77,"u":"1,54 €/KG","img":"https://fd13-photos.leclercdrive.fr/image.ashx?id=2869552&use=l&cat=p&typeid=i","cat":284427},{"id":199,"n":"Pâtes Tagliatelle Panzani Créatives - 500G","p":1.52,"u":"3,04 €/KG","img":"https://fd13-photos.leclercdrive.fr/image.ashx?id=2902936&use=l&cat=p&typeid=i","cat":284427},{"id":200,"n":"Pâtes lasagnes Turini  500g","p":1.29,"u":"2,58 €/KG","img":"https://fd13-photos.leclercdrive.fr/image.ashx?id=2441147&use=l&cat=p&typeid=i","cat":284427},{"id":201,"n":"Pâtes Etoiles Turini 500g","p":1.05,"u":"2,10 €/KG","img":"https://fd13-photos.leclercdrive.fr/image.ashx?id=2744222&use=l&cat=p&typeid=i","cat":284427},{"id":202,"n":"Pâtes Nouilles Turini 500g","p":0.75,"u":"1,50 €/KG","img":"https://fd13-photos.leclercdrive.fr/image.ashx?id=2441123&use=l&cat=p&typeid=i","cat":284427},{"id":203,"n":"Pâtes Torsades Turini 500g","p":0.65,"u":"1,30 €/KG","img":"https://fd13-photos.leclercdrive.fr/image.ashx?id=2441084&use=l&cat=p&typeid=i","cat":284427},{"id":204,"n":"Pâtes Coquillettes Turini 500g","p":0.75,"u":"1,50 €/KG","img":"https://fd13-photos.leclercdrive.fr/image.ashx?id=2441078&use=l&cat=p&typeid=i","cat":284427},{"id":205,"n":"Pâtes Macaroni Turini 500g","p":0.75,"u":"1,50 €/KG","img":"https://fd13-photos.leclercdrive.fr/image.ashx?id=2441081&use=l&cat=p&typeid=i","cat":284427},{"id":206,"n":"Spaghetti Turini 500g","p":0.69,"u":"1,38 €/KG","img":"https://fd13-photos.leclercdrive.fr/image.ashx?id=2053641&use=l&cat=p&typeid=i","cat":284427},{"id":208,"n":"Pâtes gansettes Turini 500g","p":0.98,"u":"1,96 €/KG","img":"https://fd13-photos.leclercdrive.fr/image.ashx?id=2607422&use=l&cat=p&typeid=i","cat":284427},{"id":210,"n":"Pâtes cheveux d'anges Turini 500g","p":0.85,"u":"1,70 €/KG","img":"https://fd13-photos.leclercdrive.fr/image.ashx?id=2441150&use=l&cat=p&typeid=i","cat":284427},{"id":211,"n":"Pâtes Tagliatelles Turini 500g","p":1.29,"u":"2,58 €/KG","img":"https://fd13-photos.leclercdrive.fr/image.ashx?id=2669693&use=l&cat=p&typeid=i","cat":284427},{"id":217,"n":"Riz Thaï Comptoir du Grain Sélection Riz long - 1kg","p":2.2,"u":"2,20 €/KG","img":"https://fd13-photos.leclercdrive.fr/image.ashx?id=2657084&use=l&cat=p&typeid=i","cat":284428},{"id":218,"n":"Riz Basmati Comptoir du Grain Sélection Riz long - 1kg","p":2.55,"u":"2,55 €/KG","img":"https://fd13-photos.leclercdrive.fr/image.ashx?id=552079&use=l&cat=p&typeid=i","cat":284428},{"id":219,"n":"Riz long Comptoir du Grain Sachet cuisson rapide x5 - 1kg","p":1.74,"u":"1,74 €/KG","img":"https://fd13-photos.leclercdrive.fr/image.ashx?id=1759876&use=l&cat=p&typeid=i","cat":284428},{"id":220,"n":"Couscous moyen Regia 1kg","p":2.3,"u":"2,30 €/KG","img":"https://fd13-photos.leclercdrive.fr/image.ashx?id=2874856&use=l&cat=p&typeid=i","cat":284429},{"id":224,"n":"Purée pomme de terre Pom'lisse Nature - 4x125g - 500g","p":1.85,"u":"3,70 €/KG","img":"https://fd13-photos.leclercdrive.fr/image.ashx?id=2929861&use=l&cat=p&typeid=i","cat":284431},{"id":225,"n":"Couscous Comptoir du Grain Grain moyen - 1kg","p":1.44,"u":"1,44 €/KG","img":"https://fd13-photos.leclercdrive.fr/image.ashx?id=3012797&use=l&cat=p&typeid=i","cat":284429},{"id":229,"n":"Blé précuit Comptoir du Grain Cuisson rapide 10 min - 500g","p":1.54,"u":"3,08 €/KG","img":"https://fd13-photos.leclercdrive.fr/image.ashx?id=1986243&use=l&cat=p&typeid=i","cat":284429},{"id":230,"n":"Pois cassés Notre Jardin 500g","p":1.05,"u":"2,10 €/KG","img":"https://fd13-photos.leclercdrive.fr/image.ashx?id=2983772&use=l&cat=p&typeid=i","cat":284430},{"id":231,"n":"Lentilles vertes Notre Jardin 500g","p":1.63,"u":"3,26 €/KG","img":"https://fd13-photos.leclercdrive.fr/image.ashx?id=2049010&use=l&cat=p&typeid=i","cat":284430},{"id":238,"n":"Soupe Velouté Régal Soupe Tomates - 1L","p":1.09,"u":"1,09 €/L","img":"https://fd13-photos.leclercdrive.fr/image.ashx?id=2800234&use=l&cat=p&typeid=i","cat":284462},{"id":239,"n":"Soupe Velouté Régal Soupe 10 légumes - 1L","p":1.19,"u":"1,19 €/L","img":"https://fd13-photos.leclercdrive.fr/image.ashx?id=739252&use=l&cat=p&typeid=i","cat":284462},{"id":240,"n":"Soupe Régal Soupe Poireaux Pommes de terre - 1L","p":1.19,"u":"1,19 €/L","img":"https://fd13-photos.leclercdrive.fr/image.ashx?id=2983784&use=l&cat=p&typeid=i","cat":284462},{"id":241,"n":"Soupe Mouliné Régal Soupe 10 légumes variés - 1L","p":1.08,"u":"1,08 €/L","img":"https://fd13-photos.leclercdrive.fr/image.ashx?id=2210780&use=l&cat=p&typeid=i","cat":284462},{"id":255,"n":"Arôme Saveur Maggi 250g","p":1.86,"u":"7,44 €/KG","img":"https://fd13-photos.leclercdrive.fr/image.ashx?id=2671960&use=l&cat=p&typeid=i","cat":288379},{"id":259,"n":"Assaisonnement Liquide KNORR Viandox - 160ml","p":1.46,"pp":1.02,"u":"6,38 €/L","img":"https://fd13-photos.leclercdrive.fr/image.ashx?id=2705215&use=l&cat=p&typeid=i","cat":288383},{"id":267,"n":"Biscuits Petit Ecolier LU Chocolat au lait - 120g","p":2.07,"u":"17,25 €/KG","img":"https://fd13-photos.leclercdrive.fr/image.ashx?id=3014404&use=l&cat=p&typeid=i","cat":284488},{"id":270,"n":"Biscuits Petit Ecolier LU Chocolat noir - 150g","p":1.75,"u":"11,67 €/KG","img":"https://fd13-photos.leclercdrive.fr/image.ashx?id=2944359&use=l&cat=p&typeid=i","cat":284488},{"id":278,"n":"Biscuits La Barquette Lulu LU Chocolat noisettes - 2x120g","p":2.0,"u":"8,33 €/KG","img":"https://fd13-photos.leclercdrive.fr/image.ashx?id=2135740&use=l&cat=p&typeid=i","cat":284488},{"id":280,"n":"Biscuits Petits cœurs LU Chocolat - 180g","p":2.38,"u":"13,22 €/KG","img":"https://fd13-photos.leclercdrive.fr/image.ashx?id=3002024&use=l&cat=p&typeid=i","cat":284488},{"id":281,"n":"Gâteaux moelleux Lulu LU Coqueline Chocolat - 165g","p":1.65,"u":"10,00 €/KG","img":"https://fd13-photos.leclercdrive.fr/image.ashx?id=3001946&use=l&cat=p&typeid=i","cat":284495},{"id":283,"n":"Biscuit Petit beurre P'tit Déli Chocolat au lait pocket - 250g","p":2.25,"u":"9,00 €/KG","img":"https://fd13-photos.leclercdrive.fr/image.ashx?id=750519&use=l&cat=p&typeid=i","cat":284488},{"id":284,"n":"Biscuits P'tit Déli ronds Chocolat lait 200g","p":1.2,"u":"6,00 €/KG","img":"https://fd13-photos.leclercdrive.fr/image.ashx?id=2884210&use=l&cat=p&typeid=i","cat":284488},{"id":286,"n":"Biscuits barquette P'tit Déli Chocolat et noisette x18 - 120g","p":0.89,"u":"7,42 €/KG","img":"https://fd13-photos.leclercdrive.fr/image.ashx?id=2705065&use=l&cat=p&typeid=i","cat":284488},{"id":288,"n":"Gaufrettes P'tit Déli  Enrobées chocolat 150g","p":1.59,"u":"10,60 €/KG","img":"https://fd13-photos.leclercdrive.fr/image.ashx?id=2400508&use=l&cat=p&typeid=i","cat":284488},{"id":289,"n":"Mini goûters P'tit Déli Chocolat 168g","p":1.13,"u":"6,73 €/KG","img":"https://fd13-photos.leclercdrive.fr/image.ashx?id=2321941&use=l&cat=p&typeid=i","cat":284488},{"id":290,"n":"Biscuits P'tit Déli Bâtonnets Chocolat 150g","p":1.19,"u":"7,93 €/KG","img":"https://fd13-photos.leclercdrive.fr/image.ashx?id=2470189&use=l&cat=p&typeid=i","cat":284488},{"id":291,"n":"Goûter Moelleux P'tit Déli  Lait et cacao x10 420g","p":2.81,"u":"6,69 €/KG","img":"https://fd13-photos.leclercdrive.fr/image.ashx?id=2081038&use=l&cat=p&typeid=i","cat":284495},{"id":292,"n":"Biscuits fourrés P'tit Déli Coeur fondant chocolat - 225g","p":1.26,"u":"5,60 €/KG","img":"https://fd13-photos.leclercdrive.fr/image.ashx?id=1635928&use=l&cat=p&typeid=i","cat":284488},{"id":296,"n":"Biscuits La Barquette Lulu LU Fraise - 2x120g","p":2.02,"u":"8,42 €/KG","img":"https://fd13-photos.leclercdrive.fr/image.ashx?id=3001952&use=l&cat=p&typeid=i","cat":284489},{"id":297,"n":"Biscuits La Barquette Lulu LU Framboise - 2x120g","p":2.06,"u":"17,17 €/KG","img":"https://fd13-photos.leclercdrive.fr/image.ashx?id=2904631&use=l&cat=p&typeid=i","cat":284489},{"id":298,"n":"Gâteaux moelleux Lulu LU Coqueline Fraise - 165g","p":1.4,"u":"8,48 €/KG","img":"https://fd13-photos.leclercdrive.fr/image.ashx?id=2977252&use=l&cat=p&typeid=i","cat":284495},{"id":304,"n":"Génoises fourrées P'tit Déli - 150g","p":1.39,"u":"9,27 €/KG","img":"https://fd13-photos.leclercdrive.fr/image.ashx?id=2470192&use=l&cat=p&typeid=i","cat":284489},{"id":310,"n":"Biscuits boudoirs P'tit Déli Aux oeufs - 175g","p":1.38,"u":"7,89 €/KG","img":"https://fd13-photos.leclercdrive.fr/image.ashx?id=828485&use=l&cat=p&typeid=i","cat":284487},{"id":313,"n":"Biscuits palmiers P'tit Déli 100g","p":0.59,"u":"5,90 €/KG","img":"https://fd13-photos.leclercdrive.fr/image.ashx?id=2940896&use=l&cat=p&typeid=i","cat":284487},{"id":314,"n":"Biscuits langue chat P'tit Déli 200g","p":1.28,"u":"6,40 €/KG","img":"https://fd13-photos.leclercdrive.fr/image.ashx?id=1875827&use=l&cat=p&typeid=i","cat":284487},{"id":315,"n":"Biscuits cigarettes P'tit Déli Fines 180g","p":0.95,"u":"5,28 €/KG","img":"https://fd13-photos.leclercdrive.fr/image.ashx?id=2907039&use=l&cat=p&typeid=i","cat":284487},{"id":316,"n":"Palets bretons P'tit Déli 125g","p":0.97,"u":"7,76 €/KG","img":"https://fd13-photos.leclercdrive.fr/image.ashx?id=2809650&use=l&cat=p&typeid=i","cat":284487},{"id":322,"n":"Cake anglais Brossard 400g","p":3.06,"u":"7,65 €/KG","img":"https://fd13-photos.leclercdrive.fr/image.ashx?id=2456795&use=l&cat=p&typeid=i","cat":284493},{"id":323,"n":"Gâteaux Mini roulés Pépito Chocolat - 150g","p":1.75,"u":"11,67 €/KG","img":"https://fd13-photos.leclercdrive.fr/image.ashx?id=2331898&use=l&cat=p&typeid=i","cat":284495},{"id":325,"n":"Galettes Bretonnes P'tit Déli Pur beurre - 125g","p":0.73,"u":"5,84 €/KG","img":"https://fd13-photos.leclercdrive.fr/image.ashx?id=2691012&use=l&cat=p&typeid=i","cat":284487},{"id":327,"n":"Biscuits P'tit Déli Cookies Chocolat nougatine 200g","p":1.35,"u":"6,75 €/KG","img":"https://fd13-photos.leclercdrive.fr/image.ashx?id=2042798&use=l&cat=p&typeid=i","cat":325066},{"id":328,"n":"Biscuits Cookies P'tit Déli Chocolat pépite chocolat - 200g","p":1.35,"u":"6,75 €/KG","img":"https://fd13-photos.leclercdrive.fr/image.ashx?id=2171536&use=l&cat=p&typeid=i","cat":325066},{"id":345,"n":"Pain de mie Harrys - Nature Longue conservation - 250g","p":0.79,"u":"3,16 €/KG","img":"https://fd13-photos.leclercdrive.fr/image.ashx?id=2507976&use=l&cat=p&typeid=i","cat":284477},{"id":349,"n":"Pain de mie nature Epi d'Or Classique - 500g","p":1.19,"u":"2,38 €/KG","img":"https://fd13-photos.leclercdrive.fr/image.ashx?id=2615582&use=l&cat=p&typeid=i","cat":284477},{"id":350,"n":"Pain de mie nature Epi d'Or Grandes tranches - 550g","p":1.09,"u":"1,98 €/KG","img":"https://fd13-photos.leclercdrive.fr/image.ashx?id=751072&use=l&cat=p&typeid=i","cat":284477},{"id":352,"n":"Pain de mie nature Epi d'Or  Extra-moelleux - 500g","p":0.95,"u":"1,90 €/KG","img":"https://fd13-photos.leclercdrive.fr/image.ashx?id=2340675&use=l&cat=p&typeid=i","cat":284477},{"id":361,"n":"Brioche tranchée Epi d'Or Nature - 500g","p":1.65,"u":"3,30 €/KG","img":"https://fd13-photos.leclercdrive.fr/image.ashx?id=2096353&use=l&cat=p&typeid=i","cat":284478},{"id":362,"n":"Briochettes Epi d'Or Nature x12 - 480g","p":1.49,"u":"3,10 €/KG","img":"https://fd13-photos.leclercdrive.fr/image.ashx?id=2381644&use=l&cat=p&typeid=i","cat":284478},{"id":363,"n":"Pains au lait Epi d'Or x10 - 350g","p":1.19,"u":"3,40 €/KG","img":"https://fd13-photos.leclercdrive.fr/image.ashx?id=2125512&use=l&cat=p&typeid=i","cat":293505},{"id":364,"n":"Pains au chocolat Epi d'Or x8 - 360g","p":1.89,"u":"5,25 €/KG","img":"https://fd13-photos.leclercdrive.fr/image.ashx?id=2860691&use=l&cat=p&typeid=i","cat":296366},{"id":367,"n":"Barre patissière P'tit Déli 800g","p":2.2,"u":"2,75 €/KG","img":"https://fd13-photos.leclercdrive.fr/image.ashx?id=2074379&use=l&cat=p&typeid=i","cat":294776},{"id":368,"n":"Madeleine P'tit Déli coquilles Sachet 1kg","p":3.4,"u":"3,40 €/KG","img":"https://fd13-photos.leclercdrive.fr/image.ashx?id=1956622&use=l&cat=p&typeid=i","cat":284492},{"id":369,"n":"Marbré P'tit Déli 300g","p":1.89,"u":"6,30 €/KG","img":"https://fd13-photos.leclercdrive.fr/image.ashx?id=2562698&use=l&cat=p&typeid=i","cat":294776},{"id":373,"n":"Biscottes Plaine Vie Heudebert  Sans sel - 300g","p":1.61,"u":"5,37 €/KG","img":"https://fd13-photos.leclercdrive.fr/image.ashx?id=2870572&use=l&cat=p&typeid=i","cat":284479},{"id":377,"n":"Biscottes Cracotte LU Gourmande - 250g","p":1.65,"u":"6,60 €/KG","img":"https://fd13-photos.leclercdrive.fr/image.ashx?id=3002009&use=l&cat=p&typeid=i","cat":284479},{"id":378,"n":"Biscottes Cracotte LU  Céréales complètes - 250g","p":1.62,"u":"6,48 €/KG","img":"https://fd13-photos.leclercdrive.fr/image.ashx?id=3002012&use=l&cat=p&typeid=i","cat":284479},{"id":379,"n":"Biscottes fourrées Cracotte Lu Chocolat - 200g","p":1.57,"u":"7,85 €/KG","img":"https://fd13-photos.leclercdrive.fr/image.ashx?id=2849704&use=l&cat=p&typeid=i","cat":284479},{"id":382,"n":"Biscottes Epi d'Or 6 céréales x36 - 300g","p":1.22,"u":"4,07 €/KG","img":"https://fd13-photos.leclercdrive.fr/image.ashx?id=2131164&use=l&cat=p&typeid=i","cat":284479},{"id":384,"n":"Biscottes Epi d'Or froment x36 - 300g","p":1.37,"u":"4,57 €/KG","img":"https://fd13-photos.leclercdrive.fr/image.ashx?id=2074376&use=l&cat=p&typeid=i","cat":284479},{"id":388,"n":"Tartines craquantes Epi d'Or  Froment - 250g","p":1.05,"u":"4,20 €/KG","img":"https://fd13-photos.leclercdrive.fr/image.ashx?id=2473972&use=l&cat=p&typeid=i","cat":284479},{"id":397,"n":"Café moulu Malongo Petits producteurs - 250g","p":4.85,"u":"19,40 €/KG","img":"https://fd13-photos.leclercdrive.fr/image.ashx?id=3003197&use=l&cat=p&typeid=i","cat":284750},{"id":399,"n":"Café moulu Plantation Intense et aromatique - 2x250g","p":6.8,"u":"13,60 €/KG","img":"https://fd13-photos.leclercdrive.fr/image.ashx?id=1935811&use=l&cat=p&typeid=i","cat":284750},{"id":400,"n":"Café moulu Plantation  Intense et aromatique - 250g","p":3.5,"u":"14,00 €/KG","img":"https://fd13-photos.leclercdrive.fr/image.ashx?id=2481751&use=l&cat=p&typeid=i","cat":284750},{"id":401,"n":"Café moulu Plantation  Brésil - 2x250g","p":7.19,"u":"14,38 €/KG","img":"https://fd13-photos.leclercdrive.fr/image.ashx?id=1910592&use=l&cat=p&typeid=i","cat":284750},{"id":402,"n":"Café moulu Plantation  Tradition - 4x250g","p":9.69,"u":"9,69 €/KG","img":"https://fd13-photos.leclercdrive.fr/image.ashx?id=2824250&use=l&cat=p&typeid=i","cat":284750},{"id":405,"n":"Café Soluble Nescafé Spécial Filtre Original - 200g","p":7.54,"u":"37,70 €/KG","img":"https://fd13-photos.leclercdrive.fr/image.ashx?id=2837154&use=l&cat=p&typeid=i","cat":284843},{"id":407,"n":"Café et Chicorée Soluble Ricoré Lait - 400g","p":6.11,"u":"15,28 €/KG","img":"https://fd13-photos.leclercdrive.fr/image.ashx?id=2979617&use=l&cat=p&typeid=i","cat":284843},{"id":435,"n":"Infusion Tiséa Tilleul Menthe - x25","p":1.05,"u":"26,25 €/KG","img":"https://fd13-photos.leclercdrive.fr/image.ashx?id=1061147&use=l&cat=p&typeid=i","cat":293234},{"id":436,"n":"Infusion Tiséa Verveine - x25","p":0.92,"u":"23,00 €/KG","img":"https://fd13-photos.leclercdrive.fr/image.ashx?id=2441099&use=l&cat=p&typeid=i","cat":293234},{"id":437,"n":"Infusion Tiséa Verveine Orange - x25","p":1.34,"u":"33,50 €/KG","img":"https://fd13-photos.leclercdrive.fr/image.ashx?id=2757915&use=l&cat=p&typeid=i","cat":293234},{"id":444,"n":"Lait en poudre Régilait Demi écrémé - 300g","p":2.43,"u":"8,10 €/KG","img":"https://fd13-photos.leclercdrive.fr/image.ashx?id=2110077&use=l&cat=p&typeid=i","cat":299162},{"id":451,"n":"Confiture Bonne Maman Abricots - 370g","p":1.64,"u":"4,43 €/KG","img":"https://fd13-photos.leclercdrive.fr/image.ashx?id=3001275&use=l&cat=p&typeid=i","cat":284480},{"id":453,"n":"Confiture extra figues NRT De Provence - 315g","p":2.64,"u":"8,38 €/KG","img":"https://fd13-photos.leclercdrive.fr/image.ashx?id=2699801&use=l&cat=p&typeid=i","cat":284480},{"id":456,"n":"Céréales Golden Grahams Nestlé 375g","p":2.29,"u":"6,11 €/KG","img":"https://fd13-photos.leclercdrive.fr/image.ashx?id=2979830&use=l&cat=p&typeid=i","cat":309513},{"id":473,"n":"Céréales Lion Nestlé Caramel et Chocolat - 400g","p":2.62,"u":"6,55 €/KG","img":"https://fd13-photos.leclercdrive.fr/image.ashx?id=2927453&use=l&cat=p&typeid=i","cat":309513},{"id":474,"n":"Céréales Cookie Crisp Nestlé 375g","p":2.34,"u":"6,24 €/KG","img":"https://fd13-photos.leclercdrive.fr/image.ashx?id=2926443&use=l&cat=p&typeid=i","cat":309513},{"id":486,"n":"Sucre en poudre Saint Louis 1kg","p":1.8,"u":"1,80 €/KG","img":"https://fd13-photos.leclercdrive.fr/image.ashx?id=2624239&use=l&cat=p&typeid=i","cat":284502},{"id":487,"n":"Sucre cristal Saint Louis Sachet 5kg","p":9.06,"u":"1,81 €/KG","img":"https://fd13-photos.leclercdrive.fr/image.ashx?id=2624248&use=l&cat=p&typeid=i","cat":284502},{"id":491,"n":"Levure boulangère Francine 30g","p":1.16,"u":"38,67 €/KG","img":"https://fd13-photos.leclercdrive.fr/image.ashx?id=2210083&use=l&cat=p&typeid=i","cat":294686},{"id":492,"n":"Farine fluide Tablier Blanc Sans grumeaux - 1kg","p":0.85,"u":"0,85 €/KG","img":"https://fd13-photos.leclercdrive.fr/image.ashx?id=2123178&use=l&cat=p&typeid=i","cat":284503},{"id":494,"n":"Levure boulangère Alsa Briochin - x5 - 27.5g","p":0.86,"u":"30,71 €/KG","img":"https://fd13-photos.leclercdrive.fr/image.ashx?id=3007906&use=l&cat=p&typeid=i","cat":294686},{"id":495,"n":"Sucre vanilliné Tablier Blanc x10 - 75g","p":0.73,"u":"9,73 €/KG","img":"https://fd13-photos.leclercdrive.fr/image.ashx?id=2487434&use=l&cat=p&typeid=i","cat":284504},{"id":496,"n":"Sucre Vanillé des Isles Alsa x7 - 52.5g","p":2.41,"u":"46,35 €/KG","img":"https://fd13-photos.leclercdrive.fr/image.ashx?id=2965867&use=l&cat=p&typeid=i","cat":294686},{"id":497,"n":"Sucre Vanillé Alsa x12 - 90g","p":2.07,"u":"23,00 €/KG","img":"https://fd13-photos.leclercdrive.fr/image.ashx?id=3004459&use=l&cat=p&typeid=i","cat":294686},{"id":546,"n":"Eau minérale naturelle Des Alpes - 6x50cl","p":1.98,"u":"0,66 €/L","img":"https://fd13-photos.leclercdrive.fr/image.ashx?id=2423499&use=l&cat=p&typeid=i","cat":284535},{"id":567,"n":"Eau gazeuse San Pellegrino Minérale naturelle - 6x50cl","p":2.93,"u":"0,98 €/L","img":"https://fd13-photos.leclercdrive.fr/image.ashx?id=2145871&use=l&cat=p&typeid=i","cat":284536},{"id":591,"n":"Sirop Frucci Citron - 75cl","p":1.69,"u":"2,25 €/L","img":"https://fd13-photos.leclercdrive.fr/image.ashx?id=722284&use=l&cat=p&typeid=i","cat":295020},{"id":592,"n":"Sirop Frucci Grenadine - 75cl","p":1.99,"u":"2,65 €/L","img":"https://fd13-photos.leclercdrive.fr/image.ashx?id=728426&use=l&cat=p&typeid=i","cat":295020},{"id":593,"n":"Sirop Frucci Pêche - 75cl","p":2.39,"u":"3,19 €/L","img":"https://fd13-photos.leclercdrive.fr/image.ashx?id=728514&use=l&cat=p&typeid=i","cat":295020},{"id":594,"n":"Sirop Frucci Framboise - 75cl","p":3.52,"u":"4,69 €/L","img":"https://fd13-photos.leclercdrive.fr/image.ashx?id=723800&use=l&cat=p&typeid=i","cat":295020},{"id":595,"n":"Sirop Frucci Fraise - 75cl","p":2.69,"u":"3,59 €/L","img":"https://fd13-photos.leclercdrive.fr/image.ashx?id=722200&use=l&cat=p&typeid=i","cat":295020},{"id":596,"n":"Sirop Frucci Cassis - 75cl","p":2.94,"u":"3,92 €/L","img":"https://fd13-photos.leclercdrive.fr/image.ashx?id=722196&use=l&cat=p&typeid=i","cat":295020},{"id":598,"n":"100% Pur jus de tomate Jafaden bouteille plastique -1L","p":2.05,"u":"2,05 €/L","img":"https://fd13-photos.leclercdrive.fr/image.ashx?id=2860682&use=l&cat=p&typeid=i","cat":284523},{"id":612,"n":"100% Pur jus d'orange Jafaden Sans pulpe - 1L","p":2.22,"u":"2,22 €/L","img":"https://fd13-photos.leclercdrive.fr/image.ashx?id=2955620&use=l&cat=p&typeid=i","cat":284521},{"id":613,"n":"Jus d'orange Jafaden A base de concentré - 6x20cl","p":1.99,"u":"1,66 €/L","img":"https://fd13-photos.leclercdrive.fr/image.ashx?id=2751871&use=l&cat=p&typeid=i","cat":284524},{"id":617,"n":"100% Pur jus d'orange Jafaden  Sans pulpe - 1,5L","p":2.65,"u":"1,77 €/L","img":"https://fd13-photos.leclercdrive.fr/image.ashx?id=2496878&use=l&cat=p&typeid=i","cat":284521},{"id":618,"n":"Nectar d'orange Jafaden Avec pulpe - 1L","p":1.69,"u":"1,69 €/L","img":"https://fd13-photos.leclercdrive.fr/image.ashx?id=2955638&use=l&cat=p&typeid=i","cat":284521},{"id":619,"n":"Nectar orange Jafaden 2L","p":2.52,"u":"1,26 €/L","img":"https://fd13-photos.leclercdrive.fr/image.ashx?id=2955644&use=l&cat=p&typeid=i","cat":284521},{"id":621,"n":"100% Pur jus d'orange Jafaden  Sans pulpe - 2L","p":3.49,"u":"1,75 €/L","img":"https://fd13-photos.leclercdrive.fr/image.ashx?id=2470225&use=l&cat=p&typeid=i","cat":284521},{"id":624,"n":"Pur Jus de pommes NRT De Bretagne - 1L","p":2.53,"u":"2,53 €/L","img":"https://fd13-photos.leclercdrive.fr/image.ashx?id=2590463&use=l&cat=p&typeid=i","cat":284522},{"id":625,"n":"Pur jus raisin Jafaden 1L","p":1.55,"u":"1,55 €/L","img":"https://fd13-photos.leclercdrive.fr/image.ashx?id=2978507&use=l&cat=p&typeid=i","cat":284915},{"id":627,"n":"Jus pamplemousse rose Jafaden A base de concentré - 1L","p":1.55,"u":"1,55 €/L","img":"https://fd13-photos.leclercdrive.fr/image.ashx?id=2520005&use=l&cat=p&typeid=i","cat":284914},{"id":632,"n":"Jus ananas Jafaden A base de concentré 1L","p":1.75,"u":"1,75 €/L","img":"https://fd13-photos.leclercdrive.fr/image.ashx?id=2919592&use=l&cat=p&typeid=i","cat":284916},{"id":638,"n":"Jus multifruits Jafaden 1L","p":1.89,"u":"1,89 €/L","img":"https://fd13-photos.leclercdrive.fr/image.ashx?id=2916659&use=l&cat=p&typeid=i","cat":285435},{"id":668,"n":"Limonade artisanale NRT 1L","p":2.75,"u":"2,75 €/L","img":"https://fd13-photos.leclercdrive.fr/image.ashx?id=2791066&use=l&cat=p&typeid=i","cat":284531},{"id":669,"n":"Limonade des Pyrénées NRT 6x33cl","p":3.35,"u":"1,69 €/L","img":"https://fd13-photos.leclercdrive.fr/image.ashx?id=2771055&use=l&cat=p&typeid=i","cat":284531},{"id":673,"n":"Soda Gini Citron - 1,5L","p":2.0,"u":"1,33 €/L","img":"https://fd13-photos.leclercdrive.fr/image.ashx?id=2654677&use=l&cat=p&typeid=i","cat":284532},{"id":682,"n":"Soda Pulp'Orange Bouteille - 1,5L","p":1.47,"u":"0,98 €/L","img":"https://fd13-photos.leclercdrive.fr/image.ashx?id=2922382&use=l&cat=p&typeid=i","cat":284532},{"id":689,"n":"Thé glacé Fresh Tea Pêche - Canette -  6x33cl","p":2.49,"u":"1,26 €/L","img":"https://fd13-photos.leclercdrive.fr/image.ashx?id=2148737&use=l&cat=p&typeid=i","cat":295019},{"id":700,"n":"Bière blonde 1664 5,5° - 4x50cl canettes","p":4.74,"u":"2,37 €/L","img":"https://fd13-photos.leclercdrive.fr/image.ashx?id=2793536&use=l&cat=p&typeid=i","cat":334853},{"id":720,"n":"Bière brune Guinness Canette - 50cl","p":1.85,"u":"3,70 €/L","img":"https://fd13-photos.leclercdrive.fr/image.ashx?id=2579080&use=l&cat=p&typeid=i","cat":334853},{"id":731,"n":"Bière blonde forte Falsbourg Canette - 8%vol. - 50cl","p":0.98,"u":"1,96 €/L","img":"https://fd13-photos.leclercdrive.fr/image.ashx?id=1907450&use=l&cat=p&typeid=i","cat":334853},{"id":737,"n":"Rhum blanc Lagoa 40%vol - 70cl","p":9.99,"u":"14,27 €/L","img":"https://fd13-photos.leclercdrive.fr/image.ashx?id=2966466&use=l&cat=p&typeid=i","cat":284550},{"id":742,"n":"AOP Cabernet d'Anjou vin rosé Les Caractères - BIB 3L - 11%","p":13.49,"u":"4,50 €/L","img":"https://fd13-photos.leclercdrive.fr/image.ashx?id=2796523&use=l&cat=p&typeid=i","cat":289560},{"id":744,"n":"Cidre bouché Les Goelleries Breton brut 5%vol. - 75cl","p":1.99,"u":"2,65 €/L","img":"https://fd13-photos.leclercdrive.fr/image.ashx?id=2842184&use=l&cat=p&typeid=i","cat":334880},{"id":749,"n":"Camembert Les Croisés 20%MG - 250g","p":1.53,"u":"6,12 €/KG","img":"https://fd13-photos.leclercdrive.fr/image.ashx?id=2974762&use=l&cat=p&typeid=i","cat":314033},{"id":750,"n":"Camembert de Pays Les Croisés 21% mg - 250 gr","p":1.75,"u":"7,00 €/KG","img":"https://fd13-photos.leclercdrive.fr/image.ashx?id=1945411&use=l&cat=p&typeid=i","cat":314033},{"id":751,"n":"Coulommiers Les Croisés Tendre/Onctueux - 24%mg - 350g","p":2.15,"u":"6,14 €/KG","img":"https://fd13-photos.leclercdrive.fr/image.ashx?id=1945399&use=l&cat=p&typeid=i","cat":314033},{"id":752,"n":"Petit Brie Les Croisés 32% matière grasse - 500g","p":4.31,"u":"8,62 €/KG","img":"https://fd13-photos.leclercdrive.fr/image.ashx?id=2974792&use=l&cat=p&typeid=i","cat":314033},{"id":753,"n":"Pointe de Brie Les Croisés 32% mg - 200g","p":1.45,"u":"7,25 €/KG","img":"https://fd13-photos.leclercdrive.fr/image.ashx?id=2974771&use=l&cat=p&typeid=i","cat":314033},{"id":754,"n":"Fromage Les Croisés Coeur Crème Lait pasteurisé 33%mg - 300g","p":2.29,"u":"7,63 €/KG","img":"https://fd13-photos.leclercdrive.fr/image.ashx?id=2341882&use=l&cat=p&typeid=i","cat":314033},{"id":757,"n":"Fromage Comté Entremont 32 %mg - 350g","p":5.3,"u":"15,14 €/KG","img":"https://fd13-photos.leclercdrive.fr/image.ashx?id=2983147&use=l&cat=p&typeid=i","cat":314034},{"id":760,"n":"Emmental fromage bloc Les Croisés - 250g","p":2.24,"u":"8,96 €/KG","img":"https://fd13-photos.leclercdrive.fr/image.ashx?id=2904550&use=l&cat=p&typeid=i","cat":314034},{"id":764,"n":"Fromage Bleu Les Croisés Lait pasteurisé 31% mg - 250g","p":2.29,"u":"9,16 €/KG","img":"https://fd13-photos.leclercdrive.fr/image.ashx?id=1081023&use=l&cat=p&typeid=i","cat":314032},{"id":768,"n":"Fromage de chèvre Les Croisés Lait pasteurisé 22%mg - 180g","p":2.29,"u":"12,72 €/KG","img":"https://fd13-photos.leclercdrive.fr/image.ashx?id=2048615&use=l&cat=p&typeid=i","cat":314031},{"id":769,"n":"Fromage de Brebis Les Croisés -Tranche - 200g","p":2.22,"u":"11,10 €/KG","img":"https://fd13-photos.leclercdrive.fr/image.ashx?id=2237499&use=l&cat=p&typeid=i","cat":314031},{"id":786,"n":"Chaussée aux Moines 450g","p":3.99,"u":"8,87 €/KG","img":"https://fd13-photos.leclercdrive.fr/image.ashx?id=2771166&use=l&cat=p&typeid=i","cat":329184},{"id":787,"n":"Fromage L'Ortolan  Fromagerie Milleret - 250g","p":2.55,"u":"10,20 €/KG","img":"https://fd13-photos.leclercdrive.fr/image.ashx?id=2450913&use=l&cat=p&typeid=i","cat":314033},{"id":794,"n":"Rocamadour NRT AOP  Fromage de chèvre - 3x35g","p":2.69,"u":"25,62 €/KG","img":"https://fd13-photos.leclercdrive.fr/image.ashx?id=1913075&use=l&cat=p&typeid=i","cat":314031},{"id":795,"n":"Fromage Brique Les Croisés Lait pasteurisé 60%mg - 200g","p":1.74,"u":"8,70 €/KG","img":"https://fd13-photos.leclercdrive.fr/image.ashx?id=2615804&use=l&cat=p&typeid=i","cat":314033},{"id":796,"n":"Fromage raclette Les Croisés Tranchette lait pasteurisé 400g","p":3.89,"u":"9,73 €/KG","img":"https://fd13-photos.leclercdrive.fr/image.ashx?id=2411883&use=l&cat=p&typeid=i","cat":314037},{"id":800,"n":"Mozzarella Les Croisés - 125g","p":0.93,"u":"7,44 €/KG","img":"https://fd13-photos.leclercdrive.fr/image.ashx?id=2122682&use=l&cat=p&typeid=i","cat":314026},{"id":806,"n":"Emmental fromage rapé Les Croisés - 500g","p":3.99,"u":"7,98 €/KG","img":"https://fd13-photos.leclercdrive.fr/image.ashx?id=2832900&use=l&cat=p&typeid=i","cat":314035},{"id":807,"n":"Emmental fromage rapé Les Croisés - 200g","p":1.65,"u":"8,25 €/KG","img":"https://fd13-photos.leclercdrive.fr/image.ashx?id=2486071&use=l&cat=p&typeid=i","cat":314035},{"id":808,"n":"Emmental fromage rapé Les Croisés - 100g","p":1.1,"u":"11,00 €/KG","img":"https://fd13-photos.leclercdrive.fr/image.ashx?id=2893283&use=l&cat=p&typeid=i","cat":314035},{"id":809,"n":"Râpé Parmigiano Reggiano AOP Les Croisés - 60g","p":1.1,"u":"18,33 €/KG","img":"https://fd13-photos.leclercdrive.fr/image.ashx?id=2283987&use=l&cat=p&typeid=i","cat":314035},{"id":810,"n":"Râpé Grana Padano AOP Les Croisés - 100g","p":1.5,"u":"15,00 €/KG","img":"https://fd13-photos.leclercdrive.fr/image.ashx?id=2688300&use=l&cat=p&typeid=i","cat":314035},{"id":816,"n":"Yaourts Délisse Nature - 16x125g","p":2.25,"u":"1,13 €/KG","img":"https://fd13-photos.leclercdrive.fr/image.ashx?id=2974756&use=l&cat=p&typeid=i","cat":284409},{"id":817,"n":"Yaourts Délisse Nature - 12x125g","p":1.85,"u":"1,23 €/KG","img":"https://fd13-photos.leclercdrive.fr/image.ashx?id=2971867&use=l&cat=p&typeid=i","cat":284409},{"id":818,"n":"Yaourts brassés Délisse  Nature - 8x125g","p":1.65,"u":"1,65 €/KG","img":"https://fd13-photos.leclercdrive.fr/image.ashx?id=2742611&use=l&cat=p&typeid=i","cat":284409},{"id":819,"n":"Yaourts brassés Délisse Nature - 16x125g","p":2.99,"u":"1,50 €/KG","img":"https://fd13-photos.leclercdrive.fr/image.ashx?id=2282159&use=l&cat=p&typeid=i","cat":284409},{"id":821,"n":"Yaourts sucrés Délisse Nature - 16x125g","p":2.69,"u":"1,35 €/KG","img":"https://fd13-photos.leclercdrive.fr/image.ashx?id=2591485&use=l&cat=p&typeid=i","cat":284409},{"id":822,"n":"Yaourts à la Grecque Délisse Nature - 4x150g","p":1.29,"u":"2,15 €/KG","img":"https://fd13-photos.leclercdrive.fr/image.ashx?id=1920964&use=l&cat=p&typeid=i","cat":314999},{"id":834,"n":"Yaourts La Laitière Fruits pâtissiers - 12x125g","p":4.52,"u":"3,01 €/KG","img":"https://fd13-photos.leclercdrive.fr/image.ashx?id=2578684&use=l&cat=p&typeid=i","cat":314999},{"id":839,"n":"Yaourts crémeux Délisse Panaché de fruits - 16x125g","p":4.32,"u":"2,16 €/KG","img":"https://fd13-photos.leclercdrive.fr/image.ashx?id=2799236&use=l&cat=p&typeid=i","cat":284410},{"id":841,"n":"Yaourts brassés Délisse Panaché de fruits - 16x125g","p":3.26,"u":"1,63 €/KG","img":"https://fd13-photos.leclercdrive.fr/image.ashx?id=2494211&use=l&cat=p&typeid=i","cat":284410},{"id":842,"n":"Yaourts aux fruits Délisse Panaché de fruits - 16x125g","p":3.78,"u":"1,89 €/KG","img":"https://fd13-photos.leclercdrive.fr/image.ashx?id=2609544&use=l&cat=p&typeid=i","cat":284410},{"id":843,"n":"Yaourts Crème Délisse Stracciatella - 4x125g","p":2.04,"u":"4,08 €/KG","img":"https://fd13-photos.leclercdrive.fr/image.ashx?id=2117120&use=l&cat=p&typeid=i","cat":314999},{"id":855,"n":"Yaourts brassés Déli'light  Nature - 0% MG - 8x125g","p":2.13,"u":"2,13 €/KG","img":"https://fd13-photos.leclercdrive.fr/image.ashx?id=2865041&use=l&cat=p&typeid=i","cat":315000},{"id":856,"n":"Yaourts Fruits 0% Déli'light Fruits panachés - 16x125g","p":3.82,"u":"1,91 €/KG","img":"https://fd13-photos.leclercdrive.fr/image.ashx?id=2979337&use=l&cat=p&typeid=i","cat":315000},{"id":871,"n":"Yaourts à boire DéliUp' Délisse Nature - 10x100g","p":2.85,"u":"2,85 €/KG","img":"https://fd13-photos.leclercdrive.fr/image.ashx?id=1713612&use=l&cat=p&typeid=i","cat":284415},{"id":872,"n":"Actifidus Delisse Nature - 12x125g","p":2.23,"u":"1,49 €/KG","img":"https://fd13-photos.leclercdrive.fr/image.ashx?id=1944565&use=l&cat=p&typeid=i","cat":315000},{"id":879,"n":"Fromage blanc sous mousse  Gervita nature - 4x100g","p":1.88,"u":"4,70 €/KG","img":"https://fd13-photos.leclercdrive.fr/image.ashx?id=2746157&use=l&cat=p&typeid=i","cat":284409},{"id":887,"n":"Fromage frais Délisse Fruits panachés 22%mg - 12x50g","p":1.51,"u":"2,52 €/KG","img":"https://fd13-photos.leclercdrive.fr/image.ashx?id=2922491&use=l&cat=p&typeid=i","cat":284414},{"id":890,"n":"Fromage frais Délisse Nature 3,8% MG - 12x60g","p":1.64,"u":"2,28 €/KG","img":"https://fd13-photos.leclercdrive.fr/image.ashx?id=799431&use=l&cat=p&typeid=i","cat":284409},{"id":892,"n":"Fromage frais Duodélisse Nature - 8x100g","p":2.79,"u":"3,49 €/KG","img":"https://fd13-photos.leclercdrive.fr/image.ashx?id=2387316&use=l&cat=p&typeid=i","cat":284409},{"id":894,"n":"Fromage blanc Délisse Nature 0% MG - 8x100g","p":1.79,"u":"2,24 €/KG","img":"https://fd13-photos.leclercdrive.fr/image.ashx?id=2898817&use=l&cat=p&typeid=i","cat":315000},{"id":895,"n":"Fromage blanc Délisse Nature - 3,1% MG - 8x100g","p":1.79,"u":"2,24 €/KG","img":"https://fd13-photos.leclercdrive.fr/image.ashx?id=3012791&use=l&cat=p&typeid=i","cat":284409},{"id":897,"n":"Fromage blanc Délisse Nature 3.1% MG - 1kg","p":1.97,"u":"1,97 €/KG","img":"https://fd13-photos.leclercdrive.fr/image.ashx?id=3012788&use=l&cat=p&typeid=i","cat":284409},{"id":909,"n":"Crème dessert Danette Chocolat et lait - 6x70g","p":1.63,"u":"3,88 €/KG","img":"https://fd13-photos.leclercdrive.fr/image.ashx?id=1984855&use=l&cat=p&typeid=i","cat":285041},{"id":918,"n":"Crème dessert Délisse Café - 4x125g","p":0.89,"u":"1,78 €/KG","img":"https://fd13-photos.leclercdrive.fr/image.ashx?id=2441048&use=l&cat=p&typeid=i","cat":285041},{"id":919,"n":"Crème dessert Délisse Caramel - 4x125g","p":0.91,"u":"1,82 €/KG","img":"https://fd13-photos.leclercdrive.fr/image.ashx?id=2854204&use=l&cat=p&typeid=i","cat":285041},{"id":920,"n":"Crème dessert Délisse Chocolat - 4x125g","p":0.95,"u":"1,90 €/KG","img":"https://fd13-photos.leclercdrive.fr/image.ashx?id=2854207&use=l&cat=p&typeid=i","cat":285041},{"id":921,"n":"Crème dessert Délisse Vanille - 4x125g","p":0.89,"u":"1,78 €/KG","img":"https://fd13-photos.leclercdrive.fr/image.ashx?id=2854210&use=l&cat=p&typeid=i","cat":285041},{"id":922,"n":"Crème dessert Délisse Praliné - 4x125g","p":0.95,"u":"1,90 €/KG","img":"https://fd13-photos.leclercdrive.fr/image.ashx?id=2441066&use=l&cat=p&typeid=i","cat":285041},{"id":923,"n":"Crème dessert Délisse Panaché - 12x125g","p":2.83,"u":"1,89 €/KG","img":"https://fd13-photos.leclercdrive.fr/image.ashx?id=2465211&use=l&cat=p&typeid=i","cat":285041},{"id":924,"n":"Petit pot de crème Délisse Chocolat - 4x100g","p":1.88,"u":"4,70 €/KG","img":"https://fd13-photos.leclercdrive.fr/image.ashx?id=2544967&use=l&cat=p&typeid=i","cat":285041},{"id":925,"n":"Petit pot de crème Délisse Vanille - 4x100g","p":1.74,"u":"4,35 €/KG","img":"https://fd13-photos.leclercdrive.fr/image.ashx?id=2556508&use=l&cat=p&typeid=i","cat":285041},{"id":926,"n":"Petit pot de crème Délisse Noix de coco - 4x100g","p":2.1,"u":"5,25 €/KG","img":"https://fd13-photos.leclercdrive.fr/image.ashx?id=2722387&use=l&cat=p&typeid=i","cat":285041},{"id":927,"n":"Petit pot de crème Délisse Caramel - 4x100g","p":1.85,"u":"4,63 €/KG","img":"https://fd13-photos.leclercdrive.fr/image.ashx?id=2556511&use=l&cat=p&typeid=i","cat":285041},{"id":931,"n":"Dessert Liégeois Délisse Café - 4x100g","p":0.99,"u":"2,48 €/KG","img":"https://fd13-photos.leclercdrive.fr/image.ashx?id=1703224&use=l&cat=p&typeid=i","cat":285042},{"id":932,"n":"Dessert Liégeois Délisse Chocolat - 4x100g","p":1.1,"u":"2,75 €/KG","img":"https://fd13-photos.leclercdrive.fr/image.ashx?id=1868860&use=l&cat=p&typeid=i","cat":285042},{"id":933,"n":"Dessert Liégeois Délisse Chocolat Café - 8x100g","p":2.19,"u":"2,74 €/KG","img":"https://fd13-photos.leclercdrive.fr/image.ashx?id=1703227&use=l&cat=p&typeid=i","cat":285042},{"id":934,"n":"Dessert Liégeois Délisse Chocolat - 12x100g","p":3.14,"u":"2,62 €/KG","img":"https://fd13-photos.leclercdrive.fr/image.ashx?id=1868857&use=l&cat=p&typeid=i","cat":285042},{"id":935,"n":"Dessert Liégeois Délisse Vanille Caramel - 8x100g","p":1.98,"u":"2,48 €/KG","img":"https://fd13-photos.leclercdrive.fr/image.ashx?id=1713618&use=l&cat=p&typeid=i","cat":285042},{"id":936,"n":"Riz au lait Délisse  Vanille - 4x115g","p":1.35,"u":"2,93 €/KG","img":"https://fd13-photos.leclercdrive.fr/image.ashx?id=2489107&use=l&cat=p&typeid=i","cat":284418},{"id":940,"n":"Gâteaux de riz Délisse 4x100g","p":1.49,"u":"3,73 €/KG","img":"https://fd13-photos.leclercdrive.fr/image.ashx?id=2898820&use=l&cat=p&typeid=i","cat":284418},{"id":941,"n":"Mousse liégeoise Viennois  Chocolat - 8x90g","p":3.11,"u":"4,32 €/KG","img":"https://fd13-photos.leclercdrive.fr/image.ashx?id=2855043&use=l&cat=p&typeid=i","cat":284417},{"id":942,"n":"Mousse à la liégeoise Délisse Vanille - 8x80g","p":2.62,"u":"4,09 €/KG","img":"https://fd13-photos.leclercdrive.fr/image.ashx?id=3009487&use=l&cat=p&typeid=i","cat":284417},{"id":943,"n":"Mousse Délisse Chocolat noir - 4x60g","p":1.15,"u":"4,79 €/KG","img":"https://fd13-photos.leclercdrive.fr/image.ashx?id=3009493&use=l&cat=p&typeid=i","cat":284417},{"id":944,"n":"Mousse au chocolat Délisse Chocolat au lait - 4x60g","p":1.15,"u":"4,79 €/KG","img":"https://fd13-photos.leclercdrive.fr/image.ashx?id=3009496&use=l&cat=p&typeid=i","cat":284417},{"id":945,"n":"Mousse chocolat Délisse Noir et lait coulis - 8x60g","p":2.25,"u":"4,69 €/KG","img":"https://fd13-photos.leclercdrive.fr/image.ashx?id=3009499&use=l&cat=p&typeid=i","cat":284417},{"id":947,"n":"Crème de marron Délisse 4x11,5cl","p":1.55,"u":"3,37 €/L","img":"https://fd13-photos.leclercdrive.fr/image.ashx?id=3009508&use=l&cat=p&typeid=i","cat":284417},{"id":955,"n":"Ile flottante Délisse Crème anglaise - 4x100g","p":1.89,"u":"4,73 €/KG","img":"https://fd13-photos.leclercdrive.fr/image.ashx?id=1701112&use=l&cat=p&typeid=i","cat":284419},{"id":960,"n":"Flan Délisse Vanille Caramel - 16x100g","p":2.52,"u":"1,58 €/KG","img":"https://fd13-photos.leclercdrive.fr/image.ashx?id=2858977&use=l&cat=p&typeid=i","cat":284420},{"id":979,"n":"Beurre Mini Elle&Vire  Doux - 82% MG - 16P - 200g","p":2.88,"u":"14,40 €/KG","img":"https://fd13-photos.leclercdrive.fr/image.ashx?id=2528397&use=l&cat=p&typeid=i","cat":284379},{"id":981,"n":"Beurre Montfleuri Doux - 60% MG - 250g","p":2.11,"u":"8,44 €/KG","img":"https://fd13-photos.leclercdrive.fr/image.ashx?id=2988569&use=l&cat=p&typeid=i","cat":284379},{"id":983,"n":"Beurre Tendre Les Croisés Doux - 82% MG - 250g","p":2.59,"u":"10,36 €/KG","img":"https://fd13-photos.leclercdrive.fr/image.ashx?id=2778015&use=l&cat=p&typeid=i","cat":284379},{"id":985,"n":"Beurre de Bretagne Les Croisés Doux - 82% MG - 500g","p":4.89,"u":"9,78 €/KG","img":"https://fd13-photos.leclercdrive.fr/image.ashx?id=2777982&use=l&cat=p&typeid=i","cat":284379},{"id":986,"n":"Beurre de Baratte d'Isigny NRT AOP 82% MG - Doux - 250g","p":3.05,"u":"12,20 €/KG","img":"https://fd13-photos.leclercdrive.fr/image.ashx?id=2657274&use=l&cat=p&typeid=i","cat":284379},{"id":988,"n":"Beurre Les Croisés 80% MG  Demi-sel Extra fin - 250g","p":2.39,"u":"9,56 €/KG","img":"https://fd13-photos.leclercdrive.fr/image.ashx?id=2163629&use=l&cat=p&typeid=i","cat":284379},{"id":990,"n":"Beurre Tendre Les Croisés Doux - 82% MG - 250g","p":2.29,"u":"9,16 €/KG","img":"https://fd13-photos.leclercdrive.fr/image.ashx?id=2079810&use=l&cat=p&typeid=i","cat":284379},{"id":991,"n":"Beurre de Bretagne Les Croisés Demi-sel - 80% MG - 500g","p":4.89,"u":"9,78 €/KG","img":"https://fd13-photos.leclercdrive.fr/image.ashx?id=2050836&use=l&cat=p&typeid=i","cat":284379},{"id":1003,"n":"Crème UHT Elle & Vire Fluide Entière - 30% MG - 1L","p":5.3,"u":"5,30 €/L","img":"https://fd13-photos.leclercdrive.fr/image.ashx?id=3008554&use=l&cat=p&typeid=i","cat":284381},{"id":1004,"n":"Crème UHT Elle&Vire Semi-Ep. Si Légère - 4% MG - 3x20cl","p":2.61,"u":"4,35 €/L","img":"https://fd13-photos.leclercdrive.fr/image.ashx?id=2985282&use=l&cat=p&typeid=i","cat":284381},{"id":1005,"n":"Crème Chantilly sucrée Délisse Entière sous pression - 250g","p":1.95,"u":"7,80 €/KG","img":"https://fd13-photos.leclercdrive.fr/image.ashx?id=1763964&use=l&cat=p&typeid=i","cat":284382},{"id":1006,"n":"Crème Chantilly sucrée Délisse Allégée sous pression - 250g","p":1.85,"u":"7,40 €/KG","img":"https://fd13-photos.leclercdrive.fr/image.ashx?id=1732322&use=l&cat=p&typeid=i","cat":284382},{"id":1008,"n":"Crème entière fluide Délisse 30%mg - 3x20cl","p":2.65,"u":"4,42 €/L","img":"https://fd13-photos.leclercdrive.fr/image.ashx?id=2509977&use=l&cat=p&typeid=i","cat":284381},{"id":1009,"n":"Crème légère semi-épaisse   Délisse 18%mg - 3x20cl","p":2.09,"u":"3,48 €/L","img":"https://fd13-photos.leclercdrive.fr/image.ashx?id=1881368&use=l&cat=p&typeid=i","cat":284381},{"id":1010,"n":"Crème entière d'Isigny AOP NRT 40cl","p":2.99,"u":"7,48 €/L","img":"https://fd13-photos.leclercdrive.fr/image.ashx?id=2255331&use=l&cat=p&typeid=i","cat":284381},{"id":1011,"n":"Crème fraîche légère Délisse Epaisse - 15% MG - 20cl","p":0.7,"u":"3,50 €/L","img":"https://fd13-photos.leclercdrive.fr/image.ashx?id=832927&use=l&cat=p&typeid=i","cat":284381},{"id":1012,"n":"Crème fraîche légère Délisse Epaisse - 15% MG  - 50cl","p":1.55,"u":"3,10 €/L","img":"https://fd13-photos.leclercdrive.fr/image.ashx?id=3002539&use=l&cat=p&typeid=i","cat":284381},{"id":1013,"n":"Crème fraîche entière Délisse Epaisse - 30% MG - 20cl","p":0.84,"u":"4,20 €/L","img":"https://fd13-photos.leclercdrive.fr/image.ashx?id=832931&use=l&cat=p&typeid=i","cat":284381},{"id":1014,"n":"Crème fraîche entière Délisse Epaisse - 30% MG- 50cl","p":1.95,"u":"3,90 €/L","img":"https://fd13-photos.leclercdrive.fr/image.ashx?id=3002524&use=l&cat=p&typeid=i","cat":284381},{"id":1019,"n":"Jambon Italien Saint Azay x6 - 100g","p":1.75,"u":"17,50 €/KG","img":"https://fd13-photos.leclercdrive.fr/image.ashx?id=2466871&use=l&cat=p&typeid=i","cat":316007},{"id":1022,"n":"Bacon Saint Azay x15 - 150g","p":1.79,"u":"11,93 €/KG","img":"https://fd13-photos.leclercdrive.fr/image.ashx?id=2974957&use=l&cat=p&typeid=i","cat":316007},{"id":1027,"n":"Plateau charcuteries Alsace NRT 200g","p":2.04,"u":"10,20 €/KG","img":"https://fd13-photos.leclercdrive.fr/image.ashx?id=2991479&use=l&cat=p&typeid=i","cat":316012},{"id":1029,"n":"Mini saucissons secs Saint Azay Nature - 75g","p":1.29,"u":"17,20 €/KG","img":"https://fd13-photos.leclercdrive.fr/image.ashx?id=2943617&use=l&cat=p&typeid=i","cat":316006},{"id":1030,"n":"Mini Saucissons secs Saint Azay Aux noix - 75g","p":1.35,"u":"18,00 €/KG","img":"https://fd13-photos.leclercdrive.fr/image.ashx?id=2943620&use=l&cat=p&typeid=i","cat":316006},{"id":1032,"n":"Saucisse sèche Saint Azay Qualité supérieure - 300g","p":3.46,"u":"11,53 €/KG","img":"https://fd13-photos.leclercdrive.fr/image.ashx?id=2283978&use=l&cat=p&typeid=i","cat":316006},{"id":1033,"n":"Chorizo Doux Saint Azay 225g","p":1.89,"u":"8,40 €/KG","img":"https://fd13-photos.leclercdrive.fr/image.ashx?id=2293375&use=l&cat=p&typeid=i","cat":316006},{"id":1034,"n":"Chorizo Fort Saint Azay 225g","p":1.89,"u":"8,40 €/KG","img":"https://fd13-photos.leclercdrive.fr/image.ashx?id=2293378&use=l&cat=p&typeid=i","cat":316006},{"id":1058,"n":"Jambon serrano IGP Saint Azay 6 tranches - 100g","p":1.69,"u":"16,90 €/KG","img":"https://fd13-photos.leclercdrive.fr/image.ashx?id=1880521&use=l&cat=p&typeid=i","cat":316007},{"id":1069,"n":"Saucisses de Montbéliard IGP NRT - 250g","p":3.19,"u":"12,76 €/KG","img":"https://fd13-photos.leclercdrive.fr/image.ashx?id=2991470&use=l&cat=p&typeid=i","cat":316012},{"id":1070,"n":"Saucisse de Morteau NRT IGP - 350g","p":5.41,"u":"15,46 €/KG","img":"https://fd13-photos.leclercdrive.fr/image.ashx?id=2991464&use=l&cat=p&typeid=i","cat":316012},{"id":1081,"n":"Véritables Knacks d'Alsace NRT X4 - 260g","p":2.79,"u":"10,73 €/KG","img":"https://fd13-photos.leclercdrive.fr/image.ashx?id=2991488&use=l&cat=p&typeid=i","cat":316012},{"id":1087,"n":"Pâté en croûte St Azay 450g","p":2.65,"u":"5,89 €/KG","img":"https://fd13-photos.leclercdrive.fr/image.ashx?id=2586535&use=l&cat=p&typeid=i","cat":316003},{"id":1105,"n":"Carottes râpées Menu Fraîcheur  Assaisonnées - 500g","p":0.99,"u":"1,98 €/KG","img":"https://fd13-photos.leclercdrive.fr/image.ashx?id=2552406&use=l&cat=p&typeid=i","cat":333657},{"id":1106,"n":"Céleri Menu Fraîcheur  Rémoulade - 300g","p":0.99,"u":"3,30 €/KG","img":"https://fd13-photos.leclercdrive.fr/image.ashx?id=2552391&use=l&cat=p&typeid=i","cat":333657},{"id":1107,"n":"Taboulé Menu Fraîcheur A l'orientale - 300g","p":0.99,"u":"3,30 €/KG","img":"https://fd13-photos.leclercdrive.fr/image.ashx?id=2552397&use=l&cat=p&typeid=i","cat":333657},{"id":1108,"n":"Taboulé Menu Fraîcheur A l'orientale - 500g","p":1.39,"u":"2,78 €/KG","img":"https://fd13-photos.leclercdrive.fr/image.ashx?id=2552400&use=l&cat=p&typeid=i","cat":333657},{"id":1109,"n":"Taboule Menu Fraîcheur Au poulet - 300g","p":1.39,"u":"4,63 €/KG","img":"https://fd13-photos.leclercdrive.fr/image.ashx?id=2552421&use=l&cat=p&typeid=i","cat":333657},{"id":1115,"n":"Croque-monsieur Côté Croc 2x100g","p":1.36,"u":"6,80 €/KG","img":"https://fd13-photos.leclercdrive.fr/image.ashx?id=2873661&use=l&cat=p&typeid=i","cat":333671},{"id":1116,"n":"Croque-monsieur Côté Croc 2x135g","p":1.94,"u":"7,19 €/KG","img":"https://fd13-photos.leclercdrive.fr/image.ashx?id=1734463&use=l&cat=p&typeid=i","cat":333671},{"id":1117,"n":"Manchons de poulet Côté Croc 250g","p":2.49,"u":"9,96 €/KG","img":"https://fd13-photos.leclercdrive.fr/image.ashx?id=2560467&use=l&cat=p&typeid=i","cat":333685},{"id":1118,"n":"Manchons de poulet Côté Croc Méxicaine - 250g","p":2.49,"u":"9,96 €/KG","img":"https://fd13-photos.leclercdrive.fr/image.ashx?id=1936614&use=l&cat=p&typeid=i","cat":333685},{"id":1119,"n":"Sandwich Côté Snack Rosette - 125g","p":0.99,"u":"7,92 €/KG","img":"https://fd13-photos.leclercdrive.fr/image.ashx?id=1904651&use=l&cat=p&typeid=i","cat":333658},{"id":1120,"n":"Sandwich Côté Snack Jambon beurre - 125g","p":0.99,"u":"7,92 €/KG","img":"https://fd13-photos.leclercdrive.fr/image.ashx?id=1904639&use=l&cat=p&typeid=i","cat":333658},{"id":1121,"n":"Sandwich Côté Snack Jambon emmental - 145g","p":1.19,"u":"8,21 €/KG","img":"https://fd13-photos.leclercdrive.fr/image.ashx?id=1904642&use=l&cat=p&typeid=i","cat":333658},{"id":1124,"n":"Sandwich Côté Snack Poulet crudités - 145g","p":1.19,"u":"8,21 €/KG","img":"https://fd13-photos.leclercdrive.fr/image.ashx?id=1904654&use=l&cat=p&typeid=i","cat":333658},{"id":1125,"n":"Cordons bleus Côté Croc Dinde - 200g","p":1.95,"u":"9,75 €/KG","img":"https://fd13-photos.leclercdrive.fr/image.ashx?id=2795535&use=l&cat=p&typeid=i","cat":333683},{"id":1126,"n":"Nuggets de poulet Côté Croc x10 - 200g","p":1.52,"u":"7,60 €/KG","img":"https://fd13-photos.leclercdrive.fr/image.ashx?id=1935817&use=l&cat=p&typeid=i","cat":333684},{"id":1127,"n":"Croque Fromage Père Dodu  x2 - 200g","p":1.82,"u":"9,10 €/KG","img":"https://fd13-photos.leclercdrive.fr/image.ashx?id=2956981&use=l&cat=p&typeid=i","cat":333683},{"id":1133,"n":"Nuggets de Poulet Père Dodu  x10 - 200g","p":2.19,"u":"10,95 €/KG","img":"https://fd13-photos.leclercdrive.fr/image.ashx?id=2956972&use=l&cat=p&typeid=i","cat":333684},{"id":1134,"n":"Nuggets de Fromage Père Dodu  x10 - 180g","p":2.05,"u":"11,39 €/KG","img":"https://fd13-photos.leclercdrive.fr/image.ashx?id=2956990&use=l&cat=p&typeid=i","cat":333684},{"id":1135,"n":"Pizza fraîche Turini Jambon fromage - 450g","p":2.39,"u":"5,31 €/KG","img":"https://fd13-photos.leclercdrive.fr/image.ashx?id=1959034&use=l&cat=p&typeid=i","cat":333679},{"id":1136,"n":"Pizza fraîche Turini 4 fromages - 450g","p":2.49,"u":"5,53 €/KG","img":"https://fd13-photos.leclercdrive.fr/image.ashx?id=2590412&use=l&cat=p&typeid=i","cat":333679},{"id":1137,"n":"Pizza Turini Chèvre lardons - 450g","p":2.58,"u":"5,73 €/KG","img":"https://fd13-photos.leclercdrive.fr/image.ashx?id=1937208&use=l&cat=p&typeid=i","cat":333679},{"id":1142,"n":"Ravioli Lustucru Selection  Boeuf - 300g","p":1.81,"u":"6,03 €/KG","img":"https://fd13-photos.leclercdrive.fr/image.ashx?id=2938659&use=l&cat=p&typeid=i","cat":333682},{"id":1144,"n":"Ravioli jambon Turini 300g","p":2.06,"u":"6,87 €/KG","img":"https://fd13-photos.leclercdrive.fr/image.ashx?id=2726827&use=l&cat=p&typeid=i","cat":333682},{"id":1145,"n":"Ravioli 4 fromages Turini 300g","p":1.49,"u":"4,97 €/KG","img":"https://fd13-photos.leclercdrive.fr/image.ashx?id=813114&use=l&cat=p&typeid=i","cat":333682},{"id":1147,"n":"Kit Pâte à pizza Croustipate 600g","p":3.32,"u":"5,53 €/KG","img":"https://fd13-photos.leclercdrive.fr/image.ashx?id=2161651&use=l&cat=p&typeid=i","cat":333681},{"id":1149,"n":"Pâte à pizza Tablier Blanc 260g","p":1.05,"u":"4,04 €/KG","img":"https://fd13-photos.leclercdrive.fr/image.ashx?id=2041773&use=l&cat=p&typeid=i","cat":333681},{"id":1150,"n":"Pâte sablée Tablier Blanc 230g","p":1.09,"u":"4,74 €/KG","img":"https://fd13-photos.leclercdrive.fr/image.ashx?id=2635898&use=l&cat=p&typeid=i","cat":333681},{"id":1151,"n":"Pâte feuilletée Tablier Blanc Au beurre - 230g","p":1.15,"u":"5,00 €/KG","img":"https://fd13-photos.leclercdrive.fr/image.ashx?id=2635895&use=l&cat=p&typeid=i","cat":333681},{"id":1152,"n":"Pâte feuilletée Tablier Blanc Prête à dérouler - 230g","p":0.74,"u":"3,22 €/KG","img":"https://fd13-photos.leclercdrive.fr/image.ashx?id=2635889&use=l&cat=p&typeid=i","cat":333681},{"id":1154,"n":"Lardons de saumon fumé Ronde des Mers - 90g","p":3.6,"u":"40,00 €/KG","img":"https://fd13-photos.leclercdrive.fr/image.ashx?id=2449975&use=l&cat=p&typeid=i","cat":285188},{"id":1164,"n":"Bâtonnets surimi Pêche Océan MSC - 400g","p":2.19,"u":"5,48 €/KG","img":"https://fd13-photos.leclercdrive.fr/image.ashx?id=2981840&use=l&cat=p&typeid=i","cat":285189},{"id":1165,"n":"Bâtonnets Surimi Pêche Océan MSC - x30 - 500g","p":2.74,"u":"5,48 €/KG","img":"https://fd13-photos.leclercdrive.fr/image.ashx?id=2981864&use=l&cat=p&typeid=i","cat":285189},{"id":1166,"n":"Miettes de surimi Pêche Océan MSC - 180g","p":1.64,"u":"9,11 €/KG","img":"https://fd13-photos.leclercdrive.fr/image.ashx?id=2981861&use=l&cat=p&typeid=i","cat":285189},{"id":1175,"n":"Pizza Cuite sur pierre Turini Saumon crevettes - 400g","p":2.25,"u":"5,63 €/KG","img":"https://fd13-photos.leclercdrive.fr/image.ashx?id=2815217&use=l&cat=p&typeid=i","cat":284256},{"id":1178,"n":"Pizza Cuite sur pierre Volpone  Bolognaise - 400g","p":2.0,"u":"5,00 €/KG","img":"https://fd13-photos.leclercdrive.fr/image.ashx?id=2815208&use=l&cat=p&typeid=i","cat":284256},{"id":1179,"n":"Pizza Royale Turini Cuite au feu de bois - 440g","p":2.15,"u":"4,89 €/KG","img":"https://fd13-photos.leclercdrive.fr/image.ashx?id=2815199&use=l&cat=p&typeid=i","cat":284256},{"id":1180,"n":"Quiche Lorraine Côté Table 400g","p":2.49,"u":"6,23 €/KG","img":"https://fd13-photos.leclercdrive.fr/image.ashx?id=2390299&use=l&cat=p&typeid=i","cat":284257},{"id":1181,"n":"Tarte aux poireaux Côté Table - 400g","p":2.55,"u":"6,38 €/KG","img":"https://fd13-photos.leclercdrive.fr/image.ashx?id=2791710&use=l&cat=p&typeid=i","cat":284257},{"id":1182,"n":"Crêpes Côté Table Jambon fromage x6 - 300g","p":1.99,"u":"6,63 €/KG","img":"https://fd13-photos.leclercdrive.fr/image.ashx?id=2932402&use=l&cat=p&typeid=i","cat":319776},{"id":1183,"n":"Crêpes Côté Table Jambon fromage x20 1kg","p":3.89,"u":"3,89 €/KG","img":"https://fd13-photos.leclercdrive.fr/image.ashx?id=2932405&use=l&cat=p&typeid=i","cat":319776},{"id":1185,"n":"Steaks hachés Charal Pur Bœuf 15% MG 10x100g - 1kg","p":13.95,"u":"13,95 €/KG","img":"https://fd13-photos.leclercdrive.fr/image.ashx?id=2659300&use=l&cat=p&typeid=i","cat":319778},{"id":1186,"n":"Haché Extra Moelleux Charal 10x100g - 1kg","p":11.5,"u":"11,50 €/KG","img":"https://fd13-photos.leclercdrive.fr/image.ashx?id=2731735&use=l&cat=p&typeid=i","cat":319778},{"id":1187,"n":"Haché à l'oignon Charal 10x100g - 1kg","p":8.42,"u":"8,42 €/KG","img":"https://fd13-photos.leclercdrive.fr/image.ashx?id=2741940&use=l&cat=p&typeid=i","cat":319778},{"id":1191,"n":"Poisson Bordelaise Pêche Océan MSC - 400g","p":2.99,"u":"7,48 €/KG","img":"https://fd13-photos.leclercdrive.fr/image.ashx?id=2930081&use=l&cat=p&typeid=i","cat":319788},{"id":1192,"n":"Colin d'Alaska MSC Pêche Océan À l'oseille x2 - 400g","p":3.15,"u":"7,88 €/KG","img":"https://fd13-photos.leclercdrive.fr/image.ashx?id=2930099&use=l&cat=p&typeid=i","cat":319786},{"id":1193,"n":"Pané colin d'Alaska Pêche Océan x15 bâtonnets - MSC - 450g","p":2.27,"u":"5,04 €/KG","img":"https://fd13-photos.leclercdrive.fr/image.ashx?id=1682702&use=l&cat=p&typeid=i","cat":319788},{"id":1194,"n":"Calamars Pêche Océan A la romaine 40/60 - 500g","p":4.45,"u":"8,90 €/KG","img":"https://fd13-photos.leclercdrive.fr/image.ashx?id=625137&use=l&cat=p&typeid=i","cat":319788},{"id":1196,"n":"Coquilles Saint-Jacques Coté Table - 4x90g","p":4.79,"u":"13,31 €/KG","img":"https://fd13-photos.leclercdrive.fr/image.ashx?id=2625071&use=l&cat=p&typeid=i","cat":319775},{"id":1197,"n":"Paëlla royale Côté Table Fruits de mer poulet 1kg","p":4.07,"u":"4,07 €/KG","img":"https://fd13-photos.leclercdrive.fr/image.ashx?id=2663353&use=l&cat=p&typeid=i","cat":284254},{"id":1200,"n":"Poêlée paysanne Côté Table 900g","p":4.3,"u":"4,78 €/KG","img":"https://fd13-photos.leclercdrive.fr/image.ashx?id=2471670&use=l&cat=p&typeid=i","cat":319823},{"id":1201,"n":"Poêlée campagnarde Côté Table 900g","p":4.64,"u":"5,16 €/KG","img":"https://fd13-photos.leclercdrive.fr/image.ashx?id=2647414&use=l&cat=p&typeid=i","cat":319823},{"id":1202,"n":"Pâtes Carbonara Côté Table 900g","p":4.18,"u":"4,64 €/KG","img":"https://fd13-photos.leclercdrive.fr/image.ashx?id=2647411&use=l&cat=p&typeid=i","cat":284254},{"id":1211,"n":"Choux fleurs Notre Jardin Fleurettes 1kg","p":1.69,"u":"1,69 €/KG","img":"https://fd13-photos.leclercdrive.fr/image.ashx?id=1648806&use=l&cat=p&typeid=i","cat":319805},{"id":1212,"n":"Choux de Bruxelles Notre Jardin 1kg","p":1.95,"u":"1,95 €/KG","img":"https://fd13-photos.leclercdrive.fr/image.ashx?id=2873012&use=l&cat=p&typeid=i","cat":319805},{"id":1214,"n":"Haricots verts Notre jardin Très fins 1kg","p":1.82,"u":"1,82 €/KG","img":"https://fd13-photos.leclercdrive.fr/image.ashx?id=1655736&use=l&cat=p&typeid=i","cat":319805},{"id":1215,"n":"Haricots verts Notre Jardin Extra fins 1kg","p":1.85,"u":"1,85 €/KG","img":"https://fd13-photos.leclercdrive.fr/image.ashx?id=2873048&use=l&cat=p&typeid=i","cat":319805},{"id":1216,"n":"Courgettes Notre Jardin Rondelles 1kg","p":1.29,"u":"1,29 €/KG","img":"https://fd13-photos.leclercdrive.fr/image.ashx?id=2302450&use=l&cat=p&typeid=i","cat":319805},{"id":1217,"n":"Epinards Notre Jardin Branches - 1kg","p":1.3,"u":"1,30 €/KG","img":"https://fd13-photos.leclercdrive.fr/image.ashx?id=2909870&use=l&cat=p&typeid=i","cat":319805},{"id":1218,"n":"Epinards Notre Jardin Hâchés - 1kg","p":1.34,"u":"1,34 €/KG","img":"https://fd13-photos.leclercdrive.fr/image.ashx?id=2302435&use=l&cat=p&typeid=i","cat":319805},{"id":1219,"n":"Epinards Notre Jardin Hachés A la crème fraîche - 1kg","p":1.67,"u":"1,67 €/KG","img":"https://fd13-photos.leclercdrive.fr/image.ashx?id=2916656&use=l&cat=p&typeid=i","cat":319805},{"id":1220,"n":"Carottes Notre Jardin En rondelles 1kg","p":1.09,"u":"1,09 €/KG","img":"https://fd13-photos.leclercdrive.fr/image.ashx?id=2900070&use=l&cat=p&typeid=i","cat":319805},{"id":1222,"n":"Petits pois Notre Jardin Extra fins 1kg","p":1.89,"u":"1,89 €/KG","img":"https://fd13-photos.leclercdrive.fr/image.ashx?id=2873060&use=l&cat=p&typeid=i","cat":319805},{"id":1223,"n":"Champignons Paris Notre jardin Emincés 1kg","p":1.95,"u":"1,95 €/KG","img":"https://fd13-photos.leclercdrive.fr/image.ashx?id=677799&use=l&cat=p&typeid=i","cat":319805},{"id":1225,"n":"Légumes Notre Jardin Pour ratatouille 1kg","p":2.35,"u":"2,35 €/KG","img":"https://fd13-photos.leclercdrive.fr/image.ashx?id=2900058&use=l&cat=p&typeid=i","cat":319823},{"id":1226,"n":"Légumes potage Notre Jardin 1kg","p":1.28,"u":"1,28 €/KG","img":"https://fd13-photos.leclercdrive.fr/image.ashx?id=2916647&use=l&cat=p&typeid=i","cat":319805},{"id":1228,"n":"Poêlée de légumes Notre jardin Champêtre - 1kg","p":2.99,"u":"2,99 €/KG","img":"https://fd13-photos.leclercdrive.fr/image.ashx?id=2404281&use=l&cat=p&typeid=i","cat":319823},{"id":1238,"n":"Pommes rissolées Pom'lisse 1kg","p":1.56,"u":"1,56 €/KG","img":"https://fd13-photos.leclercdrive.fr/image.ashx?id=2704597&use=l&cat=p&typeid=i","cat":319792},{"id":1239,"n":"Frites allumettes Pom'lisse 1kg","p":1.85,"u":"1,85 €/KG","img":"https://fd13-photos.leclercdrive.fr/image.ashx?id=2699378&use=l&cat=p&typeid=i","cat":319791},{"id":1240,"n":"Frites Pom'lisse 2.5 kg","p":4.55,"u":"1,82 €/KG","img":"https://fd13-photos.leclercdrive.fr/image.ashx?id=2699390&use=l&cat=p&typeid=i","cat":319791},{"id":1243,"n":"Frites Pom'lisse Au four - 600g","p":1.15,"u":"1,92 €/KG","img":"https://fd13-photos.leclercdrive.fr/image.ashx?id=2591512&use=l&cat=p&typeid=i","cat":319791},{"id":1244,"n":"Potatoes Pom'lisse Finement épicées - 600g","p":1.16,"u":"1,93 €/KG","img":"https://fd13-photos.leclercdrive.fr/image.ashx?id=2699663&use=l&cat=p&typeid=i","cat":319791},{"id":1245,"n":"Pommes noisettes Pom'lisse 1kg","p":1.88,"u":"1,88 €/KG","img":"https://fd13-photos.leclercdrive.fr/image.ashx?id=2058699&use=l&cat=p&typeid=i","cat":319792},{"id":1246,"n":"Pommes dauphine Pom'lisse 500g","p":1.49,"u":"2,98 €/KG","img":"https://fd13-photos.leclercdrive.fr/image.ashx?id=2699657&use=l&cat=p&typeid=i","cat":319792},{"id":1248,"n":"Frites Pom'lisse 1kg","p":1.87,"u":"1,87 €/KG","img":"https://fd13-photos.leclercdrive.fr/image.ashx?id=2699651&use=l&cat=p&typeid=i","cat":319791},{"id":1251,"n":"Crème glacée Eskiss Vanille de Madagascar - 494g","p":1.65,"u":"3,34 €/KG","img":"https://fd13-photos.leclercdrive.fr/image.ashx?id=2982592&use=l&cat=p&typeid=i","cat":284263},{"id":1252,"n":"Glace Smicy Vanille fraise chocolat - 345g","p":2.41,"u":"6,99 €/KG","img":"https://fd13-photos.leclercdrive.fr/image.ashx?id=2951113&use=l&cat=p&typeid=i","cat":285250},{"id":1335,"n":"Liquide vaisselle Visior Citron - 750ml","p":1.2,"u":"1,60 €/L","img":"https://fd13-photos.leclercdrive.fr/image.ashx?id=1961416&use=l&cat=p&typeid=i","cat":284655},{"id":1336,"n":"Liquide vaisselle Visior Ultra Peaux sensibles 500ml","p":0.64,"u":"1,28 €/L","img":"https://fd13-photos.leclercdrive.fr/image.ashx?id=2951116&use=l&cat=p&typeid=i","cat":284655},{"id":1346,"n":"Eponges Mamison végétales Super absorbantes x3","p":1.17,"u":"0,39 €/P","img":"https://fd13-photos.leclercdrive.fr/image.ashx?id=1078492&use=l&cat=p&typeid=i","cat":284667},{"id":1358,"n":"Nettoyant Gel avec javel Clair 1L","p":1.09,"u":"1,09 €/L","img":"https://fd13-photos.leclercdrive.fr/image.ashx?id=1923478&use=l&cat=p&typeid=i","cat":284907},{"id":1359,"n":"Pastilles javel Clair x48 - 150g","p":1.65,"u":"11,00 €/KG","img":"https://fd13-photos.leclercdrive.fr/image.ashx?id=2631426&use=l&cat=p&typeid=i","cat":284661},{"id":1360,"n":"Eau de Javel Clair Parfum Eucalyptus - 2L","p":0.72,"u":"0,36 €/L","img":"https://fd13-photos.leclercdrive.fr/image.ashx?id=800843&use=l&cat=p&typeid=i","cat":284661},{"id":1376,"n":"Lingettes nettoyantes Clair Sols muguet larges x15","p":1.14,"img":"https://fd13-photos.leclercdrive.fr/image.ashx?id=1733521&use=l&cat=p&typeid=i","cat":325364},{"id":1381,"n":"Dépoussiérant Clair meuble Cire 300ml","p":1.33,"u":"4,43 €/L","img":"https://fd13-photos.leclercdrive.fr/image.ashx?id=2819256&use=l&cat=p&typeid=i","cat":325364},{"id":1392,"n":"Blocs wc eau bleue Syphon x2 80g","p":1.12,"u":"14,00 €/KG","img":"https://fd13-photos.leclercdrive.fr/image.ashx?id=2302537&use=l&cat=p&typeid=i","cat":284662},{"id":1400,"n":"Papier aluminium Elembal 20m","p":2.62,"img":"https://fd13-photos.leclercdrive.fr/image.ashx?id=2492252&use=l&cat=p&typeid=i","cat":334134},{"id":1401,"n":"Barquettes aluminium Elembal x10 0.5L","p":2.56,"img":"https://fd13-photos.leclercdrive.fr/image.ashx?id=1733306&use=l&cat=p&typeid=i","cat":334134},{"id":1402,"n":"Barquettes aluminium Elembal Plates 1L","p":4.4,"img":"https://fd13-photos.leclercdrive.fr/image.ashx?id=2966647&use=l&cat=p&typeid=i","cat":334134},{"id":1407,"n":"Film étirable Elembal 30m","p":1.2,"img":"https://fd13-photos.leclercdrive.fr/image.ashx?id=2075182&use=l&cat=p&typeid=i","cat":334134},{"id":1412,"n":"Sacs congélation Elembal Grand modèle x25","p":1.08,"img":"https://fd13-photos.leclercdrive.fr/image.ashx?id=2169147&use=l&cat=p&typeid=i","cat":334134},{"id":1413,"n":"Sacs congélation Elembal Petit modèle x50","p":1.1,"img":"https://fd13-photos.leclercdrive.fr/image.ashx?id=2158155&use=l&cat=p&typeid=i","cat":334134},{"id":1414,"n":"Sacs poubelle 30L Elembal à liens classiques - x25","p":1.26,"u":"0,05 €/P","img":"https://fd13-photos.leclercdrive.fr/image.ashx?id=2958699&use=l&cat=p&typeid=i","cat":285168},{"id":1415,"n":"Sacs poubelle 130L Elembal à liens classiques - x10","p":4.65,"u":"0,47 €/P","img":"https://fd13-photos.leclercdrive.fr/image.ashx?id=2791743&use=l&cat=p&typeid=i","cat":285168},{"id":1416,"n":"Sacs poubelle 100L Elembal Poignées coulissantes - x10","p":1.62,"u":"0,16 €/P","img":"https://fd13-photos.leclercdrive.fr/image.ashx?id=1959148&use=l&cat=p&typeid=i","cat":285168},{"id":1417,"n":"Sacs poubelle 100L Elembal à liens classiques - x10","p":1.54,"u":"0,15 €/P","img":"https://fd13-photos.leclercdrive.fr/image.ashx?id=1959151&use=l&cat=p&typeid=i","cat":285168},{"id":1418,"n":"Sacs poubelle 50L Elembal à liens classiques - x15","p":2.19,"u":"0,15 €/P","img":"https://fd13-photos.leclercdrive.fr/image.ashx?id=2958693&use=l&cat=p&typeid=i","cat":285168},{"id":1419,"n":"Sacs poubelle Elembal 20L x20","p":1.2,"u":"0,06 €/P","img":"https://fd13-photos.leclercdrive.fr/image.ashx?id=2100551&use=l&cat=p&typeid=i","cat":285168},{"id":1420,"n":"Sacs poubelle Elembal 20L A poignées - x30","p":2.08,"u":"0,07 €/P","img":"https://fd13-photos.leclercdrive.fr/image.ashx?id=2791674&use=l&cat=p&typeid=i","cat":285168},{"id":1421,"n":"Sacs poubelle Elembal 30L A poignées - x20","p":2.49,"u":"0,12 €/P","img":"https://fd13-photos.leclercdrive.fr/image.ashx?id=2791677&use=l&cat=p&typeid=i","cat":285168},{"id":1423,"n":"Sacs poubelle 50L Elembal Poignées coulissantes - x15","p":2.31,"u":"0,15 €/P","img":"https://fd13-photos.leclercdrive.fr/image.ashx?id=2958696&use=l&cat=p&typeid=i","cat":285168},{"id":1427,"n":"Gel douche Manava Pétales d'Orient - 250ml","p":1.15,"u":"4,60 €/L","img":"https://fd13-photos.leclercdrive.fr/image.ashx?id=2494214&use=l&cat=p&typeid=i","cat":284594},{"id":1428,"n":"Lait de douche Manava Coeur de vanille - 250ml","p":0.94,"u":"3,76 €/L","img":"https://fd13-photos.leclercdrive.fr/image.ashx?id=2456141&use=l&cat=p&typeid=i","cat":284594},{"id":1429,"n":"Gel douche Manava Boisé - 250ml","p":1.15,"u":"4,60 €/L","img":"https://fd13-photos.leclercdrive.fr/image.ashx?id=2040284&use=l&cat=p&typeid=i","cat":284594},{"id":1433,"n":"Recharge savon mains Manava Crème perles d'oranger - 250ml","p":0.68,"u":"2,72 €/L","img":"https://fd13-photos.leclercdrive.fr/image.ashx?id=2935483&use=l&cat=p&typeid=i","cat":284597},{"id":1435,"n":"Recharge savon mains Manava Crème Amande - 250ml","p":0.57,"u":"2,28 €/L","img":"https://fd13-photos.leclercdrive.fr/image.ashx?id=2935474&use=l&cat=p&typeid=i","cat":284597},{"id":1436,"n":"Lait de douche Manava Amande douce - 250ml","p":0.94,"u":"3,76 €/L","img":"https://fd13-photos.leclercdrive.fr/image.ashx?id=2771346&use=l&cat=p&typeid=i","cat":284594},{"id":1437,"n":"Lait de douche Manava Lait de coco - 250ml","p":0.94,"u":"3,76 €/L","img":"https://fd13-photos.leclercdrive.fr/image.ashx?id=2443176&use=l&cat=p&typeid=i","cat":284594},{"id":1441,"n":"Cire Chaude au Sucre Pure Veet Vanille 98% naturelle 250ml","p":4.64,"u":"18,56 €/L","img":"https://fd13-photos.leclercdrive.fr/image.ashx?id=2960684&use=l&cat=p&typeid=i","cat":325351},{"id":1449,"n":"Déodorant Manava fraîcheur Vanille glacée spray 200ml","p":1.39,"u":"6,95 €/L","img":"https://fd13-photos.leclercdrive.fr/image.ashx?id=1948547&use=l&cat=p&typeid=i","cat":284595},{"id":1473,"n":"Gel à raser Carré Homme Hydratant 200ml","p":1.69,"u":"8,45 €/L","img":"https://fd13-photos.leclercdrive.fr/image.ashx?id=2771582&use=l&cat=p&typeid=i","cat":284617},{"id":1474,"n":"Rasoirs jetables Carré Homme 2 lames - x10","p":1.5,"u":"0,15 €/P","img":"https://fd13-photos.leclercdrive.fr/image.ashx?id=2042954&use=l&cat=p&typeid=i","cat":284616},{"id":1481,"n":"Dentifrice Dentamyl Protection caries - 75ml","p":0.73,"u":"9,73 €/L","img":"https://fd13-photos.leclercdrive.fr/image.ashx?id=2699129&use=l&cat=p&typeid=i","cat":284612},{"id":1482,"n":"Dentifrice enfant Dentamyl Fraise - 3-6 ans - 50ml","p":0.89,"u":"17,80 €/L","img":"https://fd13-photos.leclercdrive.fr/image.ashx?id=2075188&use=l&cat=p&typeid=i","cat":288898},{"id":1486,"n":"Brosse à dents enfant Dentamyl 2-6 ans x1","p":0.51,"img":"https://fd13-photos.leclercdrive.fr/image.ashx?id=1980485&use=l&cat=p&typeid=i","cat":288897},{"id":1627,"n":"Lingettes bébé Mots d'Enfants Ultra-douces - x72","p":1.75,"u":"0,02 €/P","img":"https://fd13-photos.leclercdrive.fr/image.ashx?id=2856447&use=l&cat=p&typeid=i","cat":284738},{"id":1629,"n":"Lingettes bébé Mots d'Enfants Sensitive - x63","p":1.32,"u":"0,02 €/P","img":"https://fd13-photos.leclercdrive.fr/image.ashx?id=2171349&use=l&cat=p&typeid=i","cat":284738},{"id":1640,"n":"Protection incontinence Chorys Rectangulaire - x24","p":4.62,"u":"0,19 €/P","img":"https://fd13-photos.leclercdrive.fr/image.ashx?id=2761980&use=l&cat=p&typeid=i","cat":284628},{"id":1653,"n":"Enveloppes adhésives Esquisse 11.4x16.2cm 80g - x50","p":1.39,"u":"0,03 €/P","img":"https://fd13-photos.leclercdrive.fr/image.ashx?id=1701963&use=l&cat=p&typeid=i","cat":284697},{"id":1654,"n":"Enveloppes adhésives Esquisse x50 11x22cm 80g","p":1.69,"u":"21,13 €/KG","img":"https://fd13-photos.leclercdrive.fr/image.ashx?id=2943181&use=l&cat=p&typeid=i","cat":284697},{"id":1655,"n":"Enveloppes adhésives Esquisse x100 11x22cm 80g","p":2.69,"img":"https://fd13-photos.leclercdrive.fr/image.ashx?id=2943184&use=l&cat=p&typeid=i","cat":284697},{"id":1656,"n":"Pochettes kraft Esquisse Adhésives 22.9x32.4cm x25","p":2.3,"img":"https://fd13-photos.leclercdrive.fr/image.ashx?id=1699690&use=l&cat=p&typeid=i","cat":284697},{"id":1657,"n":"Pochettes kraft Esquisse Adhésives 16.2x22.9cm x25","p":1.99,"img":"https://fd13-photos.leclercdrive.fr/image.ashx?id=1698655&use=l&cat=p&typeid=i","cat":284697},{"id":1662,"n":"Feuilles simples Esquisse x200 - Seyes - 21x29.7cm","p":1.79,"img":"https://fd13-photos.leclercdrive.fr/image.ashx?id=2131194&use=l&cat=p&typeid=i","cat":284697},{"id":1665,"n":"Feuilles blanches Esquisse A4 90g - 500 feuilles","p":5.9,"img":"https://fd13-photos.leclercdrive.fr/image.ashx?id=2943193&use=l&cat=p&typeid=i","cat":284697},{"id":1666,"n":"Feuilles blanches Esquisse A4 80g - 500 feuilles","p":4.69,"img":"https://fd13-photos.leclercdrive.fr/image.ashx?id=2943196&use=l&cat=p&typeid=i","cat":284697},{"id":1683,"n":"Piles alcalines Foxter AAA/LR3 1,5V - x4","p":0.98,"img":"https://fd13-photos.leclercdrive.fr/image.ashx?id=2162150&use=l&cat=p&typeid=i","cat":300572},{"id":1684,"n":"Piles Foxter C/LR14 1.5V - x2","p":1.69,"img":"https://fd13-photos.leclercdrive.fr/image.ashx?id=2162168&use=l&cat=p&typeid=i","cat":300572},{"id":1685,"n":"Piles alcalines Foxter D/LR20 - x2","p":1.96,"img":"https://fd13-photos.leclercdrive.fr/image.ashx?id=2162171&use=l&cat=p&typeid=i","cat":300572},{"id":1686,"n":"Pile Foxter 9V/6LR61 - x1","p":1.99,"img":"https://fd13-photos.leclercdrive.fr/image.ashx?id=2162159&use=l&cat=p&typeid=i","cat":300572},{"id":1687,"n":"Pile alcaline Foxter 3LR12 4,5V - x1","p":2.25,"img":"https://fd13-photos.leclercdrive.fr/image.ashx?id=2162177&use=l&cat=p&typeid=i","cat":300572},{"id":1729,"n":"Croquettes chiens Lydog poulet Petit chien - Poulet - 1kg","p":2.92,"u":"2,92 €/KG","img":"https://fd13-photos.leclercdrive.fr/image.ashx?id=1669979&use=l&cat=p&typeid=i","cat":294526},{"id":1735,"n":"Croquettes chiens Tous Mes Amis Spécial Forme - 10kg","p":12.25,"u":"1,23 €/KG","img":"https://fd13-photos.leclercdrive.fr/image.ashx?id=1972608&use=l&cat=p&typeid=i","cat":284672},{"id":1751,"n":"Croquettes chat Purina One Adulte - Saumon/Céréales - 450g","p":2.54,"u":"5,64 €/KG","img":"https://fd13-photos.leclercdrive.fr/image.ashx?id=2683220&use=l&cat=p&typeid=i","cat":284680},{"id":1753,"n":"Croquettes chat Purina One Adulte - Saumon/Céréales -1.5kg","p":6.62,"u":"4,41 €/KG","img":"https://fd13-photos.leclercdrive.fr/image.ashx?id=2902268&use=l&cat=p&typeid=i","cat":284680},{"id":1754,"n":"Croquettes chat Purina One Adulte - Poulet/Céréales - 3kg","p":12.04,"u":"4,01 €/KG","img":"https://fd13-photos.leclercdrive.fr/image.ashx?id=2432007&use=l&cat=p&typeid=i","cat":284680},{"id":1756,"n":"Emincés en sauce Tous mes amis pour chats -  800g","p":1.45,"u":"1,81 €/KG","img":"https://fd13-photos.leclercdrive.fr/image.ashx?id=2606798&use=l&cat=p&typeid=i","cat":285601},{"id":1762,"n":"Croquettes chat Tous mes amis Poulet légumes - 4kg","p":5.76,"u":"1,44 €/KG","img":"https://fd13-photos.leclercdrive.fr/image.ashx?id=2301406&use=l&cat=p&typeid=i","cat":284680},{"id":1763,"n":"Croquettes chat Tous mes amis Boeuf Poulet Légumes - 2kg","p":2.79,"u":"1,40 €/KG","img":"https://fd13-photos.leclercdrive.fr/image.ashx?id=2739724&use=l&cat=p&typeid=i","cat":284680},{"id":1764,"n":"Croquettes chat Tous mes amis Poulet dinde canard olive - 2kg","p":3.62,"u":"1,81 €/KG","img":"https://fd13-photos.leclercdrive.fr/image.ashx?id=2301400&use=l&cat=p&typeid=i","cat":284680},{"id":1765,"n":"Croquettes chat Tous mes amis Saumon & Légumes - 2kg","p":2.79,"u":"1,40 €/KG","img":"https://fd13-photos.leclercdrive.fr/image.ashx?id=2301394&use=l&cat=p&typeid=i","cat":284680},{"id":1772,"n":"Sachet repas chat Tous mes amis Poissons en gelée - 12x100g","p":3.65,"u":"3,04 €/KG","img":"https://fd13-photos.leclercdrive.fr/image.ashx?id=2027592&use=l&cat=p&typeid=i","cat":285286},{"id":1775,"n":"Litière minérale Catsan Hygiène plus pour chat - 10L","p":5.19,"u":"0,52 €/L","img":"https://fd13-photos.leclercdrive.fr/image.ashx?id=2692677&use=l&cat=p&typeid=i","cat":284683},{"id":1786,"n":"Blocs WC Syphon Activ' effect Fraîcheur marine x3","p":1.22,"u":"0,41 €/P","img":"https://fd13-photos.leclercdrive.fr/image.ashx?id=2317294&use=l&cat=p&typeid=i","cat":284662},{"id":1795,"n":"Lingettes nettoyantes Clair Multi-surfaces citron x50","p":1.38,"u":"0,03 €/P","img":"https://fd13-photos.leclercdrive.fr/image.ashx?id=2379834&use=l&cat=p&typeid=i","cat":325358},{"id":1798,"n":"Eponges Multi-usages Mamison grattantes - x3","p":0.89,"u":"0,30 €/P","img":"https://fd13-photos.leclercdrive.fr/image.ashx?id=2202341&use=l&cat=p&typeid=i","cat":284667},{"id":1799,"n":"Haricots verts Notre Jardin Très fins - 3x110g","p":1.83,"u":"5,55 €/KG","img":"https://fd13-photos.leclercdrive.fr/image.ashx?id=1759517&use=l&cat=p&typeid=i","cat":312606},{"id":1800,"n":"Lingettes nettoyantes Clair Muguet x50","p":1.72,"u":"0,03 €/P","img":"https://fd13-photos.leclercdrive.fr/image.ashx?id=2466217&use=l&cat=p&typeid=i","cat":325358},{"id":1801,"n":"Boules inox Mamison x2","p":0.44,"img":"https://fd13-photos.leclercdrive.fr/image.ashx?id=555602&use=l&cat=p&typeid=i","cat":284667},{"id":1802,"n":"Insecticide Insectivor cafards Fourmis araignées 400ml","p":2.49,"u":"6,23 €/L","img":"https://fd13-photos.leclercdrive.fr/image.ashx?id=2843039&use=l&cat=p&typeid=i","cat":298368},{"id":1804,"n":"Asperges vertes miniatures  Notre Jardin - 100g","p":1.49,"u":"14,90 €/KG","img":"https://fd13-photos.leclercdrive.fr/image.ashx?id=2591515&use=l&cat=p&typeid=i","cat":312611},{"id":1806,"n":"Insecticide Insectivor guêpes Mouches moustiques - 400ml","p":2.22,"u":"5,55 €/L","img":"https://fd13-photos.leclercdrive.fr/image.ashx?id=1875479&use=l&cat=p&typeid=i","cat":298368},{"id":1810,"n":"Gel nettoyant wc Syphon 750ml","p":1.03,"u":"1,37 €/L","img":"https://fd13-photos.leclercdrive.fr/image.ashx?id=2558775&use=l&cat=p&typeid=i","cat":284662},{"id":1812,"n":"Gel nettoyant wc Syphon 750ml","p":0.66,"u":"0,88 €/L","img":"https://fd13-photos.leclercdrive.fr/image.ashx?id=2067935&use=l&cat=p&typeid=i","cat":284662},{"id":1816,"n":"Déboucheur canalisations Syphon Gel 1L","p":1.39,"u":"1,39 €/L","img":"https://fd13-photos.leclercdrive.fr/image.ashx?id=2202347&use=l&cat=p&typeid=i","cat":284908},{"id":1821,"n":"Confiture Bonne Maman Figues violettes - 370g","p":1.9,"u":"5,14 €/KG","img":"https://fd13-photos.leclercdrive.fr/image.ashx?id=2547477&use=l&cat=p&typeid=i","cat":284480},{"id":1822,"n":"Confiture Bonne Maman Myrtilles - 370g","p":2.99,"u":"8,08 €/KG","img":"https://fd13-photos.leclercdrive.fr/image.ashx?id=2132361&use=l&cat=p&typeid=i","cat":284480},{"id":1825,"n":"Confiture Bonne Maman Cerises griottes - 370g","p":2.79,"u":"7,54 €/KG","img":"https://fd13-photos.leclercdrive.fr/image.ashx?id=2474981&use=l&cat=p&typeid=i","cat":284480},{"id":1828,"n":"Confiture Bonne Maman Framboises - 370g","p":2.54,"u":"6,86 €/KG","img":"https://fd13-photos.leclercdrive.fr/image.ashx?id=2544807&use=l&cat=p&typeid=i","cat":284480},{"id":1833,"n":"Confiture Douceur du Verger Fraises - 340g","p":1.05,"u":"3,09 €/KG","img":"https://fd13-photos.leclercdrive.fr/image.ashx?id=2965428&use=l&cat=p&typeid=i","cat":284480},{"id":1835,"n":"Confiture Douceur du Verger Orange 340g","p":0.99,"u":"2,83 €/KG","img":"https://fd13-photos.leclercdrive.fr/image.ashx?id=2965434&use=l&cat=p&typeid=i","cat":284480},{"id":1845,"n":"Barres de céréales Frosties Kellogg's - 6x25g","p":1.89,"u":"12,60 €/KG","img":"https://fd13-photos.leclercdrive.fr/image.ashx?id=2300062&use=l&cat=p&typeid=i","cat":285869},{"id":1846,"n":"Compote Douceur du Verger Gourdes Pomme Fraise - 4x90g","p":1.39,"u":"3,86 €/KG","img":"https://fd13-photos.leclercdrive.fr/image.ashx?id=2837024&use=l&cat=p&typeid=i","cat":284508},{"id":1847,"n":"Barres céréales Fitness Nestlé Chocolat - 6x23.5g","p":1.84,"u":"13,05 €/KG","img":"https://fd13-photos.leclercdrive.fr/image.ashx?id=2947009&use=l&cat=p&typeid=i","cat":285869},{"id":1848,"n":"Chocolat au lait Tablette d'Or Lait Noisettes - 3x100g","p":3.64,"u":"12,13 €/KG","img":"https://fd13-photos.leclercdrive.fr/image.ashx?id=2283975&use=l&cat=p&typeid=i","cat":284497},{"id":1851,"n":"Chocolat au lait Tablette d'Or 3x100g","p":3.13,"u":"10,43 €/KG","img":"https://fd13-photos.leclercdrive.fr/image.ashx?id=2227998&use=l&cat=p&typeid=i","cat":284497},{"id":1861,"n":"Levure chimique Tablier Blanc x6 sachets","p":0.26,"u":"3,94 €/KG","img":"https://fd13-photos.leclercdrive.fr/image.ashx?id=2487437&use=l&cat=p&typeid=i","cat":294686},{"id":1865,"n":"Chocolat Tablette d'Or noir Ecorces d'orange 200g","p":2.45,"u":"12,25 €/KG","img":"https://fd13-photos.leclercdrive.fr/image.ashx?id=2049217&use=l&cat=p&typeid=i","cat":284956},{"id":1867,"n":"Chocolat au lait Tablette d'Or Noisettes entières - 200g","p":2.31,"u":"11,55 €/KG","img":"https://fd13-photos.leclercdrive.fr/image.ashx?id=1993047&use=l&cat=p&typeid=i","cat":284497},{"id":1868,"n":"Chocolat blanc Tablette d'Or Noisettes entières - 200g","p":2.45,"u":"12,25 €/KG","img":"https://fd13-photos.leclercdrive.fr/image.ashx?id=1961658&use=l&cat=p&typeid=i","cat":284957},{"id":1870,"n":"Tablette de chocolat Equador Noir 85% cacao - 100g","p":1.53,"u":"15,30 €/KG","img":"https://fd13-photos.leclercdrive.fr/image.ashx?id=2368512&use=l&cat=p&typeid=i","cat":284956},{"id":1871,"n":"Céréales mini-pack Kellogg's Multi-variétés - 215g","p":2.77,"u":"12,88 €/KG","img":"https://fd13-photos.leclercdrive.fr/image.ashx?id=3014467&use=l&cat=p&typeid=i","cat":309513},{"id":1872,"n":"Pâte à tartiner Nustikao Gressins 3x60g","p":1.8,"u":"10,00 €/KG","img":"https://fd13-photos.leclercdrive.fr/image.ashx?id=2440703&use=l&cat=p&typeid=i","cat":284488},{"id":1873,"n":"Petits pains grillés Epi d'Or Complet - 225g","p":0.89,"u":"3,96 €/KG","img":"https://fd13-photos.leclercdrive.fr/image.ashx?id=2448861&use=l&cat=p&typeid=i","cat":284479},{"id":1878,"n":"Compote Douceur du Verger Coupelle pomme pêche - 4x100g","p":1.19,"u":"2,98 €/KG","img":"https://fd13-photos.leclercdrive.fr/image.ashx?id=2663464&use=l&cat=p&typeid=i","cat":284508},{"id":1879,"n":"Compote Douceur du Verger Coupelle pomme poire - 4x100g","p":1.17,"u":"2,93 €/KG","img":"https://fd13-photos.leclercdrive.fr/image.ashx?id=2663470&use=l&cat=p&typeid=i","cat":284508},{"id":1883,"n":"Compote Douceur du Verger Gourdes Pomme Banane - 4x90g","p":1.59,"u":"4,42 €/KG","img":"https://fd13-photos.leclercdrive.fr/image.ashx?id=2837027&use=l&cat=p&typeid=i","cat":284508},{"id":1885,"n":"Haricots verts Notre Jardin Extra fins - 440g","p":2.58,"u":"5,86 €/KG","img":"https://fd13-photos.leclercdrive.fr/image.ashx?id=1657501&use=l&cat=p&typeid=i","cat":312606},{"id":1886,"n":"Petits pois Notre Jardin A l'étuvée - Extra fins - 560g","p":1.29,"u":"2,30 €/KG","img":"https://fd13-photos.leclercdrive.fr/image.ashx?id=2526267&use=l&cat=p&typeid=i","cat":312607},{"id":1887,"n":"Champignons Paris Notre Jardin Pieds et morceaux - 3x115g","p":1.99,"u":"5,77 €/KG","img":"https://fd13-photos.leclercdrive.fr/image.ashx?id=2991115&use=l&cat=p&typeid=i","cat":312610},{"id":1888,"n":"Flageolets verts Notre Jardin Extra fins - 530g","p":1.29,"u":"2,43 €/KG","img":"https://fd13-photos.leclercdrive.fr/image.ashx?id=2468819&use=l&cat=p&typeid=i","cat":312606},{"id":1889,"n":"Macédoine légumes Notre Jardin 3x130g","p":1.75,"u":"4,49 €/KG","img":"https://fd13-photos.leclercdrive.fr/image.ashx?id=2537349&use=l&cat=p&typeid=i","cat":312612},{"id":1890,"n":"Choux Bruxelles Notre Jardin 265g","p":1.29,"u":"4,87 €/KG","img":"https://fd13-photos.leclercdrive.fr/image.ashx?id=2468816&use=l&cat=p&typeid=i","cat":312612},{"id":1895,"n":"Foie de morue Connétable MSC - Fumé - 121g","p":2.03,"u":"16,78 €/KG","img":"https://fd13-photos.leclercdrive.fr/image.ashx?id=2804454&use=l&cat=p&typeid=i","cat":305147},{"id":1897,"n":"Pâté NRT Campagne porc breton - 200g","p":1.91,"u":"9,55 €/KG","img":"https://fd13-photos.leclercdrive.fr/image.ashx?id=2560494&use=l&cat=p&typeid=i","cat":305149},{"id":1898,"n":"Cassoulet Côté Table 840g","p":2.19,"u":"2,61 €/KG","img":"https://fd13-photos.leclercdrive.fr/image.ashx?id=2977096&use=l&cat=p&typeid=i","cat":284440},{"id":1901,"n":"Taboulé Côté Table Etui 730g","p":1.87,"u":"2,56 €/KG","img":"https://fd13-photos.leclercdrive.fr/image.ashx?id=1960002&use=l&cat=p&typeid=i","cat":325094},{"id":1902,"n":"Chips à l'ancienne Pom'Lisse Nature - 150g","p":1.04,"u":"6,93 €/KG","img":"https://fd13-photos.leclercdrive.fr/image.ashx?id=2724829&use=l&cat=p&typeid=i","cat":284447},{"id":1903,"n":"Saucisses cocktail Tokapi  240g","p":1.95,"u":"8,13 €/KG","img":"https://fd13-photos.leclercdrive.fr/image.ashx?id=2943614&use=l&cat=p&typeid=i","cat":284450},{"id":1906,"n":"Huile de tournesol Lesieur  1L","p":2.68,"u":"2,68 €/L","img":"https://fd13-photos.leclercdrive.fr/image.ashx?id=2916839&use=l&cat=p&typeid=i","cat":284453},{"id":1909,"n":"Olives vertes Rustica Entières - 200g","p":1.24,"u":"6,20 €/KG","img":"https://fd13-photos.leclercdrive.fr/image.ashx?id=2499073&use=l&cat=p&typeid=i","cat":284458},{"id":1913,"n":"Pâtes Barilla Coquillettes - 500g","p":0.97,"u":"1,94 €/KG","img":"https://fd13-photos.leclercdrive.fr/image.ashx?id=2392218&use=l&cat=p&typeid=i","cat":284427},{"id":1920,"n":"Boisson végétale Bio Bjorg Soja Douceur - 1L","p":1.82,"u":"1,82 €/L","img":"https://fd13-photos.leclercdrive.fr/image.ashx?id=2967052&use=l&cat=p&typeid=i","cat":316067},{"id":1925,"n":"Petits beurre P'tit Déli x24 - 200g","p":0.95,"u":"4,75 €/KG","img":"https://fd13-photos.leclercdrive.fr/image.ashx?id=1898886&use=l&cat=p&typeid=i","cat":284487},{"id":1935,"n":"Café Soluble Nescafé Sélection - 200g","p":6.15,"u":"30,75 €/KG","img":"https://fd13-photos.leclercdrive.fr/image.ashx?id=2968847&use=l&cat=p&typeid=i","cat":284843},{"id":1939,"n":"Infusion Tiséa verveine menthe x25","p":0.92,"u":"23,00 €/KG","img":"https://fd13-photos.leclercdrive.fr/image.ashx?id=2441102&use=l&cat=p&typeid=i","cat":293234},{"id":1942,"n":"Chocolat en poudre Nesquik Boîte 1kg","p":6.39,"u":"6,39 €/KG","img":"https://fd13-photos.leclercdrive.fr/image.ashx?id=2493805&use=l&cat=p&typeid=i","cat":293235},{"id":1943,"n":"Confiture Bonne Maman Fraises - 750g","p":3.51,"u":"4,68 €/KG","img":"https://fd13-photos.leclercdrive.fr/image.ashx?id=2906073&use=l&cat=p&typeid=i","cat":284480},{"id":1944,"n":"Miel Nid d'Abeille A tartiner - 250 g","p":1.91,"u":"7,64 €/KG","img":"https://fd13-photos.leclercdrive.fr/image.ashx?id=2549376&use=l&cat=p&typeid=i","cat":287643},{"id":1953,"n":"Sucre n°4 Saint Louis Morceaux - 1kg","p":1.95,"u":"1,95 €/KG","img":"https://fd13-photos.leclercdrive.fr/image.ashx?id=2624236&use=l&cat=p&typeid=i","cat":284502},{"id":1955,"n":"Farine de blé T45 Tablier Blanc 1kg","p":0.69,"u":"0,69 €/KG","img":"https://fd13-photos.leclercdrive.fr/image.ashx?id=2123030&use=l&cat=p&typeid=i","cat":284503},{"id":1956,"n":"Compote Douceur du Verger Coupelle pomme banane - 4x100g","p":1.3,"u":"3,25 €/KG","img":"https://fd13-photos.leclercdrive.fr/image.ashx?id=2663461&use=l&cat=p&typeid=i","cat":284508},{"id":1961,"n":"Tablette de chocolat Equador Noir 72% cacao 100g","p":1.39,"u":"13,90 €/KG","img":"https://fd13-photos.leclercdrive.fr/image.ashx?id=2368494&use=l&cat=p&typeid=i","cat":284956},{"id":1962,"n":"Tablette de Chocolat Blanc Galak - 2x100g","p":2.99,"u":"14,95 €/KG","img":"https://fd13-photos.leclercdrive.fr/image.ashx?id=2769618&use=l&cat=p&typeid=i","cat":284957},{"id":1972,"n":"Eau minérale gazeuse Perrier  Bouteilles en verre 8x20cl","p":3.34,"u":"2,09 €/L","img":"https://fd13-photos.leclercdrive.fr/image.ashx?id=2587551&use=l&cat=p&typeid=i","cat":284536},{"id":1975,"n":"Sirop Frucci Menthe - 75cl","p":1.85,"u":"2,47 €/L","img":"https://fd13-photos.leclercdrive.fr/image.ashx?id=722216&use=l&cat=p&typeid=i","cat":295020},{"id":1980,"n":"Pur Jus d'ananas Jafaden Brique élopack 1L","p":2.09,"u":"2,09 €/L","img":"https://fd13-photos.leclercdrive.fr/image.ashx?id=2955683&use=l&cat=p&typeid=i","cat":284916},{"id":1984,"n":"Thé glacé Fresh Tea Pêche - 2L","p":1.64,"u":"0,82 €/L","img":"https://fd13-photos.leclercdrive.fr/image.ashx?id=2622245&use=l&cat=p&typeid=i","cat":295019},{"id":1989,"n":"Whisky Sir Edward's 40%vol - 70cl","p":12.68,"u":"18,11 €/L","img":"https://fd13-photos.leclercdrive.fr/image.ashx?id=2503371&use=l&cat=p&typeid=i","cat":284547},{"id":1990,"n":"Scotch Whisky Label 5 40%vol - 70cl","p":12.83,"u":"18,33 €/L","img":"https://fd13-photos.leclercdrive.fr/image.ashx?id=2639468&use=l&cat=p&typeid=i","cat":284547},{"id":1994,"n":"Whisky J&B Rare 40%vol - 70cl","p":15.61,"u":"22,30 €/L","img":"https://fd13-photos.leclercdrive.fr/image.ashx?id=2301028&use=l&cat=p&typeid=i","cat":284547},{"id":1995,"n":"Whisky Ballantine's Finest Blended Scotch 40% vol - 70cl","p":15.4,"pp":14.4,"u":"20,57 €/L","img":"https://fd13-photos.leclercdrive.fr/image.ashx?id=2981298&use=l&cat=p&typeid=i","cat":284547},{"id":1997,"n":"Whisky Clan Campbell Blended Scotch 40% vol - 70cl","p":14.99,"u":"21,41 €/L","img":"https://fd13-photos.leclercdrive.fr/image.ashx?id=2868365&use=l&cat=p&typeid=i","cat":284547},{"id":1998,"n":"Whiskey Irlandais Jameson  40% vol - 70cl","p":20.96,"u":"29,94 €/L","img":"https://fd13-photos.leclercdrive.fr/image.ashx?id=2866025&use=l&cat=p&typeid=i","cat":284547},{"id":2000,"n":"Pastis Duval 45%vol - 1L","p":17.82,"u":"17,82 €/L","img":"https://fd13-photos.leclercdrive.fr/image.ashx?id=2659656&use=l&cat=p&typeid=i","cat":284548},{"id":2001,"n":"Pastis Ricard Anisé 45% vol - 1L","p":19.89,"pp":18.89,"u":"18,89 €/L","img":"https://fd13-photos.leclercdrive.fr/image.ashx?id=2947820&use=l&cat=p&typeid=i","cat":284548},{"id":2002,"n":"Pastis de Marseille Vivalis 45%vol - 1L","p":17.02,"u":"17,02 €/L","img":"https://fd13-photos.leclercdrive.fr/image.ashx?id=2699639&use=l&cat=p&typeid=i","cat":284548},{"id":2003,"n":"Vodka premium Eristoff Original 37,5° - 70cl","p":12.63,"u":"18,04 €/L","img":"https://fd13-photos.leclercdrive.fr/image.ashx?id=2850734&use=l&cat=p&typeid=i","cat":284550},{"id":2005,"n":"Vodka Smirnoff 37.5%vol - 70cl","p":13.95,"u":"19,93 €/L","img":"https://fd13-photos.leclercdrive.fr/image.ashx?id=1897294&use=l&cat=p&typeid=i","cat":284550},{"id":2006,"n":"Vodka Novotna  Pure grain 37.5%vol - 70cl","p":10.59,"u":"15,13 €/L","img":"https://fd13-photos.leclercdrive.fr/image.ashx?id=1654441&use=l&cat=p&typeid=i","cat":284550},{"id":2007,"n":"Rhum blanc Bacardi Carta Blanca 37,5° - 70cl","p":16.13,"u":"23,04 €/L","img":"https://fd13-photos.leclercdrive.fr/image.ashx?id=2833933&use=l&cat=p&typeid=i","cat":284550},{"id":2009,"n":"Rhum ambré Negrita 40%vol - 50cl","p":7.57,"u":"15,14 €/L","img":"https://fd13-photos.leclercdrive.fr/image.ashx?id=2785112&use=l&cat=p&typeid=i","cat":284550},{"id":2010,"n":"Rhum blanc Old Nick  40%vol - 70cl","p":10.25,"u":"14,64 €/L","img":"https://fd13-photos.leclercdrive.fr/image.ashx?id=2483747&use=l&cat=p&typeid=i","cat":284550},{"id":2012,"n":"Rhum ambré Negrita 40%vol - 1L","p":14.06,"u":"14,06 €/L","img":"https://fd13-photos.leclercdrive.fr/image.ashx?id=2519633&use=l&cat=p&typeid=i","cat":284550},{"id":2015,"n":"Liqueur The Original Baileys Irish Cream 17%vol - 70cl","p":12.7,"u":"18,14 €/L","img":"https://fd13-photos.leclercdrive.fr/image.ashx?id=2536059&use=l&cat=p&typeid=i","cat":286032},{"id":2019,"n":"Sucre de canne Lagoa 70cl","p":1.65,"u":"2,36 €/L","img":"https://fd13-photos.leclercdrive.fr/image.ashx?id=2966472&use=l&cat=p&typeid=i","cat":284551},{"id":2021,"n":"Apéritif Suze L'Originale 15% vol - 1L","p":9.89,"u":"9,89 €/L","img":"https://fd13-photos.leclercdrive.fr/image.ashx?id=2914462&use=l&cat=p&typeid=i","cat":284913},{"id":2023,"n":"Muscat Guillaume d'Arria 15.5%vol - 75cl","p":6.99,"u":"9,32 €/L","img":"https://fd13-photos.leclercdrive.fr/image.ashx?id=742129&use=l&cat=p&typeid=i","cat":284913},{"id":2024,"n":"Rivesaltes ambré G. d'Arria 16%vol - 75cl","p":4.28,"u":"5,71 €/L","img":"https://fd13-photos.leclercdrive.fr/image.ashx?id=2974735&use=l&cat=p&typeid=i","cat":284913},{"id":2025,"n":"Muscat de Rivesaltes G. d'Arria 15.5%vol - 75cl","p":4.99,"u":"6,65 €/L","img":"https://fd13-photos.leclercdrive.fr/image.ashx?id=2974744&use=l&cat=p&typeid=i","cat":284913},{"id":2028,"n":"AOP Bordeaux rouge Baron de Lestac - 75cl","p":3.99,"u":"5,32 €/L","img":"https://fd13-photos.leclercdrive.fr/image.ashx?id=2471148&use=l&cat=p&typeid=i","cat":289556},{"id":2029,"n":"AOP Bordeaux rouge Malesan - 75 cl","p":4.59,"u":"6,12 €/L","img":"https://fd13-photos.leclercdrive.fr/image.ashx?id=2917432&use=l&cat=p&typeid=i","cat":289556},{"id":2044,"n":"IGP Pays d'Oc Merlot vin rouge Vieux Carion 13% vol -75 cl","p":2.25,"u":"3,00 €/L","img":"https://fd13-photos.leclercdrive.fr/image.ashx?id=2463413&use=l&cat=p&typeid=i","cat":289556},{"id":2045,"n":"IGP Pays d'Oc vin rouge Vieux Carion 12.5% vol -75 cl","p":2.25,"u":"3,00 €/L","img":"https://fd13-photos.leclercdrive.fr/image.ashx?id=2639258&use=l&cat=p&typeid=i","cat":289556},{"id":2049,"n":"IGP Pays d'Oc Gris vin rosé Rives & Terrasses - 75cl -12,5%","p":2.89,"u":"3,85 €/L","img":"https://fd13-photos.leclercdrive.fr/image.ashx?id=2920918&use=l&cat=p&typeid=i","cat":289558},{"id":2051,"n":"IGP Pays d'Oc Syrah vin rosé Vieux Carion 12.5% vol -75 cl","p":2.25,"u":"3,00 €/L","img":"https://fd13-photos.leclercdrive.fr/image.ashx?id=2100605&use=l&cat=p&typeid=i","cat":289558},{"id":2058,"n":"IGP Pays d'Oc Sauvignon Blanc Vieux Carion 12% vol -75 cl","p":2.25,"u":"3,00 €/L","img":"https://fd13-photos.leclercdrive.fr/image.ashx?id=2879937&use=l&cat=p&typeid=i","cat":289557},{"id":2072,"n":"AOP Champagne Mumm Cordon Rouge Brut 12% vol - 75cl","p":28.9,"pp":27.9,"u":"37,20 €/L","img":"https://fd13-photos.leclercdrive.fr/image.ashx?id=3011005&use=l&cat=p&typeid=i","cat":284542},{"id":2073,"n":"AOC Champagne brut rosé Pol Carson - 75cl","p":19.95,"u":"26,60 €/L","img":"https://fd13-photos.leclercdrive.fr/image.ashx?id=1703881&use=l&cat=p&typeid=i","cat":284542},{"id":2074,"n":"AOP Champagne demi-sec blanc Pol Carson - 75cl","p":17.99,"u":"23,99 €/L","img":"https://fd13-photos.leclercdrive.fr/image.ashx?id=2909846&use=l&cat=p&typeid=i","cat":284542},{"id":2075,"n":"AOP Champagne brut Pol Carson - 75cl","p":17.99,"u":"23,99 €/L","img":"https://fd13-photos.leclercdrive.fr/image.ashx?id=2909843&use=l&cat=p&typeid=i","cat":284542},{"id":2078,"n":"Pétillant Gibus pomme Sans alcool 75cl","p":2.31,"u":"3,08 €/L","img":"https://fd13-photos.leclercdrive.fr/image.ashx?id=1887586&use=l&cat=p&typeid=i","cat":289460},{"id":2079,"n":"Cidre bouché Les Goelleries Breton doux 2%vol. - 75cl","p":2.12,"u":"2,83 €/L","img":"https://fd13-photos.leclercdrive.fr/image.ashx?id=2842190&use=l&cat=p&typeid=i","cat":334880},{"id":2082,"n":"AOP Crémant d'Alsace brut Rebmann - 75 cl","p":5.95,"u":"7,93 €/L","img":"https://fd13-photos.leclercdrive.fr/image.ashx?id=2397135&use=l&cat=p&typeid=i","cat":284545},{"id":2086,"n":"Mister Cocktail sans alcool Pêche - 75cl","p":3.37,"u":"4,49 €/L","img":"https://fd13-photos.leclercdrive.fr/image.ashx?id=3014464&use=l&cat=p&typeid=i","cat":284549},{"id":2087,"n":"Jus de pomme pétillant Champomy L'Original Pomme - 75cl","p":2.72,"u":"3,63 €/L","img":"https://fd13-photos.leclercdrive.fr/image.ashx?id=2688683&use=l&cat=p&typeid=i","cat":289460},{"id":2090,"n":"Emmental fromage bloc Les Croisés - 500g","p":4.19,"u":"8,38 €/KG","img":"https://fd13-photos.leclercdrive.fr/image.ashx?id=2897775&use=l&cat=p&typeid=i","cat":314034},{"id":2092,"n":"Bûche de chèvre Saint-Maure LEs Croisés 25% MG - 200g","p":2.06,"u":"10,30 €/KG","img":"https://fd13-photos.leclercdrive.fr/image.ashx?id=1981022&use=l&cat=p&typeid=i","cat":314031},{"id":2095,"n":"Emmental Fromage râpé Les Croisés - 3x70g","p":1.89,"u":"9,00 €/KG","img":"https://fd13-photos.leclercdrive.fr/image.ashx?id=2949406&use=l&cat=p&typeid=i","cat":314035},{"id":2104,"n":"Mousse à la liégeoise Délisse Chocolat - 8x80g","p":2.35,"u":"3,67 €/KG","img":"https://fd13-photos.leclercdrive.fr/image.ashx?id=3009490&use=l&cat=p&typeid=i","cat":284417},{"id":2111,"n":"Beurre Extra fin Les Croisés Doux - 82% MG - 250g","p":2.35,"u":"9,40 €/KG","img":"https://fd13-photos.leclercdrive.fr/image.ashx?id=2084069&use=l&cat=p&typeid=i","cat":284379},{"id":2112,"n":"Sauce Béchamel Bridélice 3x20cl","p":3.06,"u":"5,10 €/L","img":"https://fd13-photos.leclercdrive.fr/image.ashx?id=2888458&use=l&cat=p&typeid=i","cat":284382},{"id":2121,"n":"Carottes râpées Menu Fraîcheur  Assaisonnées - 300g","p":0.69,"u":"2,30 €/KG","img":"https://fd13-photos.leclercdrive.fr/image.ashx?id=2552403&use=l&cat=p&typeid=i","cat":333657},{"id":2125,"n":"Tagliatelle fraîche Turini 350g","p":1.19,"u":"3,40 €/KG","img":"https://fd13-photos.leclercdrive.fr/image.ashx?id=2223893&use=l&cat=p&typeid=i","cat":333682},{"id":2126,"n":"Pâte brisée Tablier Blanc Prête à dérouler - 230g","p":0.65,"u":"2,83 €/KG","img":"https://fd13-photos.leclercdrive.fr/image.ashx?id=2635886&use=l&cat=p&typeid=i","cat":333681},{"id":2128,"n":"Bâtonnets Surimi Pêche Océan MSC - x12 - 200g","p":1.38,"u":"6,90 €/KG","img":"https://fd13-photos.leclercdrive.fr/image.ashx?id=2981837&use=l&cat=p&typeid=i","cat":285189},{"id":2141,"n":"Crème nettoyante Clair 3en1 - 750ml","p":1.15,"u":"1,53 €/L","img":"https://fd13-photos.leclercdrive.fr/image.ashx?id=2868310&use=l&cat=p&typeid=i","cat":325357},{"id":2164,"n":"Enveloppes Esquisse adhésives C6 100x80g","p":2.39,"img":"https://fd13-photos.leclercdrive.fr/image.ashx?id=1928740&use=l&cat=p&typeid=i","cat":284697},{"id":2166,"n":"Piles Foxter AA/LR6 1,5V - x4","p":0.99,"u":"0,25 €/P","img":"https://fd13-photos.leclercdrive.fr/image.ashx?id=2162156&use=l&cat=p&typeid=i","cat":300572},{"id":2175,"n":"Sucre cristal Saint Louis Sachet 1 kg","p":2.12,"u":"2,12 €/KG","img":"https://fd13-photos.leclercdrive.fr/image.ashx?id=2624245&use=l&cat=p&typeid=i","cat":284502},{"id":2179,"n":"Barres céréales Special K  Kellogg's Chocolat - 6x21,5g","p":2.18,"u":"16,90 €/KG","img":"https://fd13-photos.leclercdrive.fr/image.ashx?id=3011113&use=l&cat=p&typeid=i","cat":285869},{"id":2185,"n":"boisson végétale soja  sans sucre bio bjorg nature 1l","p":1.72,"u":"1,72 €/L","img":"https://fd13-photos.leclercdrive.fr/image.ashx?id=2939385&use=l&cat=p&typeid=i","cat":316067},{"id":2187,"n":"Mascarpone Les Croisés - 250g","p":1.78,"u":"7,12 €/KG","img":"https://fd13-photos.leclercdrive.fr/image.ashx?id=2123620&use=l&cat=p&typeid=i","cat":314026},{"id":2192,"n":"Papier aluminium Elembal 50m","p":4.4,"img":"https://fd13-photos.leclercdrive.fr/image.ashx?id=1732760&use=l&cat=p&typeid=i","cat":334134},{"id":2193,"n":"Film étirable Elembal 2en1 20m","p":1.25,"img":"https://fd13-photos.leclercdrive.fr/image.ashx?id=2059962&use=l&cat=p&typeid=i","cat":334134},{"id":2194,"n":"Sacs congélation Elembal Moyen modèle x50","p":1.08,"img":"https://fd13-photos.leclercdrive.fr/image.ashx?id=2257205&use=l&cat=p&typeid=i","cat":334134},{"id":2195,"n":"Sacs poubelle 30L Elembal Poignées coulissantes - x20","p":2.11,"u":"0,11 €/P","img":"https://fd13-photos.leclercdrive.fr/image.ashx?id=1959157&use=l&cat=p&typeid=i","cat":285168},{"id":2200,"n":"Muffins nature Epi d'Or x4 - 250g","p":1.51,"u":"6,04 €/KG","img":"https://fd13-photos.leclercdrive.fr/image.ashx?id=1944096&use=l&cat=p&typeid=i","cat":284985},{"id":2201,"n":"Pastis 51 Anisé 45% vol - 1L","p":19.67,"u":"19,67 €/L","img":"https://fd13-photos.leclercdrive.fr/image.ashx?id=2998916&use=l&cat=p&typeid=i","cat":284548},{"id":2203,"n":"Palermo rouge Sans alcool - 1L","p":3.54,"u":"3,54 €/L","img":"https://fd13-photos.leclercdrive.fr/image.ashx?id=1866952&use=l&cat=p&typeid=i","cat":284549},{"id":2228,"n":"Eau de toilette Scorpio rouge Flacon - 75ml","p":7.86,"pp":5.19,"u":"69,20 €/L","img":"https://fd13-photos.leclercdrive.fr/image.ashx?id=2329777&use=l&cat=p&typeid=i","cat":287740},{"id":2236,"n":"Sucre vanillé Vahiné 10 sachets - 75g","p":1.41,"u":"18,80 €/KG","img":"https://fd13-photos.leclercdrive.fr/image.ashx?id=2490536&use=l&cat=p&typeid=i","cat":294686},{"id":2238,"n":"Arôme vanille Vahiné 200ml","p":2.78,"u":"13,90 €/L","img":"https://fd13-photos.leclercdrive.fr/image.ashx?id=2490551&use=l&cat=p&typeid=i","cat":284504},{"id":2239,"n":"Gélatine alimentaire Vahiné 9 feuilles - 17g","p":1.23,"u":"72,35 €/KG","img":"https://fd13-photos.leclercdrive.fr/image.ashx?id=2876305&use=l&cat=p&typeid=i","cat":284504},{"id":2276,"n":"Antiseptique Mercurochrome Incolore spray - 100ml","p":2.77,"u":"27,70 €/L","img":"https://fd13-photos.leclercdrive.fr/image.ashx?id=2662268&use=l&cat=p&typeid=i","cat":284630},{"id":2277,"n":"Gel lubrifiant Intimy Classic - 70ml","p":3.97,"u":"56,71 €/L","img":"https://fd13-photos.leclercdrive.fr/image.ashx?id=2927330&use=l&cat=p&typeid=i","cat":285160},{"id":2281,"n":"Pansements Mercurochrome Famille x50","p":3.39,"u":"0,07 €/P","img":"https://fd13-photos.leclercdrive.fr/image.ashx?id=2731471&use=l&cat=p&typeid=i","cat":284630},{"id":2282,"n":"Bandes à découper Mercurochrome 6cm x10","p":2.92,"img":"https://fd13-photos.leclercdrive.fr/image.ashx?id=2719027&use=l&cat=p&typeid=i","cat":284630},{"id":2305,"n":"Lait Démaquillant Mixa  Anti-dessèchement - 200ml","p":2.99,"u":"14,95 €/L","img":"https://fd13-photos.leclercdrive.fr/image.ashx?id=2285390&use=l&cat=p&typeid=i","cat":284603},{"id":2317,"n":"Mousse Coiffante Franck Provost Cheveux Bouclés - 200ml","p":4.29,"u":"21,45 €/L","img":"https://fd13-photos.leclercdrive.fr/image.ashx?id=2575606&use=l&cat=p&typeid=i","cat":284609},{"id":2324,"n":"Eau Micellaire vitaminée Mixa Peaux Sensibles - 200ml","p":3.0,"u":"15,00 €/L","img":"https://fd13-photos.leclercdrive.fr/image.ashx?id=2445334&use=l&cat=p&typeid=i","cat":284603},{"id":2336,"n":"Baume soin Après-Rasage Mennen Peaux Sensibles - 100ml","p":3.67,"u":"36,70 €/L","img":"https://fd13-photos.leclercdrive.fr/image.ashx?id=2517905&use=l&cat=p&typeid=i","cat":288147},{"id":2338,"n":"Lotion Après-Rasage Mennen Apaisante - 125ml","p":3.76,"u":"30,08 €/L","img":"https://fd13-photos.leclercdrive.fr/image.ashx?id=2469620&use=l&cat=p&typeid=i","cat":288147},{"id":2411,"n":"Gel nettoyant Garnier Pure Tube 150ml","p":3.32,"u":"22,13 €/L","img":"https://fd13-photos.leclercdrive.fr/image.ashx?id=2751651&use=l&cat=p&typeid=i","cat":284603},{"id":2504,"n":"Levure de bière Gerblé à saupoudrer - 150g","p":2.41,"u":"16,07 €/KG","img":"https://fd13-photos.leclercdrive.fr/image.ashx?id=2575036&use=l&cat=p&typeid=i","cat":288382},{"id":2505,"n":"Crème au chocolat GERLINEA   Repas minceur - 3x210g","p":4.45,"u":"7,06 €/KG","img":"https://fd13-photos.leclercdrive.fr/image.ashx?id=2653450&use=l&cat=p&typeid=i","cat":318652},{"id":2506,"n":"Coupelle crème Gerlinea Vanille caramel -  3x210g","p":4.29,"u":"6,81 €/KG","img":"https://fd13-photos.leclercdrive.fr/image.ashx?id=2653453&use=l&cat=p&typeid=i","cat":318652},{"id":2510,"n":"Biscuits soja figue GERBLE   - 4x4, 270g","p":2.01,"u":"7,44 €/KG","img":"https://fd13-photos.leclercdrive.fr/image.ashx?id=2812720&use=l&cat=p&typeid=i","cat":318651},{"id":2511,"n":"Biscuits diététiques Gerblé Soja Orange - 280g","p":1.48,"u":"5,29 €/KG","img":"https://fd13-photos.leclercdrive.fr/image.ashx?id=2623166&use=l&cat=p&typeid=i","cat":318651},{"id":2524,"n":"Amandes Couleurs Vives En poudre - 125g","p":1.97,"u":"15,76 €/KG","img":"https://fd13-photos.leclercdrive.fr/image.ashx?id=1540619&use=l&cat=p&typeid=i","cat":284504},{"id":2530,"n":"Salade Notre Jardin Mâche - 125g","p":0.95,"u":"7,60 €/KG","img":"https://fd13-photos.leclercdrive.fr/image.ashx?id=2121534&use=l&cat=p&typeid=i","cat":284353},{"id":2531,"n":"Salade Notre Jardin Coeurs de laitue - 200g","p":0.99,"u":"4,95 €/KG","img":"https://fd13-photos.leclercdrive.fr/image.ashx?id=2113901&use=l&cat=p&typeid=i","cat":284353},{"id":2532,"n":"Laitue Iceberg Notre Jardin 300g","p":0.89,"u":"2,97 €/KG","img":"https://fd13-photos.leclercdrive.fr/image.ashx?id=2113907&use=l&cat=p&typeid=i","cat":284353},{"id":2568,"n":"Laque Cheveux L'Oréal Paris Fixation forte - 150ml","p":3.89,"u":"25,93 €/L","img":"https://fd13-photos.leclercdrive.fr/image.ashx?id=2576157&use=l&cat=p&typeid=i","cat":284609},{"id":2571,"n":"Gel Coiffant L'Oréal Paris Ultra Fixant 24H - 150ml","p":3.44,"u":"22,93 €/L","img":"https://fd13-photos.leclercdrive.fr/image.ashx?id=2576163&use=l&cat=p&typeid=i","cat":284609},{"id":2588,"n":"Eau minérale Thonon 6x1.5L","p":2.74,"u":"0,30 €/L","img":"https://fd13-photos.leclercdrive.fr/image.ashx?id=2915557&use=l&cat=p&typeid=i","cat":284535},{"id":2593,"n":"Eau minérale naturelle Contrex 6x50cl","p":2.16,"u":"0,72 €/L","img":"https://fd13-photos.leclercdrive.fr/image.ashx?id=2731714&use=l&cat=p&typeid=i","cat":284535},{"id":2612,"n":"Lait demi-écrémé UHT Délisse  Brique - 6x1L","p":5.94,"u":"0,99 €/L","img":"https://fd13-photos.leclercdrive.fr/image.ashx?id=2970539&use=l&cat=p&typeid=i","cat":284377},{"id":2613,"n":"Lait demi-écrémé UHT Délisse Bouteille - 6x1L","p":6.3,"u":"1,05 €/L","img":"https://fd13-photos.leclercdrive.fr/image.ashx?id=2970533&use=l&cat=p&typeid=i","cat":284377},{"id":2614,"n":"Lait demi-écrémé Délisse UHT Bouteille -  6x50cl","p":4.74,"u":"1,58 €/L","img":"https://fd13-photos.leclercdrive.fr/image.ashx?id=2244735&use=l&cat=p&typeid=i","cat":284377},{"id":2617,"n":"Lait Bio demi-écrémé Lactel UHT Bouteille - 6x50cl","p":6.37,"u":"2,12 €/L","img":"https://fd13-photos.leclercdrive.fr/image.ashx?id=2892766&use=l&cat=p&typeid=i","cat":284377},{"id":2618,"n":"Lait chèvre demi-écrémé Lactel UHT Bouteille - 6x1L","p":14.91,"u":"2,49 €/L","img":"https://fd13-photos.leclercdrive.fr/image.ashx?id=2873961&use=l&cat=p&typeid=i","cat":295251},{"id":2619,"n":"Lait bio Bio Village Bouteille  Demi-écrémé UHT -  6x1L","p":6.48,"u":"1,08 €/L","img":"https://fd13-photos.leclercdrive.fr/image.ashx?id=2969997&use=l&cat=p&typeid=i","cat":284377},{"id":2623,"n":"Joker Pur Jus Engagé  Multifruits - 1L","p":2.35,"u":"2,35 €/L","img":"https://fd13-photos.leclercdrive.fr/image.ashx?id=3001287&use=l&cat=p&typeid=i","cat":284917},{"id":2631,"n":"Salade Catalane Petit Navire 220g","p":2.05,"u":"9,32 €/KG","img":"https://fd13-photos.leclercdrive.fr/image.ashx?id=2796213&use=l&cat=p&typeid=i","cat":284437},{"id":2638,"n":"Eau minérale Courmayeur 6x1.5L","p":2.58,"u":"0,29 €/L","img":"https://fd13-photos.leclercdrive.fr/image.ashx?id=2964105&use=l&cat=p&typeid=i","cat":284535},{"id":2650,"n":"Whisky William Lawson's Finest Blend 40° - 100cl","p":17.88,"u":"17,88 €/L","img":"https://fd13-photos.leclercdrive.fr/image.ashx?id=2966134&use=l&cat=p&typeid=i","cat":284547},{"id":2722,"n":"Yaourts aromatisés Délisse Vanille - 8x125g","p":2.58,"u":"2,58 €/KG","img":"https://fd13-photos.leclercdrive.fr/image.ashx?id=1541381&use=l&cat=p&typeid=i","cat":286006},{"id":2729,"n":"Pistaches grillées à sec Tokapi 300g","p":3.86,"u":"12,87 €/KG","img":"https://fd13-photos.leclercdrive.fr/image.ashx?id=2795541&use=l&cat=p&typeid=i","cat":284448},{"id":2737,"n":"Eau minérale Des Alpes  6x1.5L","p":2.1,"u":"0,23 €/L","img":"https://fd13-photos.leclercdrive.fr/image.ashx?id=2768667&use=l&cat=p&typeid=i","cat":284535},{"id":2742,"n":"Eau gazeuse San Pellegrino Minérale naturelle - 6x1L","p":3.77,"u":"0,63 €/L","img":"https://fd13-photos.leclercdrive.fr/image.ashx?id=2740316&use=l&cat=p&typeid=i","cat":284536},{"id":2743,"n":"Eau gazeuse  Badoit verte finement pétillante - 6x50cl","p":2.94,"u":"0,98 €/L","img":"https://fd13-photos.leclercdrive.fr/image.ashx?id=2983081&use=l&cat=p&typeid=i","cat":284536},{"id":2749,"n":"Lait entier Délisse UHT - Bouteille : 6x1L","p":7.74,"u":"1,29 €/L","img":"https://fd13-photos.leclercdrive.fr/image.ashx?id=2970569&use=l&cat=p&typeid=i","cat":285610},{"id":2750,"n":"Lait écrémé Délisse UHT - Bouteille : 6x1L","p":5.94,"u":"0,99 €/L","img":"https://fd13-photos.leclercdrive.fr/image.ashx?id=2970578&use=l&cat=p&typeid=i","cat":284949},{"id":2757,"n":"Lait Bio demi-écrémé Lactel  UHT Bouteille - 6x1l","p":9.43,"u":"1,57 €/L","img":"https://fd13-photos.leclercdrive.fr/image.ashx?id=2886918&use=l&cat=p&typeid=i","cat":284377},{"id":2758,"n":"Lait Matin Léger de Lactel Sans lactose 1.2% mg - 6x50cl","p":6.35,"u":"2,12 €/L","img":"https://fd13-photos.leclercdrive.fr/image.ashx?id=2883564&use=l&cat=p&typeid=i","cat":317169},{"id":2759,"n":"Lait Matin Léger de Lactel Sans lactose 1.2% mg - 6x1L","p":10.4,"u":"1,73 €/L","img":"https://fd13-photos.leclercdrive.fr/image.ashx?id=2883125&use=l&cat=p&typeid=i","cat":317169},{"id":2776,"n":"Crème Mains Réparatrice Mixa Mains abîmées - 100ml","p":2.3,"u":"23,00 €/L","img":"https://fd13-photos.leclercdrive.fr/image.ashx?id=2276024&use=l&cat=p&typeid=i","cat":325354},{"id":2777,"n":"Crème mains protectrice Mixa Anti-dessèchement - 100ml","p":2.27,"u":"22,70 €/L","img":"https://fd13-photos.leclercdrive.fr/image.ashx?id=2299873&use=l&cat=p&typeid=i","cat":325354},{"id":2779,"n":"Whisky William Lawson's Finest Blend 40° - 70cl","p":13.57,"u":"19,39 €/L","img":"https://fd13-photos.leclercdrive.fr/image.ashx?id=2848340&use=l&cat=p&typeid=i","cat":284547},{"id":2799,"n":"Fromage frais Délisse Fruits panachés - 24x50g","p":2.88,"u":"2,40 €/KG","img":"https://fd13-photos.leclercdrive.fr/image.ashx?id=2922494&use=l&cat=p&typeid=i","cat":284414},{"id":2802,"n":"Flûte pain  400g","p":0.7,"u":"1,75 €/KG","img":"https://fd13-photos.leclercdrive.fr/image.ashx?id=557801&use=l&cat=p&typeid=i","cat":284359},{"id":2814,"n":"Pizza 4 fromages Turini Cuite au feu de bois - 420g","p":2.23,"u":"5,31 €/KG","img":"https://fd13-photos.leclercdrive.fr/image.ashx?id=2401192&use=l&cat=p&typeid=i","cat":284256},{"id":2829,"n":"Pains au chocolat pur beurre x8  400g","p":6.7,"u":"16,75 €/KG","img":"https://fd13-photos.leclercdrive.fr/image.ashx?id=2070971&use=l&cat=p&typeid=i","cat":284984},{"id":2877,"n":"Chaussons aux pommes  4x1 p","p":3.95,"u":"0,99 €/P","img":"https://fd13-photos.leclercdrive.fr/image.ashx?id=2071013&use=l&cat=p&typeid=i","cat":284984},{"id":2888,"n":"Eclairs saveur chocolat 2x1p","p":3.2,"u":"1,60 €/P","img":"https://fd13-photos.leclercdrive.fr/image.ashx?id=557993&use=l&cat=p&typeid=i","cat":284360},{"id":2902,"n":"Botte de radis rose  1p","p":1.81,"img":"https://fd13-photos.leclercdrive.fr/image.ashx?id=558013&use=l&cat=p&typeid=i","cat":284352},{"id":2905,"n":"Steak haché Charal 5%mg - 400g","p":8.9,"u":"22,25 €/KG","img":"https://fd13-photos.leclercdrive.fr/image.ashx?id=1889171&use=l&cat=p&typeid=i","cat":284332},{"id":2906,"n":"Steak haché Charal 15%MG - 400g","p":8.28,"u":"20,70 €/KG","img":"https://fd13-photos.leclercdrive.fr/image.ashx?id=1889177&use=l&cat=p&typeid=i","cat":284332},{"id":2929,"n":"Biscuits raisins GERBLE   - 4x4, 270g","p":1.83,"u":"6,78 €/KG","img":"https://fd13-photos.leclercdrive.fr/image.ashx?id=2662298&use=l&cat=p&typeid=i","cat":318651},{"id":2930,"n":"Biscuits pomme noisette GERBLE   4x4 - 230g","p":1.5,"u":"6,52 €/KG","img":"https://fd13-photos.leclercdrive.fr/image.ashx?id=2967753&use=l&cat=p&typeid=i","cat":318651},{"id":2933,"n":"Germe de blé Gerblé 250g","p":1.84,"u":"7,36 €/KG","img":"https://fd13-photos.leclercdrive.fr/image.ashx?id=2575060&use=l&cat=p&typeid=i","cat":288382},{"id":2934,"n":"Barres Amande GERBLE   - 6 sachets 150g","p":2.5,"u":"16,67 €/KG","img":"https://fd13-photos.leclercdrive.fr/image.ashx?id=2664088&use=l&cat=p&typeid=i","cat":318652},{"id":2935,"n":"Biscuits écorce confite GERBLE   - 4x5,  360g","p":1.57,"u":"4,36 €/KG","img":"https://fd13-photos.leclercdrive.fr/image.ashx?id=2662907&use=l&cat=p&typeid=i","cat":318651},{"id":2937,"n":"Biscuits goûter chocolat GERBLE  - 3x4,  250g","p":1.62,"u":"6,48 €/KG","img":"https://fd13-photos.leclercdrive.fr/image.ashx?id=2625181&use=l&cat=p&typeid=i","cat":318651},{"id":2938,"n":"Biscuits germe de blé GERBLE   - 5x5, 210g","p":1.26,"u":"6,00 €/KG","img":"https://fd13-photos.leclercdrive.fr/image.ashx?id=2573540&use=l&cat=p&typeid=i","cat":318651},{"id":2950,"n":"Biscuits lait chocolat GERBLE   - 5x4, 230g","p":1.57,"u":"6,83 €/KG","img":"https://fd13-photos.leclercdrive.fr/image.ashx?id=2575030&use=l&cat=p&typeid=i","cat":318651},{"id":2951,"n":"Biscuit chocolat GERLINEA  Encas minceur - 4x4, 200g","p":2.06,"u":"10,30 €/KG","img":"https://fd13-photos.leclercdrive.fr/image.ashx?id=2654770&use=l&cat=p&typeid=i","cat":318652},{"id":2969,"n":"Sticks et bretzels Tokapi 300g","p":1.2,"u":"4,00 €/KG","img":"https://fd13-photos.leclercdrive.fr/image.ashx?id=2431104&use=l&cat=p&typeid=i","cat":297000},{"id":2971,"n":"Chips ondulées Pom'Lisse  Nature - 150g","p":0.93,"u":"6,20 €/KG","img":"https://fd13-photos.leclercdrive.fr/image.ashx?id=2657196&use=l&cat=p&typeid=i","cat":284447},{"id":2973,"n":"Chips Pom'Lisse Barbecue - 135g","p":0.89,"u":"6,59 €/KG","img":"https://fd13-photos.leclercdrive.fr/image.ashx?id=2774046&use=l&cat=p&typeid=i","cat":284447},{"id":2988,"n":"Dessert fruits mixés Sojasun Framboise / Passion - 4x100g","p":1.68,"u":"4,20 €/KG","img":"https://fd13-photos.leclercdrive.fr/image.ashx?id=2355671&use=l&cat=p&typeid=i","cat":316071},{"id":3010,"n":"Sauce Mexicaine Tables du Monde Hot - 315g","p":1.49,"u":"4,73 €/KG","img":"https://fd13-photos.leclercdrive.fr/image.ashx?id=2476960&use=l&cat=p&typeid=i","cat":288993},{"id":3011,"n":"Sauce Mexicaine Tables du Monde Medium - 315g","p":1.49,"u":"4,73 €/KG","img":"https://fd13-photos.leclercdrive.fr/image.ashx?id=2476963&use=l&cat=p&typeid=i","cat":288993},{"id":3012,"n":"Sauce Fajitas Tables du Monde 430g","p":1.97,"u":"4,58 €/KG","img":"https://fd13-photos.leclercdrive.fr/image.ashx?id=2470228&use=l&cat=p&typeid=i","cat":288993},{"id":3013,"n":"Pain de mie 7 céréales Epi d'Or Grandes tranches - 550g","p":1.19,"u":"2,16 €/KG","img":"https://fd13-photos.leclercdrive.fr/image.ashx?id=1959532&use=l&cat=p&typeid=i","cat":284477},{"id":3014,"n":"Brioche tressée Epi d'Or Pépites de chocolat - 600g","p":2.36,"u":"3,93 €/KG","img":"https://fd13-photos.leclercdrive.fr/image.ashx?id=2867898&use=l&cat=p&typeid=i","cat":284478},{"id":3028,"n":"Brioche tranchée Epi d'Or Pépites de chocolat 500g","p":2.09,"u":"4,18 €/KG","img":"https://fd13-photos.leclercdrive.fr/image.ashx?id=2064816&use=l&cat=p&typeid=i","cat":284478},{"id":3033,"n":"Pâtes fraîches Turini Fettuccini - 350g","p":1.49,"u":"4,26 €/KG","img":"https://fd13-photos.leclercdrive.fr/image.ashx?id=2220293&use=l&cat=p&typeid=i","cat":333682},{"id":3034,"n":"Fromage Parmesan Parmareggio 60g","p":1.46,"u":"24,33 €/KG","img":"https://fd13-photos.leclercdrive.fr/image.ashx?id=2975458&use=l&cat=p&typeid=i","cat":314035},{"id":3040,"n":"Beurre moulé bio Bio Village Doux - 82% MG - 250g","p":2.99,"u":"11,96 €/KG","img":"https://fd13-photos.leclercdrive.fr/image.ashx?id=2437052&use=l&cat=p&typeid=i","cat":284379},{"id":3041,"n":"Beurre moulé bio Bio Village Demi-sel - 80% MG - 250g","p":2.99,"u":"11,96 €/KG","img":"https://fd13-photos.leclercdrive.fr/image.ashx?id=2437055&use=l&cat=p&typeid=i","cat":284379},{"id":3055,"n":"Gel à raser féminin Siliss Velours abricot - 200ml","p":1.69,"u":"8,45 €/L","img":"https://fd13-photos.leclercdrive.fr/image.ashx?id=2699408&use=l&cat=p&typeid=i","cat":325352},{"id":3066,"n":"Tampons Doulys avec applicateur Normal - x24","p":2.46,"u":"0,10 €/P","img":"https://fd13-photos.leclercdrive.fr/image.ashx?id=2965449&use=l&cat=p&typeid=i","cat":284626},{"id":3070,"n":"Serviette hygiénique Doulys Ultra - Normal+  - x14","p":1.29,"u":"0,09 €/P","img":"https://fd13-photos.leclercdrive.fr/image.ashx?id=2709725&use=l&cat=p&typeid=i","cat":284624},{"id":3072,"n":"Serviette hygiénique Doulys Maxi confort - Super - x16","p":1.45,"u":"0,09 €/P","img":"https://fd13-photos.leclercdrive.fr/image.ashx?id=2637844&use=l&cat=p&typeid=i","cat":284624},{"id":3089,"n":"Sauce Béchamel Elle&Vire au Lait Entier - 33cl","p":1.98,"u":"6,00 €/L","img":"https://fd13-photos.leclercdrive.fr/image.ashx?id=2835992&use=l&cat=p&typeid=i","cat":284382},{"id":3091,"n":"Cordons bleus Maître coq Poulet - 1kg","p":7.33,"u":"7,33 €/KG","img":"https://fd13-photos.leclercdrive.fr/image.ashx?id=2762103&use=l&cat=p&typeid=i","cat":333683},{"id":3093,"n":"Cake fruits P'tit déli Tranché 300g","p":1.66,"u":"5,53 €/KG","img":"https://fd13-photos.leclercdrive.fr/image.ashx?id=2823078&use=l&cat=p&typeid=i","cat":284493},{"id":3099,"n":"Mini cakes P'tit Déli  aux fruits x10","p":2.98,"u":"9,93 €/KG","img":"https://fd13-photos.leclercdrive.fr/image.ashx?id=2047019&use=l&cat=p&typeid=i","cat":284493},{"id":3101,"n":"Biscuits fourrés Chamonix LU Orange - 250g","p":1.56,"u":"6,24 €/KG","img":"https://fd13-photos.leclercdrive.fr/image.ashx?id=2982982&use=l&cat=p&typeid=i","cat":284489},{"id":3106,"n":"Biscuits Cookies P'tit Déli Noix coco Chocolat - 200g","p":1.39,"u":"6,95 €/KG","img":"https://fd13-photos.leclercdrive.fr/image.ashx?id=2171539&use=l&cat=p&typeid=i","cat":325066},{"id":3107,"n":"Biscuits petit beurre LU Pocket - 300g","p":1.98,"u":"6,60 €/KG","img":"https://fd13-photos.leclercdrive.fr/image.ashx?id=3001940&use=l&cat=p&typeid=i","cat":284487},{"id":3108,"n":"Biscuits petit déjeuner Prince Céréales - 300g","p":1.96,"u":"6,53 €/KG","img":"https://fd13-photos.leclercdrive.fr/image.ashx?id=2346648&use=l&cat=p&typeid=i","cat":284491},{"id":3123,"n":"Plat bébé Blédina 8 mois  Pomme de terre poulet - 2x200g","p":2.47,"u":"6,18 €/KG","img":"https://fd13-photos.leclercdrive.fr/image.ashx?id=2975056&use=l&cat=p&typeid=i","cat":312236},{"id":3142,"n":"Café et Chicorée Soluble Ricoré  Original - 100g","p":2.78,"u":"27,80 €/KG","img":"https://fd13-photos.leclercdrive.fr/image.ashx?id=2951542&use=l&cat=p&typeid=i","cat":284843},{"id":3147,"n":"Madeleines P'tit déli coquilles 500g","p":1.7,"u":"3,40 €/KG","img":"https://fd13-photos.leclercdrive.fr/image.ashx?id=1938540&use=l&cat=p&typeid=i","cat":284492},{"id":3148,"n":"Madeleines longues P'tit déli Marbrées chocolat 250g","p":1.45,"u":"5,80 €/KG","img":"https://fd13-photos.leclercdrive.fr/image.ashx?id=2999490&use=l&cat=p&typeid=i","cat":284492},{"id":3151,"n":"Café moulu Plantation  Tradition - 250g","p":2.52,"u":"10,08 €/KG","img":"https://fd13-photos.leclercdrive.fr/image.ashx?id=2607401&use=l&cat=p&typeid=i","cat":284750},{"id":3152,"n":"Café Plantation  Kenya - 250g","p":3.92,"u":"15,68 €/KG","img":"https://fd13-photos.leclercdrive.fr/image.ashx?id=2607431&use=l&cat=p&typeid=i","cat":284750},{"id":3153,"n":"Café moulu Plantation  Tradition décaféiné - 250g","p":2.95,"u":"11,80 €/KG","img":"https://fd13-photos.leclercdrive.fr/image.ashx?id=2607407&use=l&cat=p&typeid=i","cat":284750},{"id":3158,"n":"Café moulu Plantation  doux - 2x250g","p":6.88,"u":"13,76 €/KG","img":"https://fd13-photos.leclercdrive.fr/image.ashx?id=1926933&use=l&cat=p&typeid=i","cat":284750},{"id":3166,"n":"Dessert fruitier pomme Douceur du Verger 16x100g","p":2.8,"u":"1,75 €/KG","img":"https://fd13-photos.leclercdrive.fr/image.ashx?id=1929301&use=l&cat=p&typeid=i","cat":284416},{"id":3169,"n":"Tortellini iTurini Ricotta épinard - 300g","p":1.48,"u":"4,93 €/KG","img":"https://fd13-photos.leclercdrive.fr/image.ashx?id=2869266&use=l&cat=p&typeid=i","cat":333682},{"id":3171,"n":"Tortellini Turini Jambon cru - 250g","p":1.96,"u":"7,84 €/KG","img":"https://fd13-photos.leclercdrive.fr/image.ashx?id=2778039&use=l&cat=p&typeid=i","cat":333682},{"id":3186,"n":"Liquide vaisselle Visior citron 1,5L","p":2.15,"u":"1,43 €/L","img":"https://fd13-photos.leclercdrive.fr/image.ashx?id=1966352&use=l&cat=p&typeid=i","cat":284655},{"id":3192,"n":"Détachant sans javel Textil 2L","p":3.19,"u":"1,60 €/L","img":"https://fd13-photos.leclercdrive.fr/image.ashx?id=2123193&use=l&cat=p&typeid=i","cat":284651},{"id":3193,"n":"Aérosol désodorisant Oust Fraîcheur propre 300ml","p":1.75,"u":"5,83 €/L","img":"https://fd13-photos.leclercdrive.fr/image.ashx?id=1715230&use=l&cat=p&typeid=i","cat":311626},{"id":3200,"n":"Petits pains grillés Epi d'Or  Froment - 225g","p":0.79,"u":"3,51 €/KG","img":"https://fd13-photos.leclercdrive.fr/image.ashx?id=1961144&use=l&cat=p&typeid=i","cat":284479},{"id":3208,"n":"Confiture Allégée aux Fraises Andros - 350g","p":1.72,"u":"4,91 €/KG","img":"https://fd13-photos.leclercdrive.fr/image.ashx?id=2911229&use=l&cat=p&typeid=i","cat":284480},{"id":3212,"n":"Farine pour pain Francine Multi-céréales - 1,5kg","p":2.58,"u":"1,72 €/KG","img":"https://fd13-photos.leclercdrive.fr/image.ashx?id=2220611&use=l&cat=p&typeid=i","cat":284503},{"id":3215,"n":"Riz long Comptoir du Grain Etuvé - 1kg","p":1.72,"u":"1,72 €/KG","img":"https://fd13-photos.leclercdrive.fr/image.ashx?id=2076640&use=l&cat=p&typeid=i","cat":284428},{"id":3217,"n":"Riz Basmati Comptoir du Grain Sélection Riz long - 500g","p":1.35,"u":"2,70 €/KG","img":"https://fd13-photos.leclercdrive.fr/image.ashx?id=2076643&use=l&cat=p&typeid=i","cat":284428},{"id":3220,"n":"Céréales Tipiak - Blé Maïs Soja Prêt en 4 min - 400g","p":1.42,"u":"3,55 €/KG","img":"https://fd13-photos.leclercdrive.fr/image.ashx?id=2989144&use=l&cat=p&typeid=i","cat":284429},{"id":3221,"n":"Purée pomme de terre Pom'lisse Nature - 8x125g - 1kg","p":3.19,"u":"3,19 €/KG","img":"https://fd13-photos.leclercdrive.fr/image.ashx?id=2929864&use=l&cat=p&typeid=i","cat":284431},{"id":3223,"n":"Pâtes capellini Panzani 500g","p":1.1,"u":"2,20 €/KG","img":"https://fd13-photos.leclercdrive.fr/image.ashx?id=2876038&use=l&cat=p&typeid=i","cat":284427},{"id":3224,"n":"Pâtes Barilla Spaghetti n°5 - 1kg","p":1.81,"u":"1,81 €/KG","img":"https://fd13-photos.leclercdrive.fr/image.ashx?id=2481182&use=l&cat=p&typeid=i","cat":284427},{"id":3225,"n":"Pâtes Lasagnes Panzani - 500G","p":1.8,"u":"3,60 €/KG","img":"https://fd13-photos.leclercdrive.fr/image.ashx?id=2896105&use=l&cat=p&typeid=i","cat":284427},{"id":3226,"n":"Pâtes cannelloni Panzani  A farcir - 250g","p":1.17,"u":"4,68 €/KG","img":"https://fd13-photos.leclercdrive.fr/image.ashx?id=2896108&use=l&cat=p&typeid=i","cat":284427},{"id":3233,"n":"Haricots verts Notre Jardin Extra fins - 220g","p":1.89,"u":"8,59 €/KG","img":"https://fd13-photos.leclercdrive.fr/image.ashx?id=1657519&use=l&cat=p&typeid=i","cat":312606},{"id":3239,"n":"Biscuit Petit beurre P'tit Déli Tablette chocolat noir - 150g","p":1.37,"u":"9,13 €/KG","img":"https://fd13-photos.leclercdrive.fr/image.ashx?id=2949170&use=l&cat=p&typeid=i","cat":284488},{"id":3240,"n":"Biscuit Petit beurre P'tit Déli Tablette lait noisette - 150g","p":1.61,"u":"10,73 €/KG","img":"https://fd13-photos.leclercdrive.fr/image.ashx?id=2523673&use=l&cat=p&typeid=i","cat":284488},{"id":3253,"n":"Escargots Maître Coquille De Bourgogne x48 - 355g","p":12.99,"u":"36,59 €/KG","img":"https://fd13-photos.leclercdrive.fr/image.ashx?id=1979671&use=l&cat=p&typeid=i","cat":319775},{"id":3255,"n":"Bûche glacée Eskiss Fruits exotiques - 570g","p":3.86,"u":"6,77 €/KG","img":"https://fd13-photos.leclercdrive.fr/image.ashx?id=1980196&use=l&cat=p&typeid=i","cat":284266},{"id":3256,"n":"Bûche glacée Eskiss Crème brulée - 527g","p":3.83,"u":"7,27 €/KG","img":"https://fd13-photos.leclercdrive.fr/image.ashx?id=1511098&use=l&cat=p&typeid=i","cat":284266},{"id":3257,"n":"Bûche glacée Eskiss 3 chocolats - 536g","p":3.49,"u":"6,51 €/KG","img":"https://fd13-photos.leclercdrive.fr/image.ashx?id=2209711&use=l&cat=p&typeid=i","cat":284266},{"id":3258,"n":"Champignons Paris Notre Jardin Pieds et morceaux - 460g","p":2.29,"u":"4,98 €/KG","img":"https://fd13-photos.leclercdrive.fr/image.ashx?id=2553893&use=l&cat=p&typeid=i","cat":312610},{"id":3260,"n":"Noix de Saint Jacques NRT de la baie de St-Brieuc - 300g","p":14.99,"u":"49,97 €/KG","img":"https://fd13-photos.leclercdrive.fr/image.ashx?id=2801064&use=l&cat=p&typeid=i","cat":319787},{"id":3263,"n":"Champignons Paris Notre Jardin Entiers - 460g","p":2.69,"u":"5,85 €/KG","img":"https://fd13-photos.leclercdrive.fr/image.ashx?id=2553887&use=l&cat=p&typeid=i","cat":312610},{"id":3271,"n":"Maïs Notre Jardin Tendre - 3x140g","p":1.89,"u":"4,50 €/KG","img":"https://fd13-photos.leclercdrive.fr/image.ashx?id=2074653&use=l&cat=p&typeid=i","cat":312611},{"id":3272,"n":"Asperges blanches grosses Notre Jardin - 320g","p":3.49,"u":"10,91 €/KG","img":"https://fd13-photos.leclercdrive.fr/image.ashx?id=2049016&use=l&cat=p&typeid=i","cat":312611},{"id":3277,"n":"Chips à l'ancienne Pom'lisse Nature - 6x30g","p":1.58,"u":"8,78 €/KG","img":"https://fd13-photos.leclercdrive.fr/image.ashx?id=2657193&use=l&cat=p&typeid=i","cat":284447},{"id":3285,"n":"Vinaigre balsamique Rustica 50cl","p":1.57,"u":"3,14 €/L","img":"https://fd13-photos.leclercdrive.fr/image.ashx?id=2765701&use=l&cat=p&typeid=i","cat":298543},{"id":3292,"n":"Tomates pelées Notre Jardin Entières - 238g","p":0.85,"u":"3,57 €/KG","img":"https://fd13-photos.leclercdrive.fr/image.ashx?id=2190002&use=l&cat=p&typeid=i","cat":312608},{"id":3305,"n":"Sauce Provençale Turini 420g","p":0.97,"u":"2,31 €/KG","img":"https://fd13-photos.leclercdrive.fr/image.ashx?id=2047010&use=l&cat=p&typeid=i","cat":287599},{"id":3309,"n":"Pur jus de pomme Jafaden 1L","p":1.34,"u":"1,34 €/L","img":"https://fd13-photos.leclercdrive.fr/image.ashx?id=2955632&use=l&cat=p&typeid=i","cat":284522},{"id":3310,"n":"Pur jus de pomme Bio Village Bio - 1L","p":1.49,"u":"1,49 €/L","img":"https://fd13-photos.leclercdrive.fr/image.ashx?id=2901527&use=l&cat=p&typeid=i","cat":284522},{"id":3311,"n":"Thé glacé Fresh Tea Pêche - 1,5L","p":1.25,"u":"0,83 €/L","img":"https://fd13-photos.leclercdrive.fr/image.ashx?id=2982601&use=l&cat=p&typeid=i","cat":295019},{"id":3316,"n":"Sirop Frucci Grenadine - 1L","p":2.76,"u":"2,76 €/L","img":"https://fd13-photos.leclercdrive.fr/image.ashx?id=2954073&use=l&cat=p&typeid=i","cat":295020},{"id":3320,"n":"Bonbons Werther's Original Mini 42g","p":1.92,"u":"45,71 €/KG","img":"https://fd13-photos.leclercdrive.fr/image.ashx?id=2660167&use=l&cat=p&typeid=i","cat":304252},{"id":3338,"n":"Protège-slips Doulys Mince - Plié - x30","p":1.25,"u":"0,04 €/P","img":"https://fd13-photos.leclercdrive.fr/image.ashx?id=2390407&use=l&cat=p&typeid=i","cat":284625},{"id":3343,"n":"Vodka Poliakov 37.5%vol - 70cl","p":10.87,"u":"15,53 €/L","img":"https://fd13-photos.leclercdrive.fr/image.ashx?id=2810759&use=l&cat=p&typeid=i","cat":284550},{"id":3344,"n":"Nectar Jafaden Banane - 1L","p":2.09,"u":"2,09 €/L","img":"https://fd13-photos.leclercdrive.fr/image.ashx?id=2955701&use=l&cat=p&typeid=i","cat":284915},{"id":3345,"n":"Nectar Jafaden Poire - 1L","p":2.49,"u":"2,49 €/L","img":"https://fd13-photos.leclercdrive.fr/image.ashx?id=2955692&use=l&cat=p&typeid=i","cat":284915},{"id":3355,"n":"World Mix Haribo Sachet bonbons - 500g","p":2.91,"u":"5,82 €/KG","img":"https://fd13-photos.leclercdrive.fr/image.ashx?id=2805207&use=l&cat=p&typeid=i","cat":304250},{"id":3356,"n":"Banan's Haribo Sachet bonbons - 300g","p":1.52,"u":"5,07 €/KG","img":"https://fd13-photos.leclercdrive.fr/image.ashx?id=1739936&use=l&cat=p&typeid=i","cat":304250},{"id":3359,"n":"Compote Andros Pomme 750g","p":1.49,"u":"1,99 €/KG","img":"https://fd13-photos.leclercdrive.fr/image.ashx?id=2327716&use=l&cat=p&typeid=i","cat":284508},{"id":3361,"n":"Pâtée chats Gourmet gold Mousselines 4x85g","p":1.97,"u":"5,79 €/KG","img":"https://fd13-photos.leclercdrive.fr/image.ashx?id=2711103&use=l&cat=p&typeid=i","cat":285286},{"id":3364,"n":"Huile de douche Manava Bien être oriental 250ml","p":1.16,"u":"4,64 €/L","img":"https://fd13-photos.leclercdrive.fr/image.ashx?id=2029361&use=l&cat=p&typeid=i","cat":284594},{"id":3365,"n":"Gel douche et shampooing Carré Homme Dynamisante - 250ml","p":1.15,"u":"4,60 €/L","img":"https://fd13-photos.leclercdrive.fr/image.ashx?id=1543589&use=l&cat=p&typeid=i","cat":284619},{"id":3371,"n":"Kit Fajitas Tables du Monde 505g","p":2.79,"u":"5,52 €/KG","img":"https://fd13-photos.leclercdrive.fr/image.ashx?id=2044378&use=l&cat=p&typeid=i","cat":288993},{"id":3373,"n":"Tortillas Tables du Monde Galettes de blé x8 320g","p":1.71,"u":"5,34 €/KG","img":"https://fd13-photos.leclercdrive.fr/image.ashx?id=2679729&use=l&cat=p&typeid=i","cat":288993},{"id":3375,"n":"Lingettes bébé Mots d'Enfants Toilettes fruits rouges - x60","p":1.7,"u":"0,03 €/P","img":"https://fd13-photos.leclercdrive.fr/image.ashx?id=1878521&use=l&cat=p&typeid=i","cat":284738},{"id":3376,"n":"Café moulu Bio Village Bio  Pérou - 250g","p":4.21,"u":"16,84 €/KG","img":"https://fd13-photos.leclercdrive.fr/image.ashx?id=2552436&use=l&cat=p&typeid=i","cat":284750},{"id":3387,"n":"Gel à raser Carré Homme Vitaminé protecteur 200ml","p":1.89,"u":"9,45 €/L","img":"https://fd13-photos.leclercdrive.fr/image.ashx?id=2704642&use=l&cat=p&typeid=i","cat":284617},{"id":3395,"n":"Dentifrice Dentamyl Aux plantes 75ml","p":0.94,"u":"12,53 €/L","img":"https://fd13-photos.leclercdrive.fr/image.ashx?id=2489104&use=l&cat=p&typeid=i","cat":284612},{"id":3396,"n":"Dentifrice Dentamyl Haleine fraîche 75ml","p":0.76,"u":"10,13 €/L","img":"https://fd13-photos.leclercdrive.fr/image.ashx?id=2489101&use=l&cat=p&typeid=i","cat":284612},{"id":3401,"n":"Serviette hygiénique Doulys Maxi - Spécial nuit - x12","p":0.95,"u":"0,08 €/P","img":"https://fd13-photos.leclercdrive.fr/image.ashx?id=2637859&use=l&cat=p&typeid=i","cat":284624},{"id":3412,"n":"Soupe de poissons Régal Soupe 1L","p":2.69,"u":"2,69 €/L","img":"https://fd13-photos.leclercdrive.fr/image.ashx?id=745138&use=l&cat=p&typeid=i","cat":287366},{"id":3413,"n":"Asperges blanches Notre Jardin Pointes - 110g","p":2.35,"u":"21,36 €/KG","img":"https://fd13-photos.leclercdrive.fr/image.ashx?id=2049022&use=l&cat=p&typeid=i","cat":312611},{"id":3416,"n":"Ratatouille Notre Jardin A la provençale - 750g","p":1.29,"u":"1,72 €/KG","img":"https://fd13-photos.leclercdrive.fr/image.ashx?id=2526291&use=l&cat=p&typeid=i","cat":312612},{"id":3421,"n":"Huile Fruit d'Or végétale 1L","p":3.66,"u":"3,66 €/L","img":"https://fd13-photos.leclercdrive.fr/image.ashx?id=2916854&use=l&cat=p&typeid=i","cat":284453},{"id":3424,"n":"Plat moussaka Côté table 850g","p":4.63,"u":"5,45 €/KG","img":"https://fd13-photos.leclercdrive.fr/image.ashx?id=2045175&use=l&cat=p&typeid=i","cat":284254},{"id":3428,"n":"Feuilletés paniers Côté Table St Jacques Fruits de mer 4x100g","p":4.45,"u":"11,13 €/KG","img":"https://fd13-photos.leclercdrive.fr/image.ashx?id=2549379&use=l&cat=p&typeid=i","cat":319776},{"id":3429,"n":"Lasagnes bolognaises Côté table 1kg","p":3.49,"u":"3,49 €/KG","img":"https://fd13-photos.leclercdrive.fr/image.ashx?id=2545628&use=l&cat=p&typeid=i","cat":284254},{"id":3441,"n":"AOP Freixenet Cava Cordon Negro Brut - 75cl","p":5.7,"u":"7,60 €/L","img":"https://fd13-photos.leclercdrive.fr/image.ashx?id=3011929&use=l&cat=p&typeid=i","cat":289461},{"id":3455,"n":"Saumon et torsades Côté Table  Sauce à l'oseille - 300g","p":2.59,"u":"8,63 €/KG","img":"https://fd13-photos.leclercdrive.fr/image.ashx?id=2476119&use=l&cat=p&typeid=i","cat":284953},{"id":3459,"n":"Petit Pois et Carottes Cassegrain 465g","p":2.7,"u":"5,81 €/KG","img":"https://fd13-photos.leclercdrive.fr/image.ashx?id=2912971&use=l&cat=p&typeid=i","cat":312607},{"id":3462,"n":"Pain précuit Epi d'Or Demi-baguette x2 - 300g","p":0.65,"u":"2,17 €/KG","img":"https://fd13-photos.leclercdrive.fr/image.ashx?id=1957710&use=l&cat=p&typeid=i","cat":325069},{"id":3517,"n":"Bonbons Haribo Réglisse Carensac - 250g","p":1.73,"u":"6,92 €/KG","img":"https://fd13-photos.leclercdrive.fr/image.ashx?id=2982405&use=l&cat=p&typeid=i","cat":304250},{"id":3520,"n":"Boîtes chiens Lydog Terrines Viande volaille - 4x405g","p":3.47,"u":"2,14 €/KG","img":"https://fd13-photos.leclercdrive.fr/image.ashx?id=2815746&use=l&cat=p&typeid=i","cat":288578},{"id":3525,"n":"Crêpes fourrées P'tit déli Chocolat x8 - 256g","p":1.65,"u":"6,45 €/KG","img":"https://fd13-photos.leclercdrive.fr/image.ashx?id=2656335&use=l&cat=p&typeid=i","cat":284494},{"id":3549,"n":"IGP Pays d'Oc rosé J.P. Chenet 12.5% vol - 75cl","p":3.2,"u":"4,27 €/L","img":"https://fd13-photos.leclercdrive.fr/image.ashx?id=2985108&use=l&cat=p&typeid=i","cat":289558},{"id":3550,"n":"AOP Côtes de Provence rosé Billette Bouquet - 75cl","p":5.98,"u":"7,97 €/L","img":"https://fd13-photos.leclercdrive.fr/image.ashx?id=2625433&use=l&cat=p&typeid=i","cat":289558},{"id":3553,"n":"Whisky Chivas Regal 12 ans Blended Scotch 40% vol - 70cl","p":28.9,"pp":26.01,"u":"37,16 €/L","img":"https://fd13-photos.leclercdrive.fr/image.ashx?id=2914444&use=l&cat=p&typeid=i","cat":284547},{"id":3555,"n":"Whisky The Genlivet 12 ans 40%vol - 70cl","p":29.19,"u":"41,70 €/L","img":"https://fd13-photos.leclercdrive.fr/image.ashx?id=2885938&use=l&cat=p&typeid=i","cat":284547},{"id":3558,"n":"IGP Pays d'Oc rouge J-P Chenet Cabernet-Syrah 13% vol - 75 cl","p":3.21,"u":"4,28 €/L","img":"https://fd13-photos.leclercdrive.fr/image.ashx?id=2810864&use=l&cat=p&typeid=i","cat":289556},{"id":3564,"n":"Vin de l'Union Européenne  La Villageoise - 6x25cl","p":4.3,"u":"2,87 €/L","img":"https://fd13-photos.leclercdrive.fr/image.ashx?id=2731651&use=l&cat=p&typeid=i","cat":289557},{"id":3571,"n":"Nectar Jafaden Abricot - 1L","p":2.59,"u":"2,59 €/L","img":"https://fd13-photos.leclercdrive.fr/image.ashx?id=2955713&use=l&cat=p&typeid=i","cat":284915},{"id":3575,"n":"Litière chats Tous mes Amis Végétale - 10L","p":4.39,"u":"0,44 €/L","img":"https://fd13-photos.leclercdrive.fr/image.ashx?id=2055217&use=l&cat=p&typeid=i","cat":284683},{"id":3576,"n":"Litière chats Tous mes Amis Minérale - Hygiénique - 10L","p":4.65,"u":"0,47 €/L","img":"https://fd13-photos.leclercdrive.fr/image.ashx?id=2055211&use=l&cat=p&typeid=i","cat":284683},{"id":3580,"n":"Le Haricot vert Cueilli Main Bonduelle Extra Fin 280g","p":2.46,"u":"8,79 €/KG","img":"https://fd13-photos.leclercdrive.fr/image.ashx?id=2910019&use=l&cat=p&typeid=i","cat":312606},{"id":3584,"n":"Macédoine de Légumes Bonduelle 530g","p":1.59,"u":"3,00 €/KG","img":"https://fd13-photos.leclercdrive.fr/image.ashx?id=2939235&use=l&cat=p&typeid=i","cat":312612},{"id":3587,"n":"AOP Bordeaux rouge Blaissac - 75cl","p":4.0,"u":"5,33 €/L","img":"https://fd13-photos.leclercdrive.fr/image.ashx?id=2917429&use=l&cat=p&typeid=i","cat":289556},{"id":3588,"n":"IGP Pays d'Oc rouge Roche Mazet Cabernet Sauvignon 12.5% 75cl","p":3.04,"u":"4,05 €/L","img":"https://fd13-photos.leclercdrive.fr/image.ashx?id=2333000&use=l&cat=p&typeid=i","cat":289556},{"id":3589,"n":"IGP Pays d'Oc rouge Roche Mazet Merlot - 75cl","p":3.04,"u":"4,05 €/L","img":"https://fd13-photos.leclercdrive.fr/image.ashx?id=2332997&use=l&cat=p&typeid=i","cat":289556},{"id":3590,"n":"IGP Pays d'Oc rosé Roche Mazet Cinsault Grenache 12% vol 75cl","p":3.04,"u":"4,05 €/L","img":"https://fd13-photos.leclercdrive.fr/image.ashx?id=2341510&use=l&cat=p&typeid=i","cat":289558},{"id":3593,"n":"Vin d'Italie rouge pétillant Vilaveroni Lambrusco- 75cl","p":3.8,"u":"5,07 €/L","img":"https://fd13-photos.leclercdrive.fr/image.ashx?id=2333021&use=l&cat=p&typeid=i","cat":289556},{"id":3599,"n":"IGP Pays d'Oc rosé Listel Grain De gris 12.5% vol - 75cl","p":3.5,"u":"4,67 €/L","img":"https://fd13-photos.leclercdrive.fr/image.ashx?id=2556135&use=l&cat=p&typeid=i","cat":289558},{"id":3600,"n":"Miel Lune de Miel Tartimiel 250g","p":2.25,"u":"9,00 €/KG","img":"https://fd13-photos.leclercdrive.fr/image.ashx?id=2662610&use=l&cat=p&typeid=i","cat":287643},{"id":3604,"n":"Allume-feu Silex cubes x28 200g","p":1.11,"u":"5,55 €/KG","img":"https://fd13-photos.leclercdrive.fr/image.ashx?id=2558781&use=l&cat=p&typeid=i","cat":300578},{"id":3609,"n":"Petit Pois Cassegrain Tendres et Fondants 495g","p":2.73,"u":"5,52 €/KG","img":"https://fd13-photos.leclercdrive.fr/image.ashx?id=2912962&use=l&cat=p&typeid=i","cat":312607},{"id":3610,"n":"Petits pois Notre Jardin A l'étuvée -Extra fins - 3x140g","p":1.57,"u":"3,74 €/KG","img":"https://fd13-photos.leclercdrive.fr/image.ashx?id=2537343&use=l&cat=p&typeid=i","cat":312607},{"id":3617,"n":"Galettes de riz bio Bio Village Complet x17 - 130g","p":0.91,"u":"7,00 €/KG","img":"https://fd13-photos.leclercdrive.fr/image.ashx?id=2816151&use=l&cat=p&typeid=i","cat":318651},{"id":3623,"n":"Sparadrap Mercurochome Microporeux 5mx2.5cm","p":2.4,"u":"70,59 €/KG","img":"https://fd13-photos.leclercdrive.fr/image.ashx?id=2731480&use=l&cat=p&typeid=i","cat":284630},{"id":3630,"n":"Filets colin Alaska Pêche océan 4 tranches - MSC - 400g","p":2.49,"u":"6,23 €/KG","img":"https://fd13-photos.leclercdrive.fr/image.ashx?id=2930087&use=l&cat=p&typeid=i","cat":319786},{"id":3633,"n":"Colin d'Alaska Pêche Océan x10 tranches - MSC - 1kg","p":6.25,"u":"6,25 €/KG","img":"https://fd13-photos.leclercdrive.fr/image.ashx?id=2930096&use=l&cat=p&typeid=i","cat":319786},{"id":3638,"n":"Fromage Mini Caprice Des Dieux 3 Portions - 150g","p":2.72,"u":"18,13 €/KG","img":"https://fd13-photos.leclercdrive.fr/image.ashx?id=2217434&use=l&cat=p&typeid=i","cat":314033},{"id":3640,"n":"Fromage Apéritif Apérivrais  Saveurs de Provence - 100g","p":2.08,"u":"20,80 €/KG","img":"https://fd13-photos.leclercdrive.fr/image.ashx?id=2885348&use=l&cat=p&typeid=i","cat":314027},{"id":3641,"n":"Fromage Apéritif Apérivrais  Saveurs d'Italie - 100g","p":2.08,"u":"20,80 €/KG","img":"https://fd13-photos.leclercdrive.fr/image.ashx?id=2944705&use=l&cat=p&typeid=i","cat":314027},{"id":3643,"n":"Scotch Whisky Baird's 40%vol - 70cl","p":10.99,"u":"15,70 €/L","img":"https://fd13-photos.leclercdrive.fr/image.ashx?id=2907159&use=l&cat=p&typeid=i","cat":284547},{"id":3651,"n":"Vin du Portugal rosé Mateus - VSIG - 12% vol 75cl","p":4.7,"u":"6,27 €/L","img":"https://fd13-photos.leclercdrive.fr/image.ashx?id=2794619&use=l&cat=p&typeid=i","cat":289558},{"id":3660,"n":"Fromage tartiflette Les Croisés 27%mg 500g","p":3.89,"u":"7,78 €/KG","img":"https://fd13-photos.leclercdrive.fr/image.ashx?id=2791746&use=l&cat=p&typeid=i","cat":314037},{"id":3663,"n":"Fromage à Raclette RichesMonts  3 saveurs 27 Tranches - 700g","p":10.78,"u":"15,40 €/KG","img":"https://fd13-photos.leclercdrive.fr/image.ashx?id=2766289&use=l&cat=p&typeid=i","cat":314037},{"id":3668,"n":"Faisselle Rians - 6%mg - 1kg","p":2.7,"u":"2,70 €/KG","img":"https://fd13-photos.leclercdrive.fr/image.ashx?id=2659629&use=l&cat=p&typeid=i","cat":284409},{"id":3694,"n":"Pâtes Torti Legumes Panzani - 500G","p":1.29,"u":"2,58 €/KG","img":"https://fd13-photos.leclercdrive.fr/image.ashx?id=2876032&use=l&cat=p&typeid=i","cat":284427},{"id":3699,"n":"Café moulu Bio Village Bio Amérique latine - 250g","p":4.99,"u":"19,96 €/KG","img":"https://fd13-photos.leclercdrive.fr/image.ashx?id=2603713&use=l&cat=p&typeid=i","cat":284750},{"id":3712,"n":"Emincé poulet Côté Table Sauce curry - 300g","p":2.02,"u":"6,73 €/KG","img":"https://fd13-photos.leclercdrive.fr/image.ashx?id=2393857&use=l&cat=p&typeid=i","cat":284953},{"id":3713,"n":"Huile d'olive Rustica Vierge extra - 50cl","p":4.8,"u":"9,60 €/L","img":"https://fd13-photos.leclercdrive.fr/image.ashx?id=2930340&use=l&cat=p&typeid=i","cat":284453},{"id":3714,"n":"Serviette hygiénique Doulys Ultra minces - Normal - x16","p":1.03,"u":"0,06 €/P","img":"https://fd13-photos.leclercdrive.fr/image.ashx?id=2838924&use=l&cat=p&typeid=i","cat":284624},{"id":3716,"n":"Pizza cuite sur pierre Turini Royale - 400g","p":1.99,"u":"4,98 €/KG","img":"https://fd13-photos.leclercdrive.fr/image.ashx?id=2815205&use=l&cat=p&typeid=i","cat":284256},{"id":3719,"n":"Gomme Coiffante L'Oréal Paris Effet Remodelable - 150ml","p":3.44,"u":"22,93 €/L","img":"https://fd13-photos.leclercdrive.fr/image.ashx?id=2614194&use=l&cat=p&typeid=i","cat":284609},{"id":3736,"n":"Chocolat Pâtissier Menier Tablette Noir - 200g","p":2.29,"u":"11,45 €/KG","img":"https://fd13-photos.leclercdrive.fr/image.ashx?id=2624146&use=l&cat=p&typeid=i","cat":285562},{"id":3743,"n":"Mini brownie Brossard Chocolat pépites x8 - 240g","p":2.71,"u":"11,29 €/KG","img":"https://fd13-photos.leclercdrive.fr/image.ashx?id=2965100&use=l&cat=p&typeid=i","cat":294776},{"id":3748,"n":"Soufflés Grignot' Tokapi  Saveur Fromage - 90g","p":0.72,"u":"8,00 €/KG","img":"https://fd13-photos.leclercdrive.fr/image.ashx?id=1956625&use=l&cat=p&typeid=i","cat":284449},{"id":3756,"n":"Mélange Exotique Tokapi  Bananes et papaye - 120g","p":1.47,"u":"12,25 €/KG","img":"https://fd13-photos.leclercdrive.fr/image.ashx?id=2793991&use=l&cat=p&typeid=i","cat":284448},{"id":3758,"n":"Sachet repas chats Gourmet 4 variétés de filets - 4x85g","p":1.9,"u":"5,59 €/KG","img":"https://fd13-photos.leclercdrive.fr/image.ashx?id=2902274&use=l&cat=p&typeid=i","cat":285286},{"id":3759,"n":"Sachet repas chats Gourmet Filets en sachet - 4x85g","p":1.9,"u":"5,59 €/KG","img":"https://fd13-photos.leclercdrive.fr/image.ashx?id=2902337&use=l&cat=p&typeid=i","cat":285286},{"id":3773,"n":"Feuilletés paniers Côté Table Jambon fromage - 4x100g","p":2.15,"u":"5,38 €/KG","img":"https://fd13-photos.leclercdrive.fr/image.ashx?id=2549382&use=l&cat=p&typeid=i","cat":319776},{"id":3775,"n":"Feuilletés paniers Côté Table Fromage de chèvre - 4x100g","p":2.95,"u":"7,38 €/KG","img":"https://fd13-photos.leclercdrive.fr/image.ashx?id=2549385&use=l&cat=p&typeid=i","cat":319776},{"id":3777,"n":"Légumes couscous Notre jardin 1kg","p":1.99,"u":"1,99 €/KG","img":"https://fd13-photos.leclercdrive.fr/image.ashx?id=2900031&use=l&cat=p&typeid=i","cat":319823},{"id":3784,"n":"Coquilles poisson Côté Table Et fruits de mer x6 - 660g","p":5.35,"u":"8,11 €/KG","img":"https://fd13-photos.leclercdrive.fr/image.ashx?id=2990092&use=l&cat=p&typeid=i","cat":319775},{"id":3786,"n":"Poisson pané Pêche Océan MSC - x20 - 1kg","p":6.95,"u":"6,95 €/KG","img":"https://fd13-photos.leclercdrive.fr/image.ashx?id=1919342&use=l&cat=p&typeid=i","cat":319788},{"id":3789,"n":"Pavés de saumon Pêche Océan ASC - 2x125g","p":4.99,"u":"19,96 €/KG","img":"https://fd13-photos.leclercdrive.fr/image.ashx?id=2953719&use=l&cat=p&typeid=i","cat":319786},{"id":3794,"n":"Poisson pané Pêche Océan - MSC Colin d'alaska - x8 - 400g","p":2.78,"u":"6,95 €/KG","img":"https://fd13-photos.leclercdrive.fr/image.ashx?id=2176092&use=l&cat=p&typeid=i","cat":319788},{"id":3795,"n":"Poisson pané Pêche Océan Cabillaud - MSC - x8 400g","p":4.45,"u":"11,13 €/KG","img":"https://fd13-photos.leclercdrive.fr/image.ashx?id=1724533&use=l&cat=p&typeid=i","cat":319788},{"id":3796,"n":"Croquettes poisson Pêche Océan MSC - x6 - 300g","p":1.72,"u":"5,73 €/KG","img":"https://fd13-photos.leclercdrive.fr/image.ashx?id=2052763&use=l&cat=p&typeid=i","cat":319788},{"id":3797,"n":"Brandade morue Côté Table 1kg","p":3.99,"u":"3,99 €/KG","img":"https://fd13-photos.leclercdrive.fr/image.ashx?id=2047028&use=l&cat=p&typeid=i","cat":284254},{"id":3810,"n":"Epinards Notre Jardin Branches A la crème fraîche 1kg","p":2.98,"u":"2,98 €/KG","img":"https://fd13-photos.leclercdrive.fr/image.ashx?id=2873081&use=l&cat=p&typeid=i","cat":319805},{"id":3820,"n":"Sandwich XXL Daunat Jambon emmental - 230g","p":2.2,"u":"9,57 €/KG","img":"https://fd13-photos.leclercdrive.fr/image.ashx?id=2892700&use=l&cat=p&typeid=i","cat":333658},{"id":3823,"n":"Wings poulet Maître coq nature 400g","p":4.74,"u":"11,85 €/KG","img":"https://fd13-photos.leclercdrive.fr/image.ashx?id=2101438&use=l&cat=p&typeid=i","cat":333685},{"id":3827,"n":"Ailes poulet rôti mexicain Maître Coq - 1kg","p":7.88,"u":"7,88 €/KG","img":"https://fd13-photos.leclercdrive.fr/image.ashx?id=2094319&use=l&cat=p&typeid=i","cat":333685},{"id":3828,"n":"Pansements Mercurochrome Economiques x20","p":2.64,"img":"https://fd13-photos.leclercdrive.fr/image.ashx?id=2748269&use=l&cat=p&typeid=i","cat":284630},{"id":3844,"n":"Sirop érable Maple Joe Du Canada - 250g","p":3.87,"u":"15,48 €/KG","img":"https://fd13-photos.leclercdrive.fr/image.ashx?id=2656559&use=l&cat=p&typeid=i","cat":287643},{"id":3862,"n":"Cacahuètes grillées Tokapi Salées - 500g","p":1.44,"u":"2,88 €/KG","img":"https://fd13-photos.leclercdrive.fr/image.ashx?id=2795532&use=l&cat=p&typeid=i","cat":284448},{"id":3864,"n":"Jus multifruits Jafaden 12 fruits - 1L","p":1.33,"u":"1,33 €/L","img":"https://fd13-photos.leclercdrive.fr/image.ashx?id=2188682&use=l&cat=p&typeid=i","cat":284917},{"id":3871,"n":"Pain grillé Pelletier Blé complet - 500g","p":1.96,"u":"3,92 €/KG","img":"https://fd13-photos.leclercdrive.fr/image.ashx?id=2345376&use=l&cat=p&typeid=i","cat":284479},{"id":3904,"n":"Viande bovine Charal3x steak*** À griller - 300g","p":7.32,"u":"24,40 €/KG","img":"https://fd13-photos.leclercdrive.fr/image.ashx?id=2485907&use=l&cat=p&typeid=i","cat":284328},{"id":3915,"n":"Steak haché 15%mg Charal Viande bovine - 260g","p":5.91,"u":"22,73 €/KG","img":"https://fd13-photos.leclercdrive.fr/image.ashx?id=1889174&use=l&cat=p&typeid=i","cat":284332},{"id":3918,"n":"Viande Bovine Française Charal Pavé à l'échalote x2 - 260g","p":6.65,"u":"25,58 €/KG","img":"https://fd13-photos.leclercdrive.fr/image.ashx?id=2311198&use=l&cat=p&typeid=i","cat":284328},{"id":3922,"n":"Carpaccio au Basilic Charal - 230g","p":6.59,"u":"28,65 €/KG","img":"https://fd13-photos.leclercdrive.fr/image.ashx?id=1933746&use=l&cat=p&typeid=i","cat":284328},{"id":3944,"n":"Jus multifruits Jafaden Briquettes - 6x20cl","p":1.79,"u":"1,49 €/L","img":"https://fd13-photos.leclercdrive.fr/image.ashx?id=2047856&use=l&cat=p&typeid=i","cat":284524},{"id":3946,"n":"Pâtes Barilla Spaghettoni n°7 - 500g","p":0.98,"u":"1,96 €/KG","img":"https://fd13-photos.leclercdrive.fr/image.ashx?id=2392221&use=l&cat=p&typeid=i","cat":284427},{"id":3948,"n":"Haricots lingots Notre Jardin 500g","p":1.63,"u":"3,26 €/KG","img":"https://fd13-photos.leclercdrive.fr/image.ashx?id=2983775&use=l&cat=p&typeid=i","cat":284430},{"id":3951,"n":"Sucre vanillé Tablier blanc x10 75g","p":0.79,"u":"10,53 €/KG","img":"https://fd13-photos.leclercdrive.fr/image.ashx?id=2487431&use=l&cat=p&typeid=i","cat":294686},{"id":3952,"n":"Sucre Confisuc Saint Louis Spécial confiture - 1kg","p":2.73,"u":"2,73 €/KG","img":"https://fd13-photos.leclercdrive.fr/image.ashx?id=2019969&use=l&cat=p&typeid=i","cat":284502},{"id":3955,"n":"Ravioli pur bœuf  Panzani - 400g","p":1.61,"u":"4,03 €/KG","img":"https://fd13-photos.leclercdrive.fr/image.ashx?id=2876050&use=l&cat=p&typeid=i","cat":284442},{"id":3980,"n":"Sauce bolognaise Turini 680g","p":2.44,"u":"3,59 €/KG","img":"https://fd13-photos.leclercdrive.fr/image.ashx?id=2077197&use=l&cat=p&typeid=i","cat":287599},{"id":3981,"n":"Petits pois carottes Extra fins Notre Jardin - 3x130g","p":1.69,"u":"4,33 €/KG","img":"https://fd13-photos.leclercdrive.fr/image.ashx?id=2537346&use=l&cat=p&typeid=i","cat":312607},{"id":3983,"n":"Flageolets verts Notre Jardin Extra fins - 3x130g","p":1.99,"u":"5,10 €/KG","img":"https://fd13-photos.leclercdrive.fr/image.ashx?id=2537352&use=l&cat=p&typeid=i","cat":312606},{"id":3989,"n":"Soda Jean's Cola  2L","p":1.44,"u":"0,72 €/L","img":"https://fd13-photos.leclercdrive.fr/image.ashx?id=2699423&use=l&cat=p&typeid=i","cat":284530},{"id":3991,"n":"Tarte aux 3 fromages Côté Table - 400g","p":2.82,"u":"7,05 €/KG","img":"https://fd13-photos.leclercdrive.fr/image.ashx?id=2791707&use=l&cat=p&typeid=i","cat":284257},{"id":3997,"n":"Hachis parmentier Côté table 1kg","p":4.83,"u":"4,83 €/KG","img":"https://fd13-photos.leclercdrive.fr/image.ashx?id=2045172&use=l&cat=p&typeid=i","cat":284254},{"id":3998,"n":"Frites allumettes Pom'lisse Au four - 600g","p":1.24,"u":"2,07 €/KG","img":"https://fd13-photos.leclercdrive.fr/image.ashx?id=2699666&use=l&cat=p&typeid=i","cat":319791},{"id":3999,"n":"Crêpes Côté Table Champignons x6 - 300g","p":1.88,"u":"6,27 €/KG","img":"https://fd13-photos.leclercdrive.fr/image.ashx?id=2499352&use=l&cat=p&typeid=i","cat":319776},{"id":4008,"n":"Julienne légumes Notre jardin 600g","p":1.38,"u":"2,30 €/KG","img":"https://fd13-photos.leclercdrive.fr/image.ashx?id=2873102&use=l&cat=p&typeid=i","cat":319823},{"id":4024,"n":"Sauce crudité Rustica Nature - 50cl","p":0.88,"u":"1,76 €/L","img":"https://fd13-photos.leclercdrive.fr/image.ashx?id=1972910&use=l&cat=p&typeid=i","cat":284456},{"id":4025,"n":"Pois chiches Notre Jardin 530g","p":1.19,"u":"2,25 €/KG","img":"https://fd13-photos.leclercdrive.fr/image.ashx?id=2448971&use=l&cat=p&typeid=i","cat":312609},{"id":4026,"n":"Cuisses poulet rôti Le gaulois x2 - 350g","p":3.9,"u":"11,14 €/KG","img":"https://fd13-photos.leclercdrive.fr/image.ashx?id=2277122&use=l&cat=p&typeid=i","cat":284336},{"id":4028,"n":"Filets poulet rôti Le gaulois 230g","p":4.3,"u":"18,70 €/KG","img":"https://fd13-photos.leclercdrive.fr/image.ashx?id=2686879&use=l&cat=p&typeid=i","cat":284336},{"id":4063,"n":"Cidre bouché Les Goelleries Normand doux 2%vol. - 75cl","p":1.79,"u":"2,39 €/L","img":"https://fd13-photos.leclercdrive.fr/image.ashx?id=2842202&use=l&cat=p&typeid=i","cat":334880},{"id":4101,"n":"Pâtes coquillettes Panzani 1kg","p":1.73,"u":"1,73 €/KG","img":"https://fd13-photos.leclercdrive.fr/image.ashx?id=2873823&use=l&cat=p&typeid=i","cat":284427},{"id":4103,"n":"Compotes Andros Pomme Fraise - 8x100g","p":2.79,"u":"3,49 €/KG","img":"https://fd13-photos.leclercdrive.fr/image.ashx?id=2883940&use=l&cat=p&typeid=i","cat":284416},{"id":4141,"n":"Infusion Tiséa réglisse menthe x25","p":0.9,"u":"22,50 €/KG","img":"https://fd13-photos.leclercdrive.fr/image.ashx?id=2441201&use=l&cat=p&typeid=i","cat":293234},{"id":4249,"n":"Crème glacée Eskiss Chocolat noir - 494g","p":2.35,"u":"4,76 €/KG","img":"https://fd13-photos.leclercdrive.fr/image.ashx?id=2698162&use=l&cat=p&typeid=i","cat":284263},{"id":4255,"n":"Crème glacée Eskiss Rhum raisin - 494g","p":2.45,"u":"4,96 €/KG","img":"https://fd13-photos.leclercdrive.fr/image.ashx?id=2982589&use=l&cat=p&typeid=i","cat":284263},{"id":4259,"n":"Pâtes spaghetti Panzani 1kg","p":1.72,"u":"1,72 €/KG","img":"https://fd13-photos.leclercdrive.fr/image.ashx?id=2869555&use=l&cat=p&typeid=i","cat":284427},{"id":4260,"n":"Biscuits sablés P'tit Déli Chocolat au lait - 200g","p":1.19,"u":"5,95 €/KG","img":"https://fd13-photos.leclercdrive.fr/image.ashx?id=2768457&use=l&cat=p&typeid=i","cat":284488},{"id":4288,"n":"Boisson apéritif Voltano Base de vin Bianco 14.4%vol 1L","p":4.99,"u":"4,99 €/L","img":"https://fd13-photos.leclercdrive.fr/image.ashx?id=2473954&use=l&cat=p&typeid=i","cat":284913},{"id":4289,"n":"Boisson apéritif Voltano Base de vin rosso 14.4%vol 1L","p":4.75,"u":"4,75 €/L","img":"https://fd13-photos.leclercdrive.fr/image.ashx?id=2473957&use=l&cat=p&typeid=i","cat":284913},{"id":4290,"n":"Marrons entiers Notre Jardin - 510g","p":5.19,"u":"10,18 €/KG","img":"https://fd13-photos.leclercdrive.fr/image.ashx?id=2190014&use=l&cat=p&typeid=i","cat":312612},{"id":4327,"n":"Collants Well Elastivoile Satiné ibiza T3","p":4.45,"img":"https://fd13-photos.leclercdrive.fr/image.ashx?id=2056383&use=l&cat=p&typeid=i","cat":334130},{"id":4346,"n":"Crêpes Côté Table Fromage x6 - 300g","p":1.75,"u":"5,83 €/KG","img":"https://fd13-photos.leclercdrive.fr/image.ashx?id=2932399&use=l&cat=p&typeid=i","cat":319776},{"id":4357,"n":"Glace à l'eau Yéti 5 parfums x24 - 1.160kg","p":3.44,"u":"2,97 €/KG","img":"https://fd13-photos.leclercdrive.fr/image.ashx?id=2733796&use=l&cat=p&typeid=i","cat":285250},{"id":4367,"n":"Papier toilette Uni Vert Compact écologique - x4","p":3.29,"u":"0,82 €/P","img":"https://fd13-photos.leclercdrive.fr/image.ashx?id=1957072&use=l&cat=p&typeid=i","cat":284634},{"id":4369,"n":"Gel wc menthe pin Uni Vert 750ml","p":1.62,"u":"2,16 €/L","img":"https://fd13-photos.leclercdrive.fr/image.ashx?id=2965446&use=l&cat=p&typeid=i","cat":284662},{"id":4381,"n":"Safran poudre Rustica 3 doses de 0,1g","p":2.96,"img":"https://fd13-photos.leclercdrive.fr/image.ashx?id=1209710&use=l&cat=p&typeid=i","cat":298297},{"id":4412,"n":"Boisson énergisante Red Bull 250ml","p":1.11,"u":"4,44 €/L","img":"https://fd13-photos.leclercdrive.fr/image.ashx?id=2340300&use=l&cat=p&typeid=i","cat":284533},{"id":4417,"n":"Sauce Fondue d'échalote Charal 100g","p":1.73,"u":"17,30 €/KG","img":"https://fd13-photos.leclercdrive.fr/image.ashx?id=2859251&use=l&cat=p&typeid=i","cat":284382},{"id":4425,"n":"Sauce aux 3 poivres Charal 2 personnes - 120g","p":1.98,"u":"16,50 €/KG","img":"https://fd13-photos.leclercdrive.fr/image.ashx?id=2105014&use=l&cat=p&typeid=i","cat":284382},{"id":4427,"n":"Sauce Forestière Charal 2 personnes - 120g","p":1.92,"u":"16,00 €/KG","img":"https://fd13-photos.leclercdrive.fr/image.ashx?id=2558957&use=l&cat=p&typeid=i","cat":284382},{"id":4458,"n":"Pâtes cheveux d'anges Panzani 500g","p":1.24,"u":"2,48 €/KG","img":"https://fd13-photos.leclercdrive.fr/image.ashx?id=2896069&use=l&cat=p&typeid=i","cat":284427},{"id":4468,"n":"Boisson énergisante Red Bull 4x250ml","p":4.28,"u":"4,28 €/L","img":"https://fd13-photos.leclercdrive.fr/image.ashx?id=3011977&use=l&cat=p&typeid=i","cat":284533},{"id":4469,"n":"Combustible poêle pétrole PTX 2000 20L","p":21.85,"u":"1,09 €/L","img":"https://fd13-photos.leclercdrive.fr/image.ashx?id=2798328&use=l&cat=p&typeid=i","cat":300577},{"id":4507,"n":"Enveloppes adhésives Eco+ 11x22cm 70g - x100","p":1.73,"u":"0,02 €/P","img":"https://fd13-photos.leclercdrive.fr/image.ashx?id=1699666&use=l&cat=p&typeid=i","cat":284697},{"id":4512,"n":"Pur jus orange Jafaden Sans pulpe - 1L","p":2.43,"u":"2,43 €/L","img":"https://fd13-photos.leclercdrive.fr/image.ashx?id=2414976&use=l&cat=p&typeid=i","cat":285435},{"id":4519,"n":"Bande à découper Primoplast Multi-usages - 10x6cm","p":0.79,"img":"https://fd13-photos.leclercdrive.fr/image.ashx?id=2885560&use=l&cat=p&typeid=i","cat":284630},{"id":4524,"n":"Filtre café Eco+ N°4 - x100","p":0.99,"u":"0,01 €/P","img":"https://fd13-photos.leclercdrive.fr/image.ashx?id=2593806&use=l&cat=p&typeid=i","cat":284751},{"id":4543,"n":"Gel Lubrifiant Intime Durex Sensitive base Eau 50ml","p":4.66,"u":"93,20 €/L","img":"https://fd13-photos.leclercdrive.fr/image.ashx?id=2961200&use=l&cat=p&typeid=i","cat":285160},{"id":4566,"n":"Nuggets de poulet Maître coq 1kg","p":7.4,"u":"7,40 €/KG","img":"https://fd13-photos.leclercdrive.fr/image.ashx?id=2877826&use=l&cat=p&typeid=i","cat":333684},{"id":4567,"n":"Panés de poulet Maître Coq 1kg","p":8.43,"u":"8,43 €/KG","img":"https://fd13-photos.leclercdrive.fr/image.ashx?id=2877823&use=l&cat=p&typeid=i","cat":333684},{"id":4569,"n":"Coq'ailes Maître Coq Mexicain - 250g","p":3.28,"u":"13,12 €/KG","img":"https://fd13-photos.leclercdrive.fr/image.ashx?id=2432034&use=l&cat=p&typeid=i","cat":333685},{"id":4570,"n":"Coq'ailes Maître coq Nature - 250g","p":3.17,"u":"12,68 €/KG","img":"https://fd13-photos.leclercdrive.fr/image.ashx?id=2412591&use=l&cat=p&typeid=i","cat":333685},{"id":4583,"n":"Sucre vanillé Vahiné Madagascar - 5x7,5g","p":1.76,"u":"46,32 €/KG","img":"https://fd13-photos.leclercdrive.fr/image.ashx?id=2489190&use=l&cat=p&typeid=i","cat":294686},{"id":4594,"n":"Baguette de campagne 250g","p":0.95,"u":"3,80 €/KG","img":"https://fd13-photos.leclercdrive.fr/image.ashx?id=2062915&use=l&cat=p&typeid=i","cat":284359},{"id":4611,"n":"Stylo correcteur blanc Esquisse 8ml","p":0.99,"img":"https://fd13-photos.leclercdrive.fr/image.ashx?id=1701148&use=l&cat=p&typeid=i","cat":334133},{"id":4624,"n":"Dattes Couleurs Vives 500g","p":2.75,"u":"5,50 €/KG","img":"https://fd13-photos.leclercdrive.fr/image.ashx?id=2542926&use=l&cat=p&typeid=i","cat":284357},{"id":4626,"n":"Vinaigrette Rustica Nature - 50cl","p":0.88,"u":"1,76 €/L","img":"https://fd13-photos.leclercdrive.fr/image.ashx?id=1972898&use=l&cat=p&typeid=i","cat":284456},{"id":4628,"n":"Moutarde de Dijon Rustica  Fine et forte - 440g","p":1.13,"u":"2,57 €/KG","img":"https://fd13-photos.leclercdrive.fr/image.ashx?id=2954340&use=l&cat=p&typeid=i","cat":288850},{"id":4629,"n":"Moutarde à l'ancienne Rustica Vinaigre - 350g","p":1.12,"u":"3,20 €/KG","img":"https://fd13-photos.leclercdrive.fr/image.ashx?id=2954343&use=l&cat=p&typeid=i","cat":288850},{"id":4630,"n":"Pâté piment d'Espelette NRT Label Rouge - 180g","p":2.39,"u":"13,28 €/KG","img":"https://fd13-photos.leclercdrive.fr/image.ashx?id=2991485&use=l&cat=p&typeid=i","cat":305149},{"id":4640,"n":"Petits pois carottes Notre Jard Extra fins - 420g","p":1.35,"u":"3,21 €/KG","img":"https://fd13-photos.leclercdrive.fr/image.ashx?id=2987943&use=l&cat=p&typeid=i","cat":312607},{"id":4641,"n":"Croquettes chaton Purina One Junior - Poulet/Céréales - 450g","p":2.63,"u":"5,84 €/KG","img":"https://fd13-photos.leclercdrive.fr/image.ashx?id=2499883&use=l&cat=p&typeid=i","cat":284680},{"id":4679,"n":"Gel WC nettoyant Syphon Javel eucalyptus - 750ml","p":0.87,"u":"1,16 €/L","img":"https://fd13-photos.leclercdrive.fr/image.ashx?id=2663359&use=l&cat=p&typeid=i","cat":284662},{"id":4682,"n":"Petits pois Notre Jardin A l'étuvée - Extra fins - 445g","p":1.28,"u":"2,88 €/KG","img":"https://fd13-photos.leclercdrive.fr/image.ashx?id=2987940&use=l&cat=p&typeid=i","cat":312607},{"id":4688,"n":"Pâtes Blé complet Barilla Penne Rigate Integrale - 500g","p":1.21,"u":"2,42 €/KG","img":"https://fd13-photos.leclercdrive.fr/image.ashx?id=2986954&use=l&cat=p&typeid=i","cat":284427},{"id":4727,"n":"Chocolat au lait Tablette d'Or Raisins secs & Noisettes - 200g","p":2.19,"u":"10,95 €/KG","img":"https://fd13-photos.leclercdrive.fr/image.ashx?id=2074470&use=l&cat=p&typeid=i","cat":284497},{"id":4844,"n":"Pochettes perforées Esquisse x50","p":1.69,"img":"https://fd13-photos.leclercdrive.fr/image.ashx?id=2943157&use=l&cat=p&typeid=i","cat":284745},{"id":4863,"n":"Tampons Doulys Digitaux Normal - x24","p":1.24,"u":"0,05 €/P","img":"https://fd13-photos.leclercdrive.fr/image.ashx?id=2965401&use=l&cat=p&typeid=i","cat":284626},{"id":4876,"n":"Petits pots bébé NATURNES Carottes 4M+ - 2x130g","p":1.06,"u":"4,08 €/KG","img":"https://fd13-photos.leclercdrive.fr/image.ashx?id=2522398&use=l&cat=p&typeid=i","cat":312234},{"id":4877,"n":"Petits pots bébé NATURNES Haricots Verts 4M+ - 2x130g","p":1.03,"u":"3,96 €/KG","img":"https://fd13-photos.leclercdrive.fr/image.ashx?id=2522401&use=l&cat=p&typeid=i","cat":312234},{"id":4879,"n":"Petits pots bébé NATURNES Courgettes 4M+ - 2x130g","p":1.01,"u":"3,88 €/KG","img":"https://fd13-photos.leclercdrive.fr/image.ashx?id=2532249&use=l&cat=p&typeid=i","cat":312234},{"id":4880,"n":"Petits pots bébé NATURNES Epinards 4M+ - 2x130g","p":1.04,"u":"4,00 €/KG","img":"https://fd13-photos.leclercdrive.fr/image.ashx?id=2736973&use=l&cat=p&typeid=i","cat":312234},{"id":4881,"n":"Petits pots bébé NATURNES Potiron 4M+ - 2x130g","p":1.03,"u":"3,96 €/KG","img":"https://fd13-photos.leclercdrive.fr/image.ashx?id=2532252&use=l&cat=p&typeid=i","cat":312234},{"id":4905,"n":"Purée de fruit NATURNES Pomme banane 4M+ - 4x130g","p":2.18,"u":"4,19 €/KG","img":"https://fd13-photos.leclercdrive.fr/image.ashx?id=2599937&use=l&cat=p&typeid=i","cat":312387},{"id":4906,"n":"Purée de fruit NATURNES Pommes Poires 4M+ - 4x130g","p":2.3,"u":"4,42 €/KG","img":"https://fd13-photos.leclercdrive.fr/image.ashx?id=2672551&use=l&cat=p&typeid=i","cat":312387},{"id":4909,"n":"Purée de fruit NATURNES Fruits du soleil 8M+ - 4x130g","p":2.25,"u":"4,33 €/KG","img":"https://fd13-photos.leclercdrive.fr/image.ashx?id=2629647&use=l&cat=p&typeid=i","cat":312388},{"id":4910,"n":"Purée de fruit NATURNES 6M+ Pomme Fraise Myrtilles - 4x130g","p":2.11,"u":"4,06 €/KG","img":"https://fd13-photos.leclercdrive.fr/image.ashx?id=2478399&use=l&cat=p&typeid=i","cat":312388},{"id":4936,"n":"Coussinet d'allaitement Tigex Ultra-absorbants x36","p":7.24,"img":"https://fd13-photos.leclercdrive.fr/image.ashx?id=2355533&use=l&cat=p&typeid=i","cat":289435},{"id":4949,"n":"Mouche bébé ergonomiqueTigex 0-24 mois embout en silicone x1","p":7.1,"img":"https://fd13-photos.leclercdrive.fr/image.ashx?id=2689838&use=l&cat=p&typeid=i","cat":289435},{"id":4957,"n":"Cuillère douce silicone Tigex Vert taille unique - 1 pièce","p":4.05,"img":"https://fd13-photos.leclercdrive.fr/image.ashx?id=1971299&use=l&cat=p&typeid=i","cat":289435},{"id":4971,"n":"Fromage Spécialité Port Salut - 320g","p":2.77,"u":"8,66 €/KG","img":"https://fd13-photos.leclercdrive.fr/image.ashx?id=2143762&use=l&cat=p&typeid=i","cat":329184},{"id":4988,"n":"Beurre Moulé Paysan Breton Doux - 82%MG - 500g","p":6.24,"u":"12,48 €/KG","img":"https://fd13-photos.leclercdrive.fr/image.ashx?id=2774496&use=l&cat=p&typeid=i","cat":284379},{"id":4997,"n":"Gésiers de volaille Le Gaulois 300g","p":3.39,"u":"11,30 €/KG","img":"https://fd13-photos.leclercdrive.fr/image.ashx?id=2732722&use=l&cat=p&typeid=i","cat":284715},{"id":5000,"n":"Frites de poulet Le Gaulois Panées France - 200g","p":2.44,"u":"12,20 €/KG","img":"https://fd13-photos.leclercdrive.fr/image.ashx?id=2261657&use=l&cat=p&typeid=i","cat":333684},{"id":5015,"n":"Yaourts Les Zaros Délisse Fruits panachés - 16x125g","p":2.48,"u":"1,24 €/KG","img":"https://fd13-photos.leclercdrive.fr/image.ashx?id=2970444&use=l&cat=p&typeid=i","cat":284414},{"id":5016,"n":"Yaourts nature Déli'light 0% MG - 12x125g","p":1.91,"u":"1,27 €/KG","img":"https://fd13-photos.leclercdrive.fr/image.ashx?id=2922482&use=l&cat=p&typeid=i","cat":315000},{"id":5018,"n":"Yaourts Délisse Nature - 4x125g","p":0.65,"u":"1,30 €/KG","img":"https://fd13-photos.leclercdrive.fr/image.ashx?id=2321938&use=l&cat=p&typeid=i","cat":284409},{"id":5021,"n":"Crottin de chèvre Les Croisés 23%mg - 2x60g","p":1.78,"u":"14,83 €/KG","img":"https://fd13-photos.leclercdrive.fr/image.ashx?id=2048618&use=l&cat=p&typeid=i","cat":314031},{"id":5023,"n":"Salade composée Notre Jardin Mélée gourmande - 200g","p":0.99,"u":"4,95 €/KG","img":"https://fd13-photos.leclercdrive.fr/image.ashx?id=1678619&use=l&cat=p&typeid=i","cat":284353},{"id":5025,"n":"Salade Notre Jardin Jeunes pousses - 125g","p":1.49,"u":"11,92 €/KG","img":"https://fd13-photos.leclercdrive.fr/image.ashx?id=2121537&use=l&cat=p&typeid=i","cat":284353},{"id":5026,"n":"Ravioli Turini Boeuf aux oignons - 300g","p":1.53,"u":"5,10 €/KG","img":"https://fd13-photos.leclercdrive.fr/image.ashx?id=2778036&use=l&cat=p&typeid=i","cat":333682},{"id":5028,"n":"Piémontaise Menu Fraîcheur Au jambon - 500g","p":2.2,"u":"4,40 €/KG","img":"https://fd13-photos.leclercdrive.fr/image.ashx?id=2552412&use=l&cat=p&typeid=i","cat":333657},{"id":5029,"n":"Museau de porc Menu Fraîcheur A la lyonnaise - 300g","p":1.99,"u":"6,63 €/KG","img":"https://fd13-photos.leclercdrive.fr/image.ashx?id=2816558&use=l&cat=p&typeid=i","cat":333657},{"id":5031,"n":"Petits chèvres doux Les Croisés 200g","p":2.02,"u":"10,10 €/KG","img":"https://fd13-photos.leclercdrive.fr/image.ashx?id=2033141&use=l&cat=p&typeid=i","cat":314031},{"id":5032,"n":"Pizza Turini Chorizo - 450g","p":2.69,"u":"5,98 €/KG","img":"https://fd13-photos.leclercdrive.fr/image.ashx?id=2422168&use=l&cat=p&typeid=i","cat":333679},{"id":5037,"n":"Gésiers de volaille Volandrie 300g","p":2.49,"u":"8,30 €/KG","img":"https://fd13-photos.leclercdrive.fr/image.ashx?id=2358117&use=l&cat=p&typeid=i","cat":284715},{"id":5039,"n":"Crème caramel Délisse 8x100g","p":2.98,"u":"3,73 €/KG","img":"https://fd13-photos.leclercdrive.fr/image.ashx?id=2466069&use=l&cat=p&typeid=i","cat":284419},{"id":5041,"n":"Fromage blanc Déli'light Nature 0% MG - 1kg","p":1.79,"u":"1,79 €/KG","img":"https://fd13-photos.leclercdrive.fr/image.ashx?id=2905213&use=l&cat=p&typeid=i","cat":315000},{"id":5042,"n":"Fromage raclette Les Croisés 3 variétés - 26%mg - 700g","p":9.29,"u":"13,27 €/KG","img":"https://fd13-photos.leclercdrive.fr/image.ashx?id=2046120&use=l&cat=p&typeid=i","cat":314037},{"id":5044,"n":"Fromage à tartiner Les Croisés  Ail et fines herbes 25%mg 150g","p":1.29,"u":"8,60 €/KG","img":"https://fd13-photos.leclercdrive.fr/image.ashx?id=2476122&use=l&cat=p&typeid=i","cat":314029},{"id":5045,"n":"Riz au lait Délisse Vanille - 8x115g","p":2.08,"u":"2,26 €/KG","img":"https://fd13-photos.leclercdrive.fr/image.ashx?id=2489116&use=l&cat=p&typeid=i","cat":284418},{"id":5046,"n":"Roquefort NRT AOP  Fromage de brebis -150g","p":2.99,"u":"19,93 €/KG","img":"https://fd13-photos.leclercdrive.fr/image.ashx?id=2223870&use=l&cat=p&typeid=i","cat":314032},{"id":5049,"n":"Whisky Sir Edward's 40%vol - 1L","p":16.75,"u":"16,75 €/L","img":"https://fd13-photos.leclercdrive.fr/image.ashx?id=2510747&use=l&cat=p&typeid=i","cat":284547},{"id":5050,"n":"Sucre de canne Canadou 70cl","p":2.58,"u":"3,69 €/L","img":"https://fd13-photos.leclercdrive.fr/image.ashx?id=2534587&use=l&cat=p&typeid=i","cat":284551},{"id":5066,"n":"Amandes décortiquées Sun Apéro 500g","p":7.27,"u":"14,54 €/KG","img":"https://fd13-photos.leclercdrive.fr/image.ashx?id=2692164&use=l&cat=p&typeid=i","cat":284357},{"id":5070,"n":"Whisky Jack Daniel's Old N°7 70cL","p":20.64,"u":"29,49 €/L","img":"https://fd13-photos.leclercdrive.fr/image.ashx?id=2789763&use=l&cat=p&typeid=i","cat":284547},{"id":5073,"n":"Muscat Olympio Samos 75cl","p":4.53,"u":"6,04 €/L","img":"https://fd13-photos.leclercdrive.fr/image.ashx?id=2504077&use=l&cat=p&typeid=i","cat":284913},{"id":5079,"n":"Sucre cristal Béghin Say 1kg","p":1.88,"u":"1,88 €/KG","img":"https://fd13-photos.leclercdrive.fr/image.ashx?id=2866343&use=l&cat=p&typeid=i","cat":284502},{"id":5080,"n":"Sucre poudre Béghin Say Etui 1kg","p":1.79,"u":"1,79 €/KG","img":"https://fd13-photos.leclercdrive.fr/image.ashx?id=2866346&use=l&cat=p&typeid=i","cat":284502},{"id":5081,"n":"Sucre poudre Béghin Say 1kg","p":1.75,"u":"1,75 €/KG","img":"https://fd13-photos.leclercdrive.fr/image.ashx?id=2866349&use=l&cat=p&typeid=i","cat":284502},{"id":5090,"n":"Pepites de chocolat noir Vahiné - 100g","p":1.95,"u":"19,50 €/KG","img":"https://fd13-photos.leclercdrive.fr/image.ashx?id=2529282&use=l&cat=p&typeid=i","cat":284504},{"id":5110,"n":"Pâtes Coquillettes Turini  1kg","p":1.35,"u":"1,35 €/KG","img":"https://fd13-photos.leclercdrive.fr/image.ashx?id=2441090&use=l&cat=p&typeid=i","cat":284427},{"id":5111,"n":"Couscous Comptoir du grain Grain fin - 500g","p":1.27,"u":"2,54 €/KG","img":"https://fd13-photos.leclercdrive.fr/image.ashx?id=3012809&use=l&cat=p&typeid=i","cat":284429},{"id":5115,"n":"Biscuits Croustillants Tokapi Bacon-  85g","p":0.99,"u":"11,65 €/KG","img":"https://fd13-photos.leclercdrive.fr/image.ashx?id=2059077&use=l&cat=p&typeid=i","cat":297000},{"id":5117,"n":"Café soluble Plantation Qualité filtre - 200g","p":4.4,"u":"22,00 €/KG","img":"https://fd13-photos.leclercdrive.fr/image.ashx?id=2834269&use=l&cat=p&typeid=i","cat":284843},{"id":5121,"n":"Café moulu Plantation Ethiopie - 250g","p":3.89,"u":"15,56 €/KG","img":"https://fd13-photos.leclercdrive.fr/image.ashx?id=2607434&use=l&cat=p&typeid=i","cat":284750},{"id":5125,"n":"Farine de blé bio T65 Bio Village - 1kg","p":0.99,"u":"0,99 €/KG","img":"https://fd13-photos.leclercdrive.fr/image.ashx?id=2448418&use=l&cat=p&typeid=i","cat":284503},{"id":5126,"n":"Riz long Comptoir du Grain Cuisson rapide 10min - 1kg","p":1.69,"u":"1,69 €/KG","img":"https://fd13-photos.leclercdrive.fr/image.ashx?id=2045091&use=l&cat=p&typeid=i","cat":284428},{"id":5128,"n":"Chips Pom'lisse Bolognaise - 135g","p":1.29,"u":"9,56 €/KG","img":"https://fd13-photos.leclercdrive.fr/image.ashx?id=2919604&use=l&cat=p&typeid=i","cat":284447},{"id":5132,"n":"Croûtons Epi d'Or Nature - 2x90g","p":0.99,"u":"5,50 €/KG","img":"https://fd13-photos.leclercdrive.fr/image.ashx?id=2210789&use=l&cat=p&typeid=i","cat":284464},{"id":5141,"n":"Protège-document Esquisse Multicoloris","p":2.49,"img":"https://fd13-photos.leclercdrive.fr/image.ashx?id=2943145&use=l&cat=p&typeid=i","cat":284745},{"id":5143,"n":"Chemises carton Esquisse A4 - lot de 3","p":1.65,"img":"https://fd13-photos.leclercdrive.fr/image.ashx?id=2943154&use=l&cat=p&typeid=i","cat":284745},{"id":5144,"n":"Classeur cahier Esquisse Multicoloris 21x29.7cm -Dos 2cm","p":1.89,"img":"https://fd13-photos.leclercdrive.fr/image.ashx?id=2727668&use=l&cat=p&typeid=i","cat":284745},{"id":5147,"n":"Crayons de couleur Esquisse x12","p":0.99,"img":"https://fd13-photos.leclercdrive.fr/image.ashx?id=2943163&use=l&cat=p&typeid=i","cat":284696},{"id":5152,"n":"Papier dessin blanc Esquisse 24 feuilles 180g/m² 24x32cm","p":2.75,"img":"https://fd13-photos.leclercdrive.fr/image.ashx?id=1678688&use=l&cat=p&typeid=i","cat":284697},{"id":5155,"n":"Mini Gomme Esquisse Plastique x2","p":0.59,"u":"0,30 €/P","img":"https://fd13-photos.leclercdrive.fr/image.ashx?id=2943220&use=l&cat=p&typeid=i","cat":334133},{"id":5156,"n":"Répertoire 180 pages Esquisse Petits carreaux 17x22cm","p":2.99,"img":"https://fd13-photos.leclercdrive.fr/image.ashx?id=1928818&use=l&cat=p&typeid=i","cat":284697},{"id":5160,"n":"Pur jus de fruits Tropicana Réveil fruité - 1,5L","p":3.62,"u":"2,41 €/L","img":"https://fd13-photos.leclercdrive.fr/image.ashx?id=2606400&use=l&cat=p&typeid=i","cat":284521},{"id":5166,"n":"Sucettes Chupa Chups The Best x16 192g","p":1.8,"u":"9,38 €/KG","img":"https://fd13-photos.leclercdrive.fr/image.ashx?id=2647654&use=l&cat=p&typeid=i","cat":304250},{"id":5176,"n":"Pâtes Alphabet Panzani 500g","p":1.27,"u":"2,54 €/KG","img":"https://fd13-photos.leclercdrive.fr/image.ashx?id=2896063&use=l&cat=p&typeid=i","cat":284427},{"id":5227,"n":"Pâtes Lustucru coquillettes Oeufs frais - 250g","p":0.94,"u":"3,76 €/KG","img":"https://fd13-photos.leclercdrive.fr/image.ashx?id=2519474&use=l&cat=p&typeid=i","cat":284427},{"id":5228,"n":"Pâtes Lustucru spaghetti courts Oeufs frais - 250g","p":0.94,"u":"3,76 €/KG","img":"https://fd13-photos.leclercdrive.fr/image.ashx?id=2519477&use=l&cat=p&typeid=i","cat":284427},{"id":5248,"n":"Yaourts aux fruits Délisse Panaché de fruits - 12x125g","p":3.39,"u":"2,26 €/KG","img":"https://fd13-photos.leclercdrive.fr/image.ashx?id=2658575&use=l&cat=p&typeid=i","cat":284410},{"id":5250,"n":"Crème glacée Eskiss Pistache avec éclats - 494g","p":2.51,"u":"5,08 €/KG","img":"https://fd13-photos.leclercdrive.fr/image.ashx?id=2982586&use=l&cat=p&typeid=i","cat":284263},{"id":5252,"n":"Pansements Primoplast Spécial articulations 10 bandes","p":1.99,"img":"https://fd13-photos.leclercdrive.fr/image.ashx?id=2897766&use=l&cat=p&typeid=i","cat":284630},{"id":5255,"n":"Croc Côté Croc Poulet Fromage x2 - 200g","p":1.54,"u":"7,70 €/KG","img":"https://fd13-photos.leclercdrive.fr/image.ashx?id=1710486&use=l&cat=p&typeid=i","cat":333683},{"id":5261,"n":"Fromage blanc Délisse Nature 7.8% MG - 8x100g","p":2.89,"u":"3,61 €/KG","img":"https://fd13-photos.leclercdrive.fr/image.ashx?id=3012812&use=l&cat=p&typeid=i","cat":284409},{"id":5264,"n":"Crème glacée Eskiss Fraise avec morceaux - 494g","p":2.84,"u":"5,75 €/KG","img":"https://fd13-photos.leclercdrive.fr/image.ashx?id=2982598&use=l&cat=p&typeid=i","cat":284263},{"id":5265,"n":"Piémontaise Menu Fraîcheur  Au jambon - 300g","p":1.59,"u":"5,30 €/KG","img":"https://fd13-photos.leclercdrive.fr/image.ashx?id=2901425&use=l&cat=p&typeid=i","cat":333657},{"id":5271,"n":"Betteraves Menu Fraîcheur  Rouge en dés - 300g","p":1.19,"u":"3,97 €/KG","img":"https://fd13-photos.leclercdrive.fr/image.ashx?id=2552418&use=l&cat=p&typeid=i","cat":333657},{"id":5274,"n":"Quiche lorraine Coté Table 2x130g","p":2.69,"u":"10,35 €/KG","img":"https://fd13-photos.leclercdrive.fr/image.ashx?id=2149546&use=l&cat=p&typeid=i","cat":333680},{"id":5277,"n":"Yaourts Pâtissiers Délisse Spécialités gourmandes-12x125g","p":3.17,"u":"2,11 €/KG","img":"https://fd13-photos.leclercdrive.fr/image.ashx?id=2501667&use=l&cat=p&typeid=i","cat":314999},{"id":5281,"n":"Yaourts Petits Délis Chocolat - 6x100g","p":1.91,"u":"3,18 €/KG","img":"https://fd13-photos.leclercdrive.fr/image.ashx?id=2865188&use=l&cat=p&typeid=i","cat":284414},{"id":5288,"n":"Crème dessert Petits Délis Chocolat et lait - 6x70g","p":1.3,"u":"3,10 €/KG","img":"https://fd13-photos.leclercdrive.fr/image.ashx?id=2572061&use=l&cat=p&typeid=i","cat":285041},{"id":5289,"n":"Torti au surimi Menu Fraîcheur 300g","p":1.7,"u":"5,67 €/KG","img":"https://fd13-photos.leclercdrive.fr/image.ashx?id=2965443&use=l&cat=p&typeid=i","cat":333657},{"id":5291,"n":"Cordon bleu Côté Croc Dinde - 400g","p":3.67,"u":"9,18 €/KG","img":"https://fd13-photos.leclercdrive.fr/image.ashx?id=2795544&use=l&cat=p&typeid=i","cat":333683},{"id":5293,"n":"Biscuits apéritifs Tokapi 3 saveurs - 100g","p":0.79,"u":"7,90 €/KG","img":"https://fd13-photos.leclercdrive.fr/image.ashx?id=2885768&use=l&cat=p&typeid=i","cat":284449},{"id":5294,"n":"Yaourts brassés Délisse Nature - 4x125g","p":1.05,"u":"2,10 €/KG","img":"https://fd13-photos.leclercdrive.fr/image.ashx?id=2982892&use=l&cat=p&typeid=i","cat":284409},{"id":5296,"n":"Crème dessert Délisse Chocolat blanc - 4x125g","p":1.36,"u":"2,72 €/KG","img":"https://fd13-photos.leclercdrive.fr/image.ashx?id=2753475&use=l&cat=p&typeid=i","cat":285041},{"id":5308,"n":"Biscuits Mini Rollos Pépito Chocolat au lait - 225g","p":1.81,"u":"8,04 €/KG","img":"https://fd13-photos.leclercdrive.fr/image.ashx?id=3014407&use=l&cat=p&typeid=i","cat":284488},{"id":5310,"n":"Petits pois d'aucy  Extra-fins - 560g","p":1.64,"u":"2,93 €/KG","img":"https://fd13-photos.leclercdrive.fr/image.ashx?id=2426361&use=l&cat=p&typeid=i","cat":312607},{"id":5311,"n":"Petits pois carottes d'Aucy A l'étuvée - Extra fins - 530g","p":1.66,"u":"3,13 €/KG","img":"https://fd13-photos.leclercdrive.fr/image.ashx?id=2426364&use=l&cat=p&typeid=i","cat":312607},{"id":5314,"n":"Haricots verts d'aucy  Extra-fins - 1/2","p":1.01,"u":"4,59 €/KG","img":"https://fd13-photos.leclercdrive.fr/image.ashx?id=2512728&use=l&cat=p&typeid=i","cat":312606},{"id":5317,"n":"Lentilles cuisinées Raynal Et Roquelaure - 410g","p":1.26,"u":"3,07 €/KG","img":"https://fd13-photos.leclercdrive.fr/image.ashx?id=2928396&use=l&cat=p&typeid=i","cat":312609},{"id":5318,"n":"Biscuits galettes St Michel 130g","p":0.9,"u":"6,92 €/KG","img":"https://fd13-photos.leclercdrive.fr/image.ashx?id=2986149&use=l&cat=p&typeid=i","cat":284487},{"id":5321,"n":"Chocolat poudre Benco 400g","p":2.3,"u":"5,75 €/KG","img":"https://fd13-photos.leclercdrive.fr/image.ashx?id=2871805&use=l&cat=p&typeid=i","cat":293235},{"id":5322,"n":"Quenelles veau  Petit Jean - 400g","p":2.22,"u":"5,55 €/KG","img":"https://fd13-photos.leclercdrive.fr/image.ashx?id=2677231&use=l&cat=p&typeid=i","cat":284441},{"id":5325,"n":"Confiture Bonne Maman Fraise - 370g","p":1.7,"u":"4,59 €/KG","img":"https://fd13-photos.leclercdrive.fr/image.ashx?id=2474984&use=l&cat=p&typeid=i","cat":284480},{"id":5329,"n":"Saucisses aux lentilles William Saurin - 420g","p":2.14,"u":"5,10 €/KG","img":"https://fd13-photos.leclercdrive.fr/image.ashx?id=2890067&use=l&cat=p&typeid=i","cat":284441},{"id":5339,"n":"Fruits au sirop St Mamet Cocktail - 500g","p":3.73,"u":"7,46 €/KG","img":"https://fd13-photos.leclercdrive.fr/image.ashx?id=2412435&use=l&cat=p&typeid=i","cat":284507},{"id":5342,"n":"Soda Canada Dry Ginger Ale 1,5L","p":1.95,"u":"1,30 €/L","img":"https://fd13-photos.leclercdrive.fr/image.ashx?id=2654674&use=l&cat=p&typeid=i","cat":284531},{"id":5362,"n":"Vin mousseux Charles Volner Brut - 12%vol. - 75cl","p":4.31,"u":"5,75 €/L","img":"https://fd13-photos.leclercdrive.fr/image.ashx?id=1592052&use=l&cat=p&typeid=i","cat":284544},{"id":5364,"n":"Fromage blanc Délisse Nature 7% MG - 1kg","p":2.39,"u":"2,39 €/KG","img":"https://fd13-photos.leclercdrive.fr/image.ashx?id=2834999&use=l&cat=p&typeid=i","cat":284409},{"id":5366,"n":"Cire Dépilatoire Siliss Méthode orientale - 250ml","p":3.89,"u":"15,56 €/L","img":"https://fd13-photos.leclercdrive.fr/image.ashx?id=2510717&use=l&cat=p&typeid=i","cat":325351},{"id":5369,"n":"Légumes couscous Notre Jardin 800g","p":1.49,"u":"1,86 €/KG","img":"https://fd13-photos.leclercdrive.fr/image.ashx?id=2854213&use=l&cat=p&typeid=i","cat":312612},{"id":5381,"n":"Dentifrice Dentamyl Haleine fraîche 75ml","p":1.39,"u":"18,53 €/L","img":"https://fd13-photos.leclercdrive.fr/image.ashx?id=1923556&use=l&cat=p&typeid=i","cat":284612},{"id":5385,"n":"Lait coco Tables du Monde 200ml","p":0.86,"u":"4,30 €/L","img":"https://fd13-photos.leclercdrive.fr/image.ashx?id=2920172&use=l&cat=p&typeid=i","cat":288992},{"id":5386,"n":"Biscuit Petit beurre P'tit Déli Tablette chocolat lait - 150g","p":1.29,"u":"8,60 €/KG","img":"https://fd13-photos.leclercdrive.fr/image.ashx?id=2949176&use=l&cat=p&typeid=i","cat":284488},{"id":5390,"n":"Crème anglaise Délisse 50cl","p":1.28,"u":"2,56 €/L","img":"https://fd13-photos.leclercdrive.fr/image.ashx?id=3002569&use=l&cat=p&typeid=i","cat":284382},{"id":5391,"n":"Yaourts à boire Délisse 3 parfums - 6x180g","p":2.39,"u":"2,21 €/KG","img":"https://fd13-photos.leclercdrive.fr/image.ashx?id=1875482&use=l&cat=p&typeid=i","cat":284415},{"id":5393,"n":"Fromage blanc Délisse Framboise 5.5% MG - 500g","p":2.39,"u":"4,78 €/KG","img":"https://fd13-photos.leclercdrive.fr/image.ashx?id=3012821&use=l&cat=p&typeid=i","cat":284409},{"id":5396,"n":"Bain de bouche Dentamyl Multi Protection - 500ml","p":1.89,"u":"3,78 €/L","img":"https://fd13-photos.leclercdrive.fr/image.ashx?id=2500806&use=l&cat=p&typeid=i","cat":284613},{"id":5399,"n":"Pur jus d'orange Bio Village Bio sans pulpe - 1L","p":2.45,"u":"2,45 €/L","img":"https://fd13-photos.leclercdrive.fr/image.ashx?id=2901521&use=l&cat=p&typeid=i","cat":284521},{"id":5404,"n":"IGP Coquilles d'Alsace NRT 250g","p":1.39,"u":"5,56 €/KG","img":"https://fd13-photos.leclercdrive.fr/image.ashx?id=2839974&use=l&cat=p&typeid=i","cat":284427},{"id":5406,"n":"Saucisson sec d'Auvergne IGP Nos Régions ont du Talent 300g","p":5.54,"u":"18,47 €/KG","img":"https://fd13-photos.leclercdrive.fr/image.ashx?id=2991476&use=l&cat=p&typeid=i","cat":316006},{"id":5407,"n":"Coquillettes d'Alsace NRT 250g","p":1.39,"u":"5,56 €/KG","img":"https://fd13-photos.leclercdrive.fr/image.ashx?id=2839977&use=l&cat=p&typeid=i","cat":284427},{"id":5449,"n":"Boîte chat Whiskas Terrine du marché - 4x400g","p":4.6,"u":"2,88 €/KG","img":"https://fd13-photos.leclercdrive.fr/image.ashx?id=2759619&use=l&cat=p&typeid=i","cat":285601},{"id":5472,"n":"Biscuits barquettes P'tit Déli Fraise - 2x120g","p":1.66,"u":"6,92 €/KG","img":"https://fd13-photos.leclercdrive.fr/image.ashx?id=2691168&use=l&cat=p&typeid=i","cat":284489},{"id":5498,"n":"Comté des terroirs Entremont 200g","p":3.62,"u":"18,10 €/KG","img":"https://fd13-photos.leclercdrive.fr/image.ashx?id=2474245&use=l&cat=p&typeid=i","cat":314034},{"id":5501,"n":"Sel La Baleine  Fin iodé 125g","p":0.35,"u":"2,80 €/KG","img":"https://fd13-photos.leclercdrive.fr/image.ashx?id=2019879&use=l&cat=p&typeid=i","cat":284457},{"id":5509,"n":"Pâtes Torsades Turini 1kg","p":1.29,"u":"1,29 €/KG","img":"https://fd13-photos.leclercdrive.fr/image.ashx?id=2441120&use=l&cat=p&typeid=i","cat":284427},{"id":5511,"n":"Sparadrap Primoplast Peaux délicates 5mx2.5cm","p":1.48,"img":"https://fd13-photos.leclercdrive.fr/image.ashx?id=2856426&use=l&cat=p&typeid=i","cat":284630},{"id":5512,"n":"Sparadrap Primoplast résistant 5mx2.5cm","p":1.49,"img":"https://fd13-photos.leclercdrive.fr/image.ashx?id=2856435&use=l&cat=p&typeid=i","cat":284630},{"id":5513,"n":"Miel Nid d'Abeille Crémeux - 1 kg","p":6.39,"u":"6,39 €/KG","img":"https://fd13-photos.leclercdrive.fr/image.ashx?id=760210&use=l&cat=p&typeid=i","cat":287643},{"id":5514,"n":"Bande strapping Primoplast Adhésive 2.5mx6cm","p":3.39,"img":"https://fd13-photos.leclercdrive.fr/image.ashx?id=2856441&use=l&cat=p&typeid=i","cat":284630},{"id":5515,"n":"Vin mousseux d'Union Européenne  brut  -75cl","p":2.99,"u":"3,99 €/L","img":"https://fd13-photos.leclercdrive.fr/image.ashx?id=2807279&use=l&cat=p&typeid=i","cat":284544},{"id":5517,"n":"Canapés toasts Epi d'Or Nature - 280g","p":1.12,"u":"4,00 €/KG","img":"https://fd13-photos.leclercdrive.fr/image.ashx?id=1859140&use=l&cat=p&typeid=i","cat":285454},{"id":5526,"n":"Fromage Bleu d'Auvergne NRT  AOP - 125g","p":1.39,"u":"11,12 €/KG","img":"https://fd13-photos.leclercdrive.fr/image.ashx?id=2068061&use=l&cat=p&typeid=i","cat":314032},{"id":5529,"n":"Croquettes petits chiens Ultima  Poulet - Yorkshire - 800g","p":3.12,"u":"3,90 €/KG","img":"https://fd13-photos.leclercdrive.fr/image.ashx?id=2922224&use=l&cat=p&typeid=i","cat":294526},{"id":5534,"n":"Copies doubles Esquisse Perforées  21x29.7cm- 300 pages","p":2.49,"img":"https://fd13-photos.leclercdrive.fr/image.ashx?id=2943202&use=l&cat=p&typeid=i","cat":284697},{"id":5536,"n":"Biscuits Pockitos Pépito Chocolat au lait - 295g","p":3.38,"u":"11,46 €/KG","img":"https://fd13-photos.leclercdrive.fr/image.ashx?id=3001955&use=l&cat=p&typeid=i","cat":284488},{"id":5545,"n":"Garniture Bouchées à la reine Petit Jean - 400g","p":2.21,"u":"5,53 €/KG","img":"https://fd13-photos.leclercdrive.fr/image.ashx?id=2677240&use=l&cat=p&typeid=i","cat":284441},{"id":5546,"n":"Pâté de foie William Saurin - 3x78g","p":2.29,"u":"9,79 €/KG","img":"https://fd13-photos.leclercdrive.fr/image.ashx?id=2392756&use=l&cat=p&typeid=i","cat":305149},{"id":5561,"n":"Tampons Doulys Digitaux Super - x24","p":1.26,"u":"0,05 €/P","img":"https://fd13-photos.leclercdrive.fr/image.ashx?id=2965413&use=l&cat=p&typeid=i","cat":284626},{"id":5563,"n":"Biscuits P'tit Déli Délimousse 175g","p":1.51,"u":"8,63 €/KG","img":"https://fd13-photos.leclercdrive.fr/image.ashx?id=1875830&use=l&cat=p&typeid=i","cat":284495},{"id":5564,"n":"Lingettes nettoyantes Clair Vitres 3en1 x20","p":0.87,"u":"0,04 €/P","img":"https://fd13-photos.leclercdrive.fr/image.ashx?id=2858827&use=l&cat=p&typeid=i","cat":325363},{"id":5574,"n":"Quenelles Côté Table saumon Sauce crevette 400g","p":1.8,"u":"4,50 €/KG","img":"https://fd13-photos.leclercdrive.fr/image.ashx?id=2977138&use=l&cat=p&typeid=i","cat":284441},{"id":5575,"n":"Compote Douceur du Verger Gourdes Pomme - 12x90g","p":2.7,"u":"2,50 €/KG","img":"https://fd13-photos.leclercdrive.fr/image.ashx?id=1946841&use=l&cat=p&typeid=i","cat":284508},{"id":5576,"n":"Biscuits choco barre P'tit Déli Chocolat lait 295g","p":2.64,"u":"8,95 €/KG","img":"https://fd13-photos.leclercdrive.fr/image.ashx?id=2070285&use=l&cat=p&typeid=i","cat":284488},{"id":5578,"n":"Cuillers à pâtisserie  P'tit Déli 300g","p":2.49,"u":"8,30 €/KG","img":"https://fd13-photos.leclercdrive.fr/image.ashx?id=2046352&use=l&cat=p&typeid=i","cat":284487},{"id":5581,"n":"Chewing-gum sans sucre Freedent Menthe verte 5x10 dragées 70g","p":2.29,"img":"https://fd13-photos.leclercdrive.fr/image.ashx?id=2325482&use=l&cat=p&typeid=i","cat":304251},{"id":5582,"n":"Chewing-gum Freedent white Fruits sans sucre x50 - 70g","p":2.45,"u":"35,00 €/KG","img":"https://fd13-photos.leclercdrive.fr/image.ashx?id=2237283&use=l&cat=p&typeid=i","cat":304251},{"id":5600,"n":"Pâté Hénaff 78g","p":1.24,"u":"15,90 €/KG","img":"https://fd13-photos.leclercdrive.fr/image.ashx?id=2280516&use=l&cat=p&typeid=i","cat":305149},{"id":5612,"n":"Eau de source Cristaline 6x1,5L","p":1.12,"u":"0,12 €/L","img":"https://fd13-photos.leclercdrive.fr/image.ashx?id=2389449&use=l&cat=p&typeid=i","cat":284535},{"id":5619,"n":"Oeufs de lompe Ronde des Mers Rouge - MSC - 100g","p":2.6,"u":"26,00 €/KG","img":"https://fd13-photos.leclercdrive.fr/image.ashx?id=2644858&use=l&cat=p&typeid=i","cat":285191},{"id":5621,"n":"Chips crevette Tokapi 50g","p":0.65,"u":"13,00 €/KG","img":"https://fd13-photos.leclercdrive.fr/image.ashx?id=1979362&use=l&cat=p&typeid=i","cat":288992},{"id":5622,"n":"Croquettes chiens Lydog Spécial Forme - Volaille - 4kg","p":4.99,"u":"1,25 €/KG","img":"https://fd13-photos.leclercdrive.fr/image.ashx?id=2191117&use=l&cat=p&typeid=i","cat":284672},{"id":5626,"n":"Bonbons Copains Copines Frites acides - 275 g","p":1.71,"u":"6,22 €/KG","img":"https://fd13-photos.leclercdrive.fr/image.ashx?id=2934655&use=l&cat=p&typeid=i","cat":304250},{"id":5633,"n":"Soufflés Grignot' Tokapi Cacahuète - 90g","p":0.7,"u":"7,78 €/KG","img":"https://fd13-photos.leclercdrive.fr/image.ashx?id=2049223&use=l&cat=p&typeid=i","cat":284449},{"id":5681,"n":"Baguette Tradition           250g","p":0.9,"u":"3,60 €/KG","img":"https://fd13-photos.leclercdrive.fr/image.ashx?id=2442057&use=l&cat=p&typeid=i","cat":284359},{"id":5718,"n":"Tampons Doulys avec applicateur Super - x24","p":2.47,"u":"0,10 €/P","img":"https://fd13-photos.leclercdrive.fr/image.ashx?id=2965455&use=l&cat=p&typeid=i","cat":284626},{"id":5772,"n":"Biscuits tartelette Bonne Maman Citron 125g","p":1.32,"u":"10,56 €/KG","img":"https://fd13-photos.leclercdrive.fr/image.ashx?id=2962296&use=l&cat=p&typeid=i","cat":284489},{"id":5816,"n":"Rillettes de thon Cap Océan MSC 150g","p":1.88,"u":"12,53 €/KG","img":"https://fd13-photos.leclercdrive.fr/image.ashx?id=2668440&use=l&cat=p&typeid=i","cat":285191},{"id":5820,"n":"Blinis fins Blinis x4 - 200g","p":1.51,"u":"7,55 €/KG","img":"https://fd13-photos.leclercdrive.fr/image.ashx?id=2975272&use=l&cat=p&typeid=i","cat":285191},{"id":5823,"n":"Lait demi-écrémé Lactel Vitamine D Bouteille - 6x50cl","p":5.88,"u":"1,96 €/L","img":"https://fd13-photos.leclercdrive.fr/image.ashx?id=2993403&use=l&cat=p&typeid=i","cat":284377},{"id":5844,"n":"Saumon Ronde des Mers Tranches pour toasts - 80g","p":4.59,"u":"57,38 €/KG","img":"https://fd13-photos.leclercdrive.fr/image.ashx?id=2449972&use=l&cat=p&typeid=i","cat":285188},{"id":5846,"n":"Saumon fumé Ronde des Mers Ecosse x8T - 300g","p":10.99,"u":"36,63 €/KG","img":"https://fd13-photos.leclercdrive.fr/image.ashx?id=2449978&use=l&cat=p&typeid=i","cat":285188},{"id":5850,"n":"Couscous Côté Table Poulet merguez 450g","p":2.7,"u":"6,00 €/KG","img":"https://fd13-photos.leclercdrive.fr/image.ashx?id=1936608&use=l&cat=p&typeid=i","cat":333665},{"id":5856,"n":"Préparation pour crème brûlée Délisse 4x100g","p":2.59,"u":"6,48 €/KG","img":"https://fd13-photos.leclercdrive.fr/image.ashx?id=2842465&use=l&cat=p&typeid=i","cat":284419},{"id":5860,"n":"Petit pot de crème Délisse Pistache - 4x100g","p":1.85,"u":"4,63 €/KG","img":"https://fd13-photos.leclercdrive.fr/image.ashx?id=2550378&use=l&cat=p&typeid=i","cat":285041},{"id":5861,"n":"Tagliatelle Côté Table Carbonara 330g","p":2.35,"u":"7,12 €/KG","img":"https://fd13-photos.leclercdrive.fr/image.ashx?id=2508491&use=l&cat=p&typeid=i","cat":333665},{"id":5865,"n":"Actifidus Délisse Noix de coco - 4x125g","p":1.38,"u":"2,76 €/KG","img":"https://fd13-photos.leclercdrive.fr/image.ashx?id=2421039&use=l&cat=p&typeid=i","cat":315000},{"id":5868,"n":"Spécialité au soja Nat & Vie Vanille - 4x100g","p":1.37,"u":"3,43 €/KG","img":"https://fd13-photos.leclercdrive.fr/image.ashx?id=2852053&use=l&cat=p&typeid=i","cat":316071},{"id":5869,"n":"Spécialité au soja Nat & Vie Chocolat - 4x100g","p":1.34,"u":"3,35 €/KG","img":"https://fd13-photos.leclercdrive.fr/image.ashx?id=2852058&use=l&cat=p&typeid=i","cat":316071},{"id":5871,"n":"Yaourts à boire DéliUp' Délisse Fraise - 10x100g","p":2.87,"u":"2,87 €/KG","img":"https://fd13-photos.leclercdrive.fr/image.ashx?id=1871092&use=l&cat=p&typeid=i","cat":284415},{"id":5873,"n":"Beignets crevettes Tables du Monde x6 140g","p":2.06,"u":"14,71 €/KG","img":"https://fd13-photos.leclercdrive.fr/image.ashx?id=2767005&use=l&cat=p&typeid=i","cat":333673},{"id":5877,"n":"Petit pot de crème Délisse Chocolat - 8x100g","p":3.57,"u":"4,46 €/KG","img":"https://fd13-photos.leclercdrive.fr/image.ashx?id=2544970&use=l&cat=p&typeid=i","cat":285041},{"id":5880,"n":"Yaourts mousse Petits Délis Fruits - 6x74g","p":1.77,"u":"3,99 €/KG","img":"https://fd13-photos.leclercdrive.fr/image.ashx?id=2907057&use=l&cat=p&typeid=i","cat":284414},{"id":5895,"n":"Tripes mode de caen NRT 600g","p":3.99,"u":"6,65 €/KG","img":"https://fd13-photos.leclercdrive.fr/image.ashx?id=2723198&use=l&cat=p&typeid=i","cat":284441},{"id":5898,"n":"Litière rongeurs P'tit Ami 60L","p":4.2,"u":"0,07 €/L","img":"https://fd13-photos.leclercdrive.fr/image.ashx?id=2162204&use=l&cat=p&typeid=i","cat":284677},{"id":5901,"n":"Filtre à café Melitta 1x4 Original - x40","p":0.99,"u":"0,02 €/P","img":"https://fd13-photos.leclercdrive.fr/image.ashx?id=2882053&use=l&cat=p&typeid=i","cat":284751},{"id":5907,"n":"Haricots beurre d'aucy Extra-fins - 440g","p":1.94,"u":"4,41 €/KG","img":"https://fd13-photos.leclercdrive.fr/image.ashx?id=2431536&use=l&cat=p&typeid=i","cat":312606},{"id":5909,"n":"Mini gâches briochettes NRT Pur beurre x8 - 360g","p":2.07,"u":"5,75 €/KG","img":"https://fd13-photos.leclercdrive.fr/image.ashx?id=2670416&use=l&cat=p&typeid=i","cat":284478},{"id":5910,"n":"Ketchup Amora 280g","p":1.06,"u":"3,79 €/KG","img":"https://fd13-photos.leclercdrive.fr/image.ashx?id=2766667&use=l&cat=p&typeid=i","cat":284455},{"id":5951,"n":"Ravioli bolognaise   Panzani - 800g","p":3.67,"u":"4,59 €/KG","img":"https://fd13-photos.leclercdrive.fr/image.ashx?id=2876062&use=l&cat=p&typeid=i","cat":284442},{"id":5952,"n":"Couscous Grain Moyen Ferrero - 1kg","p":2.32,"u":"2,32 €/KG","img":"https://fd13-photos.leclercdrive.fr/image.ashx?id=2744740&use=l&cat=p&typeid=i","cat":284429},{"id":5954,"n":"Café moulu San Marco Arabica - 2x250g","p":10.49,"u":"20,98 €/KG","img":"https://fd13-photos.leclercdrive.fr/image.ashx?id=2645510&use=l&cat=p&typeid=i","cat":284750},{"id":6035,"n":"Sauce tomate bio Jardin Bio' Provençale - 200g","p":1.47,"u":"7,35 €/KG","img":"https://fd13-photos.leclercdrive.fr/image.ashx?id=3014494&use=l&cat=p&typeid=i","cat":287599},{"id":6037,"n":"Ratatouille Jardin Bio' A la provençale bio - 650g","p":2.89,"u":"4,45 €/KG","img":"https://fd13-photos.leclercdrive.fr/image.ashx?id=2903230&use=l&cat=p&typeid=i","cat":312612},{"id":6038,"n":"Lentilles corail bio Jardin Bio 500g","p":2.1,"u":"4,20 €/KG","img":"https://fd13-photos.leclercdrive.fr/image.ashx?id=2415999&use=l&cat=p&typeid=i","cat":284430},{"id":6049,"n":"Ravioli Jardin Bio Bio légumes - 675g","p":3.23,"u":"4,79 €/KG","img":"https://fd13-photos.leclercdrive.fr/image.ashx?id=2534878&use=l&cat=p&typeid=i","cat":284442},{"id":6050,"n":"Lentilles vertes Jardin Bio' Bio cuisinées - 400g","p":2.38,"u":"5,95 €/KG","img":"https://fd13-photos.leclercdrive.fr/image.ashx?id=2944831&use=l&cat=p&typeid=i","cat":312609},{"id":6058,"n":"Spaguetti Jardin Bio Bio quinoa tomate - 500g","p":2.12,"u":"4,24 €/KG","img":"https://fd13-photos.leclercdrive.fr/image.ashx?id=3002108&use=l&cat=p&typeid=i","cat":284427},{"id":6063,"n":"Ketchup Jardin Bio' Bio - 560g","p":2.3,"u":"4,11 €/KG","img":"https://fd13-photos.leclercdrive.fr/image.ashx?id=2918316&use=l&cat=p&typeid=i","cat":284455},{"id":6067,"n":"Huile d'olive Bio Village Bio Vierge extra - 75cl","p":7.47,"u":"9,96 €/L","img":"https://fd13-photos.leclercdrive.fr/image.ashx?id=3005697&use=l&cat=p&typeid=i","cat":284453},{"id":6069,"n":"Pâtes Coquillettes Bio Village Bio - 500g","p":0.84,"u":"1,68 €/KG","img":"https://fd13-photos.leclercdrive.fr/image.ashx?id=2625364&use=l&cat=p&typeid=i","cat":284427},{"id":6073,"n":"Crème fraîche bio Bio village Epaisse - 30% MG - 20cl","p":1.17,"u":"5,85 €/L","img":"https://fd13-photos.leclercdrive.fr/image.ashx?id=1975047&use=l&cat=p&typeid=i","cat":284381},{"id":6075,"n":"Quinoa Bio Village Bio - 500g","p":3.25,"u":"6,50 €/KG","img":"https://fd13-photos.leclercdrive.fr/image.ashx?id=2245755&use=l&cat=p&typeid=i","cat":284429},{"id":6076,"n":"Cookies chocolat Bio Village Bio 200g","p":2.74,"u":"13,70 €/KG","img":"https://fd13-photos.leclercdrive.fr/image.ashx?id=2400523&use=l&cat=p&typeid=i","cat":325066},{"id":6078,"n":"Yaourts lait brebis nature Bio Bio village - 2x125g","p":1.42,"u":"5,68 €/KG","img":"https://fd13-photos.leclercdrive.fr/image.ashx?id=2046370&use=l&cat=p&typeid=i","cat":314998},{"id":6089,"n":"Pâtes Blé complet Barilla Spaghetti Integrale - 500g","p":1.23,"u":"2,46 €/KG","img":"https://fd13-photos.leclercdrive.fr/image.ashx?id=2986951&use=l&cat=p&typeid=i","cat":284427},{"id":6105,"n":"Biscuits apéritif Lay's 3D's Goût Nature Sel - 85g","p":0.81,"u":"9,53 €/KG","img":"https://fd13-photos.leclercdrive.fr/image.ashx?id=2917417&use=l&cat=p&typeid=i","cat":284449},{"id":6106,"n":"Biscuits apéritif Lay's 3D's Goût Fromage - 85g","p":0.81,"u":"9,53 €/KG","img":"https://fd13-photos.leclercdrive.fr/image.ashx?id=2923672&use=l&cat=p&typeid=i","cat":284449},{"id":6145,"n":"Biscuits Goûters REM Chocolat - 3x125g","p":2.29,"u":"6,11 €/KG","img":"https://fd13-photos.leclercdrive.fr/image.ashx?id=2841193&use=l&cat=p&typeid=i","cat":284488},{"id":6147,"n":"Biscuits barres Pockitos Pépito Chocolat au lait - 162g","p":1.81,"u":"11,17 €/KG","img":"https://fd13-photos.leclercdrive.fr/image.ashx?id=3001964&use=l&cat=p&typeid=i","cat":284488},{"id":6152,"n":"Pâtes gansettes Panzani 500g","p":1.16,"u":"2,32 €/KG","img":"https://fd13-photos.leclercdrive.fr/image.ashx?id=2876017&use=l&cat=p&typeid=i","cat":284427},{"id":6154,"n":"Pâtes farfalle Panzani 500g","p":1.05,"u":"2,10 €/KG","img":"https://fd13-photos.leclercdrive.fr/image.ashx?id=2884300&use=l&cat=p&typeid=i","cat":284427},{"id":6155,"n":"Pâtes Torti Panzani 3 Minutes - 500G","p":1.17,"u":"2,34 €/KG","img":"https://fd13-photos.leclercdrive.fr/image.ashx?id=2896084&use=l&cat=p&typeid=i","cat":284427},{"id":6169,"n":"Fromage apéritif Apéricube Nature 24 cubes","p":2.15,"u":"17,20 €/KG","img":"https://fd13-photos.leclercdrive.fr/image.ashx?id=2883447&use=l&cat=p&typeid=i","cat":314027},{"id":6185,"n":"Sucre glace Béghin Say 500g","p":1.9,"u":"3,80 €/KG","img":"https://fd13-photos.leclercdrive.fr/image.ashx?id=2593608&use=l&cat=p&typeid=i","cat":284502},{"id":6196,"n":"AOP Côtes du Rhône rouge Prestige Cellier Dauphins 75cl","p":3.39,"u":"4,52 €/L","img":"https://fd13-photos.leclercdrive.fr/image.ashx?id=2490533&use=l&cat=p&typeid=i","cat":289556},{"id":6223,"n":"Fromage Maroilles AOP  Nos Régions ont du Talent 200g","p":2.69,"u":"13,45 €/KG","img":"https://fd13-photos.leclercdrive.fr/image.ashx?id=1507945&use=l&cat=p&typeid=i","cat":329558},{"id":6239,"n":"Nuggets de dinde Le Gaulois  x50 - 1kg","p":5.94,"u":"5,94 €/KG","img":"https://fd13-photos.leclercdrive.fr/image.ashx?id=2921274&use=l&cat=p&typeid=i","cat":333684},{"id":6240,"n":"Cordons bleu Le Gaulois Dinde x10 - 1kg","p":7.72,"u":"7,72 €/KG","img":"https://fd13-photos.leclercdrive.fr/image.ashx?id=2485913&use=l&cat=p&typeid=i","cat":333683},{"id":6242,"n":"Café soluble Plantation Qualité filtre - 100g","p":2.75,"u":"27,50 €/KG","img":"https://fd13-photos.leclercdrive.fr/image.ashx?id=2834272&use=l&cat=p&typeid=i","cat":284843},{"id":6249,"n":"Céleri Menu Fraîcheur  Rémoulade - 500g","p":1.58,"u":"3,16 €/KG","img":"https://fd13-photos.leclercdrive.fr/image.ashx?id=2552394&use=l&cat=p&typeid=i","cat":333657},{"id":6254,"n":"Salade Coleslaw Menu Fraîcheur  300g","p":1.19,"u":"3,97 €/KG","img":"https://fd13-photos.leclercdrive.fr/image.ashx?id=2645891&use=l&cat=p&typeid=i","cat":333657},{"id":6256,"n":"Pizza Turini Jambon champignons - 450g","p":2.73,"u":"6,07 €/KG","img":"https://fd13-photos.leclercdrive.fr/image.ashx?id=1990676&use=l&cat=p&typeid=i","cat":333679},{"id":6276,"n":"Part de flan  2x1p","p":2.9,"u":"1,45 €/P","img":"https://fd13-photos.leclercdrive.fr/image.ashx?id=572782&use=l&cat=p&typeid=i","cat":284360},{"id":6314,"n":"Pansements Primoplast Peaux sensibles x30","p":0.88,"img":"https://fd13-photos.leclercdrive.fr/image.ashx?id=2832918&use=l&cat=p&typeid=i","cat":284630},{"id":6316,"n":"Escalope de poulet Côté Croc À la Bolognaise x2 - 200g","p":2.13,"u":"10,65 €/KG","img":"https://fd13-photos.leclercdrive.fr/image.ashx?id=1725800&use=l&cat=p&typeid=i","cat":333683},{"id":6340,"n":"Goûters fourrés P'tit Déli Chocolat x16 - 300g","p":1.19,"u":"3,97 €/KG","img":"https://fd13-photos.leclercdrive.fr/image.ashx?id=2100548&use=l&cat=p&typeid=i","cat":284488},{"id":6344,"n":"Boules soufflées Tokapi  Fromage - 50g","p":0.58,"u":"11,60 €/KG","img":"https://fd13-photos.leclercdrive.fr/image.ashx?id=2885762&use=l&cat=p&typeid=i","cat":284449},{"id":6345,"n":"Couscous Comptoir du Monde Grain moyen - 500g","p":0.84,"u":"1,68 €/KG","img":"https://fd13-photos.leclercdrive.fr/image.ashx?id=3012803&use=l&cat=p&typeid=i","cat":284429},{"id":6350,"n":"Eponges Mamison couleur Super absorbantes x3","p":1.22,"u":"0,41 €/P","img":"https://fd13-photos.leclercdrive.fr/image.ashx?id=1851759&use=l&cat=p&typeid=i","cat":284667},{"id":6353,"n":"Pancetta italienne Saint Azay 10 tranches - 100g","p":2.89,"u":"28,90 €/KG","img":"https://fd13-photos.leclercdrive.fr/image.ashx?id=1889099&use=l&cat=p&typeid=i","cat":316007},{"id":6354,"n":"Miel Nid d'Abeille Crémeux - 500 g","p":3.92,"u":"7,84 €/KG","img":"https://fd13-photos.leclercdrive.fr/image.ashx?id=760198&use=l&cat=p&typeid=i","cat":287643},{"id":6355,"n":"AOC Clairette de Die doux Rives et Terrasses - 75cl","p":5.29,"u":"7,05 €/L","img":"https://fd13-photos.leclercdrive.fr/image.ashx?id=2691162&use=l&cat=p&typeid=i","cat":284544},{"id":6357,"n":"Chorizo doux Saint Azay 30 tranches - 150g","p":2.09,"u":"13,93 €/KG","img":"https://fd13-photos.leclercdrive.fr/image.ashx?id=1873710&use=l&cat=p&typeid=i","cat":316007},{"id":6358,"n":"Gel nettoyant wc javel Syphon Agrumes 750ml","p":0.89,"u":"1,19 €/L","img":"https://fd13-photos.leclercdrive.fr/image.ashx?id=2669696&use=l&cat=p&typeid=i","cat":284662},{"id":6359,"n":"Croûtons Epi d'Or Fromage - 90g","p":0.99,"u":"11,00 €/KG","img":"https://fd13-photos.leclercdrive.fr/image.ashx?id=2651783&use=l&cat=p&typeid=i","cat":284464},{"id":6362,"n":"Mélange Gourmand Tokapi  Graines et raisins - 120g","p":1.29,"u":"10,75 €/KG","img":"https://fd13-photos.leclercdrive.fr/image.ashx?id=2795547&use=l&cat=p&typeid=i","cat":284448},{"id":6365,"n":"Galettes sarrasin NRT de Bretagne 230g","p":1.79,"u":"7,78 €/KG","img":"https://fd13-photos.leclercdrive.fr/image.ashx?id=2770259&use=l&cat=p&typeid=i","cat":333672},{"id":6366,"n":"Crêpes de froment NRT de Bretagne 180g","p":1.99,"u":"11,06 €/KG","img":"https://fd13-photos.leclercdrive.fr/image.ashx?id=2771058&use=l&cat=p&typeid=i","cat":333672},{"id":6391,"n":"Compotes Andros Pomme poire 750g","p":1.78,"u":"2,37 €/KG","img":"https://fd13-photos.leclercdrive.fr/image.ashx?id=2396117&use=l&cat=p&typeid=i","cat":284508},{"id":6392,"n":"Compotes Andros Pomme vanille 750g","p":1.79,"u":"2,39 €/KG","img":"https://fd13-photos.leclercdrive.fr/image.ashx?id=2396120&use=l&cat=p&typeid=i","cat":284508},{"id":6434,"n":"Eau gazeuse Cristaline 6x1,5L","p":1.73,"u":"0,19 €/L","img":"https://fd13-photos.leclercdrive.fr/image.ashx?id=2694602&use=l&cat=p&typeid=i","cat":284536},{"id":6437,"n":"Fromage P'tit Louis  Filet 8 Portions - 160g","p":2.77,"u":"17,31 €/KG","img":"https://fd13-photos.leclercdrive.fr/image.ashx?id=2845994&use=l&cat=p&typeid=i","cat":314030},{"id":6448,"n":"Petits pois carottes Très fins  Notre Jardin -A l'étuvée - 265g","p":0.95,"u":"3,58 €/KG","img":"https://fd13-photos.leclercdrive.fr/image.ashx?id=1951819&use=l&cat=p&typeid=i","cat":312607},{"id":6452,"n":"Flan Délisse Vanille Caramel - 12x100g","p":1.89,"u":"1,58 €/KG","img":"https://fd13-photos.leclercdrive.fr/image.ashx?id=2851637&use=l&cat=p&typeid=i","cat":284420},{"id":6455,"n":"Soufflés Snacks Tokapi Bacon - 60g","p":0.48,"u":"8,00 €/KG","img":"https://fd13-photos.leclercdrive.fr/image.ashx?id=2625062&use=l&cat=p&typeid=i","cat":284449},{"id":6456,"n":"Haricots beurre d'aucy Extra-fins - 220g","p":1.35,"u":"6,14 €/KG","img":"https://fd13-photos.leclercdrive.fr/image.ashx?id=2438123&use=l&cat=p&typeid=i","cat":312606},{"id":6467,"n":"Pâtes Macaroni Turini 1kg","p":1.35,"u":"1,35 €/KG","img":"https://fd13-photos.leclercdrive.fr/image.ashx?id=2905801&use=l&cat=p&typeid=i","cat":284427},{"id":6471,"n":"Lingettes Individuelles Hygiène Intime Hamamélis Intima x16","p":2.37,"u":"0,15 €/P","img":"https://fd13-photos.leclercdrive.fr/image.ashx?id=2959859&use=l&cat=p&typeid=i","cat":284627},{"id":6472,"n":"Miel L'Apiculteur crémeux  et onctueux- 500g","p":6.25,"u":"12,50 €/KG","img":"https://fd13-photos.leclercdrive.fr/image.ashx?id=2854387&use=l&cat=p&typeid=i","cat":287643},{"id":6484,"n":"Alcool modifié Mercurochrome 70° - 200ml","p":2.25,"u":"11,25 €/L","img":"https://fd13-photos.leclercdrive.fr/image.ashx?id=2663974&use=l&cat=p&typeid=i","cat":284630},{"id":6486,"n":"Biscuits apéritif Lay's 3D's Goût Bacon - 85g","p":0.8,"u":"9,41 €/KG","img":"https://fd13-photos.leclercdrive.fr/image.ashx?id=2917414&use=l&cat=p&typeid=i","cat":284449},{"id":6488,"n":"Sucre cristal Béghin Say 5kg","p":8.91,"u":"1,78 €/KG","img":"https://fd13-photos.leclercdrive.fr/image.ashx?id=2866340&use=l&cat=p&typeid=i","cat":284502},{"id":6496,"n":"Sauce au Beurre Blan KNORR Échalote - Brique 30cl","p":1.37,"u":"4,57 €/L","img":"https://fd13-photos.leclercdrive.fr/image.ashx?id=2915991&use=l&cat=p&typeid=i","cat":288381},{"id":6511,"n":"Pâtes Spaghetti Turini 1kg","p":1.35,"u":"1,35 €/KG","img":"https://fd13-photos.leclercdrive.fr/image.ashx?id=2441096&use=l&cat=p&typeid=i","cat":284427},{"id":6512,"n":"Riz long Comptoir du Grain Sachet cuisson rapide x4 - 500g","p":1.25,"u":"2,50 €/KG","img":"https://fd13-photos.leclercdrive.fr/image.ashx?id=2118454&use=l&cat=p&typeid=i","cat":284428},{"id":6513,"n":"Vinaigre de vin Rustica Aromatisé à l'échalote - 75cl","p":1.35,"u":"1,80 €/L","img":"https://fd13-photos.leclercdrive.fr/image.ashx?id=1659936&use=l&cat=p&typeid=i","cat":298543},{"id":6516,"n":"Gâteaux P'tit Déli Pépites au chocolat 5x30g","p":1.02,"u":"6,80 €/KG","img":"https://fd13-photos.leclercdrive.fr/image.ashx?id=1986647&use=l&cat=p&typeid=i","cat":284495},{"id":6519,"n":"Soufflés Frites Tokapi Salé - 80g","p":0.65,"u":"8,13 €/KG","img":"https://fd13-photos.leclercdrive.fr/image.ashx?id=2486074&use=l&cat=p&typeid=i","cat":284449},{"id":6521,"n":"Pâtes chinoises Tables du Monde 250g","p":1.19,"u":"4,76 €/KG","img":"https://fd13-photos.leclercdrive.fr/image.ashx?id=2572058&use=l&cat=p&typeid=i","cat":288992},{"id":6523,"n":"Champignons Paris Notre Jardin Emincés - 2x115g","p":1.71,"u":"7,43 €/KG","img":"https://fd13-photos.leclercdrive.fr/image.ashx?id=2991124&use=l&cat=p&typeid=i","cat":312610},{"id":6525,"n":"Serviette hygiénique Doulys Ultra - Super+ - x12","p":0.9,"u":"0,08 €/P","img":"https://fd13-photos.leclercdrive.fr/image.ashx?id=2838918&use=l&cat=p&typeid=i","cat":284624},{"id":6526,"n":"Serviette hygiénique Doulys Ultra - Spécial nuit - x10","p":1.29,"u":"0,13 €/P","img":"https://fd13-photos.leclercdrive.fr/image.ashx?id=2838921&use=l&cat=p&typeid=i","cat":284624},{"id":6579,"n":"Vinaigre d'alcool coloré Eco+ 1L","p":0.35,"u":"0,35 €/L","img":"https://fd13-photos.leclercdrive.fr/image.ashx?id=1701319&use=l&cat=p&typeid=i","cat":298543},{"id":6580,"n":"Fromage de chévre Les Croisés 150g","p":1.42,"u":"9,47 €/KG","img":"https://fd13-photos.leclercdrive.fr/image.ashx?id=2684823&use=l&cat=p&typeid=i","cat":314031},{"id":6582,"n":"Coulommiers De pays  Les Croisés - 21% mg - 350g","p":2.55,"u":"7,29 €/KG","img":"https://fd13-photos.leclercdrive.fr/image.ashx?id=1945417&use=l&cat=p&typeid=i","cat":314033},{"id":6589,"n":"Fromage Chaource NRT AOP  250g","p":3.55,"u":"14,20 €/KG","img":"https://fd13-photos.leclercdrive.fr/image.ashx?id=2874768&use=l&cat=p&typeid=i","cat":329558},{"id":6630,"n":"Pâtes torsettes Turini Les 3 min - 500g","p":0.82,"u":"1,64 €/KG","img":"https://fd13-photos.leclercdrive.fr/image.ashx?id=2441165&use=l&cat=p&typeid=i","cat":284427},{"id":6681,"n":"Persil frisé la botte  1p","p":0.99,"img":"https://fd13-photos.leclercdrive.fr/image.ashx?id=578632&use=l&cat=p&typeid=i","cat":293607},{"id":6689,"n":"Pain aux figues  300g","p":1.6,"u":"5,33 €/KG","img":"https://fd13-photos.leclercdrive.fr/image.ashx?id=2062903&use=l&cat=p&typeid=i","cat":284359},{"id":6697,"n":"Collants Well Elastivoile Résistant noir T1","p":3.7,"img":"https://fd13-photos.leclercdrive.fr/image.ashx?id=2056539&use=l&cat=p&typeid=i","cat":334130},{"id":6711,"n":"Spray nettoyant vitres Clair Recharge 750ml","p":1.09,"u":"1,45 €/L","img":"https://fd13-photos.leclercdrive.fr/image.ashx?id=1647691&use=l&cat=p&typeid=i","cat":325363},{"id":6712,"n":"Spray nettoyant vitres Clair 750ml","p":1.29,"u":"1,72 €/L","img":"https://fd13-photos.leclercdrive.fr/image.ashx?id=2943623&use=l&cat=p&typeid=i","cat":325363},{"id":6714,"n":"Fromage raclette Entremont Saveur d'Antan 350g","p":4.6,"u":"13,14 €/KG","img":"https://fd13-photos.leclercdrive.fr/image.ashx?id=2984985&use=l&cat=p&typeid=i","cat":314037},{"id":6782,"n":"Cannelle en bâton Ducros 10g","p":1.87,"u":"187,00 €/KG","img":"https://fd13-photos.leclercdrive.fr/image.ashx?id=1748573&use=l&cat=p&typeid=i","cat":298297},{"id":6788,"n":"Herbes de provence Ducros 18g","p":0.84,"u":"46,67 €/KG","img":"https://fd13-photos.leclercdrive.fr/image.ashx?id=2486533&use=l&cat=p&typeid=i","cat":298297},{"id":6791,"n":"Piment de cayenne moulu Ducros Extra fort - 38g","p":1.91,"u":"50,26 €/KG","img":"https://fd13-photos.leclercdrive.fr/image.ashx?id=2559433&use=l&cat=p&typeid=i","cat":298297},{"id":6798,"n":"Safran en poudre Ducros 3 doses de 0.1g","p":4.24,"img":"https://fd13-photos.leclercdrive.fr/image.ashx?id=2490488&use=l&cat=p&typeid=i","cat":298297},{"id":6799,"n":"Poivre gris moulu et sel Ducros 2x34g","p":2.1,"u":"30,88 €/KG","img":"https://fd13-photos.leclercdrive.fr/image.ashx?id=2759457&use=l&cat=p&typeid=i","cat":284457},{"id":6803,"n":"Pralin Vahiné 100g","p":2.16,"u":"21,60 €/KG","img":"https://fd13-photos.leclercdrive.fr/image.ashx?id=2559775&use=l&cat=p&typeid=i","cat":284504},{"id":6806,"n":"Bougies d'anniversaire Vahiné Couleur divers - 16 pièces","p":1.43,"u":"0,09 €/P","img":"https://fd13-photos.leclercdrive.fr/image.ashx?id=1865903&use=l&cat=p&typeid=i","cat":284504},{"id":6809,"n":"Arôme naturel de vanille Vahiné Liquide 50ml","p":3.89,"u":"77,80 €/L","img":"https://fd13-photos.leclercdrive.fr/image.ashx?id=2541193&use=l&cat=p&typeid=i","cat":284504},{"id":6810,"n":"Nappage chocolat Vahiné 350g","p":2.98,"u":"8,51 €/KG","img":"https://fd13-photos.leclercdrive.fr/image.ashx?id=2938656&use=l&cat=p&typeid=i","cat":284504},{"id":6830,"n":"Sucre Cristal Daddy 1kg","p":1.61,"u":"1,61 €/KG","img":"https://fd13-photos.leclercdrive.fr/image.ashx?id=2975855&use=l&cat=p&typeid=i","cat":284502},{"id":6831,"n":"Sucre en poudre Daddy 1kg","p":1.61,"u":"1,61 €/KG","img":"https://fd13-photos.leclercdrive.fr/image.ashx?id=2936062&use=l&cat=p&typeid=i","cat":284502},{"id":6837,"n":"Madeleines longues P'tit Déli 440g","p":2.55,"u":"5,80 €/KG","img":"https://fd13-photos.leclercdrive.fr/image.ashx?id=2399135&use=l&cat=p&typeid=i","cat":284492},{"id":6838,"n":"Joker Pur Jus Engagé Orange  avec pulpe - 1L","p":3.23,"u":"3,23 €/L","img":"https://fd13-photos.leclercdrive.fr/image.ashx?id=3001284&use=l&cat=p&typeid=i","cat":284521},{"id":6843,"n":"AOP Champagne Alfred Rothschild Brut 12.5%vol - 75cl","p":22.18,"u":"29,57 €/L","img":"https://fd13-photos.leclercdrive.fr/image.ashx?id=2979683&use=l&cat=p&typeid=i","cat":284542},{"id":6847,"n":"Canapés toasts Epi d'Or Briochés - 250g","p":1.12,"u":"4,48 €/KG","img":"https://fd13-photos.leclercdrive.fr/image.ashx?id=1858996&use=l&cat=p&typeid=i","cat":285454},{"id":6879,"n":"Fromage Gouda Les Croisés En tranche - 200g","p":1.97,"u":"9,85 €/KG","img":"https://fd13-photos.leclercdrive.fr/image.ashx?id=2028173&use=l&cat=p&typeid=i","cat":314028},{"id":6880,"n":"Fromage Mimolette Les Croisés En tranche x8 - 200g","p":1.85,"u":"9,25 €/KG","img":"https://fd13-photos.leclercdrive.fr/image.ashx?id=2028176&use=l&cat=p&typeid=i","cat":314028},{"id":6881,"n":"Fromage Maasdam Les Croisés En tranche x8 - 200g","p":1.91,"u":"9,55 €/KG","img":"https://fd13-photos.leclercdrive.fr/image.ashx?id=1990673&use=l&cat=p&typeid=i","cat":314028},{"id":6905,"n":"GROUPE DE VARIANTES Multicoloris","p":1.79,"img":"https://fd13-photos.leclercdrive.fr/image.ashx?id=1706598&use=l&cat=p&typeid=i","cat":284745},{"id":6913,"n":"Comprimés de stérilisation Mots d'enfants x30","p":2.95,"img":"https://fd13-photos.leclercdrive.fr/image.ashx?id=581487&use=l&cat=p&typeid=i","cat":289435},{"id":6915,"n":"Bloc bureau Esquisse - 80 pages 14.8x21cm","p":1.69,"img":"https://fd13-photos.leclercdrive.fr/image.ashx?id=1928752&use=l&cat=p&typeid=i","cat":284697},{"id":6916,"n":"Bloc bureau Esquisse - 80 pages 10.5x14.8cm","p":0.99,"img":"https://fd13-photos.leclercdrive.fr/image.ashx?id=1928749&use=l&cat=p&typeid=i","cat":284697},{"id":6928,"n":"Préparation pour fondue Les Croisés 18%mg 400g","p":3.42,"u":"8,55 €/KG","img":"https://fd13-photos.leclercdrive.fr/image.ashx?id=1961153&use=l&cat=p&typeid=i","cat":314037},{"id":7012,"n":"Compote bébé Babybio - 4 mois Bio Poire williams - 2x130g","p":2.05,"u":"7,88 €/KG","img":"https://fd13-photos.leclercdrive.fr/image.ashx?id=2834515&use=l&cat=p&typeid=i","cat":312387},{"id":7013,"n":"Compote bébé Babybio Bio 4 mois Pomme / Pêche - 2x130g","p":1.88,"u":"7,23 €/KG","img":"https://fd13-photos.leclercdrive.fr/image.ashx?id=2859362&use=l&cat=p&typeid=i","cat":312387},{"id":7014,"n":"Compote bébé bio Babybio Pomme abricot - 4 mois - 2x130g","p":1.84,"u":"7,08 €/KG","img":"https://fd13-photos.leclercdrive.fr/image.ashx?id=2838320&use=l&cat=p&typeid=i","cat":312387},{"id":7017,"n":"Compote bébé Babybio Bio 4 mois Pomme / Banane - 2x130g","p":1.89,"u":"7,27 €/KG","img":"https://fd13-photos.leclercdrive.fr/image.ashx?id=2832011&use=l&cat=p&typeid=i","cat":312387},{"id":7022,"n":"Bloc bureau Esquisse - 80 pages 21x29.7cm","p":2.39,"img":"https://fd13-photos.leclercdrive.fr/image.ashx?id=1928755&use=l&cat=p&typeid=i","cat":284697},{"id":7023,"n":"Bloc bureau Esquisse - 80 pages 21x32cm","p":2.79,"img":"https://fd13-photos.leclercdrive.fr/image.ashx?id=1928758&use=l&cat=p&typeid=i","cat":284697},{"id":7025,"n":"Pizza Cuite sur pierre Turini Jambon fromage - 400g","p":2.85,"u":"7,13 €/KG","img":"https://fd13-photos.leclercdrive.fr/image.ashx?id=2815223&use=l&cat=p&typeid=i","cat":284256},{"id":7029,"n":"Velouté de carotte Régal A la Crème fraîche - 1L","p":1.41,"u":"1,41 €/L","img":"https://fd13-photos.leclercdrive.fr/image.ashx?id=732145&use=l&cat=p&typeid=i","cat":284462},{"id":7030,"n":"Sauce Tomate cuisinée Turini Aux petits légumes - 180g","p":0.84,"u":"4,67 €/KG","img":"https://fd13-photos.leclercdrive.fr/image.ashx?id=2490034&use=l&cat=p&typeid=i","cat":288384},{"id":7056,"n":"Soupe de poissons MSC Pêche Océan - 1kg","p":2.99,"u":"2,99 €/KG","img":"https://fd13-photos.leclercdrive.fr/image.ashx?id=2480060&use=l&cat=p&typeid=i","cat":287366},{"id":7071,"n":"Petits Boudoirs Babybio Bio - Orange Douce - 120g","p":2.76,"u":"23,00 €/KG","img":"https://fd13-photos.leclercdrive.fr/image.ashx?id=2733262&use=l&cat=p&typeid=i","cat":312227},{"id":7126,"n":"Riz cantonais  Traditions d'Asie - 400g","p":3.6,"u":"9,00 €/KG","img":"https://fd13-photos.leclercdrive.fr/image.ashx?id=2505043&use=l&cat=p&typeid=i","cat":333673},{"id":7127,"n":"Sauce soja Jardin Bio' Bio - 125ml","p":2.44,"u":"19,52 €/L","img":"https://fd13-photos.leclercdrive.fr/image.ashx?id=2740118&use=l&cat=p&typeid=i","cat":288992},{"id":7132,"n":"Samoussa Tables du Monde Crevette curry - x6 - 200g","p":3.19,"u":"13,87 €/KG","img":"https://fd13-photos.leclercdrive.fr/image.ashx?id=1765190&use=l&cat=p&typeid=i","cat":333673},{"id":7190,"n":"Lait coco Kara - Brique 500ml","p":2.46,"u":"4,92 €/KG","img":"https://fd13-photos.leclercdrive.fr/image.ashx?id=2906898&use=l&cat=p&typeid=i","cat":288992},{"id":7191,"n":"Nouilles chinoises Tanoshi blé tendre - 250g","p":1.84,"u":"7,36 €/KG","img":"https://fd13-photos.leclercdrive.fr/image.ashx?id=2850892&use=l&cat=p&typeid=i","cat":288992},{"id":7199,"n":"Crème noix coco Kara - brique de 200ml","p":1.82,"u":"9,10 €/KG","img":"https://fd13-photos.leclercdrive.fr/image.ashx?id=2906892&use=l&cat=p&typeid=i","cat":288992},{"id":7264,"n":"Secret de mousse La laitière Café - 4x59g","p":1.68,"u":"7,12 €/KG","img":"https://fd13-photos.leclercdrive.fr/image.ashx?id=2651378&use=l&cat=p&typeid=i","cat":284417},{"id":7282,"n":"Compote Douceur du Verger  Pomme Poire - 4x100g","p":1.09,"u":"2,73 €/KG","img":"https://fd13-photos.leclercdrive.fr/image.ashx?id=762794&use=l&cat=p&typeid=i","cat":284416},{"id":7283,"n":"Compote Douceur du Verger Pomme banane - 4x100g","p":1.25,"u":"3,13 €/KG","img":"https://fd13-photos.leclercdrive.fr/image.ashx?id=2956906&use=l&cat=p&typeid=i","cat":284416},{"id":7284,"n":"Compote Douceur du Verger Pomme Fraise - 4x100g","p":1.09,"u":"2,73 €/KG","img":"https://fd13-photos.leclercdrive.fr/image.ashx?id=3009779&use=l&cat=p&typeid=i","cat":284416},{"id":7289,"n":"Crème Dépilatoire Siliss Peaux sensibles - 200ml","p":1.79,"u":"8,95 €/L","img":"https://fd13-photos.leclercdrive.fr/image.ashx?id=2510732&use=l&cat=p&typeid=i","cat":325351},{"id":7293,"n":"Râpé 3 fromages Les Croisés 200g","p":1.79,"u":"8,95 €/KG","img":"https://fd13-photos.leclercdrive.fr/image.ashx?id=2860067&use=l&cat=p&typeid=i","cat":314035},{"id":7294,"n":"Huile de tournesol Bio Village Bio - 75cl","p":3.59,"u":"4,79 €/L","img":"https://fd13-photos.leclercdrive.fr/image.ashx?id=1256837&use=l&cat=p&typeid=i","cat":284453},{"id":7315,"n":"Concentré de tomates Eco+ 2x140g","p":1.28,"u":"4,57 €/KG","img":"https://fd13-photos.leclercdrive.fr/image.ashx?id=3013564&use=l&cat=p&typeid=i","cat":288384},{"id":7316,"n":"Concentré de tomates Eco+ 3x70g","p":1.75,"u":"8,33 €/KG","img":"https://fd13-photos.leclercdrive.fr/image.ashx?id=2681571&use=l&cat=p&typeid=i","cat":288384},{"id":7339,"n":"Soupe déshydratée Knorr  Douceur d'asperges - 96g","p":1.0,"u":"10,42 €/KG","img":"https://fd13-photos.leclercdrive.fr/image.ashx?id=2790588&use=l&cat=p&typeid=i","cat":284463},{"id":7344,"n":"Pâtes petits paniers Panzani 500g","p":1.17,"u":"2,34 €/KG","img":"https://fd13-photos.leclercdrive.fr/image.ashx?id=2876014&use=l&cat=p&typeid=i","cat":284427},{"id":7345,"n":"Pâtes serpentini Panzani 500g","p":0.99,"u":"1,98 €/KG","img":"https://fd13-photos.leclercdrive.fr/image.ashx?id=2876044&use=l&cat=p&typeid=i","cat":284427},{"id":7349,"n":"Croquettes chat One Purina Stérilisé - Boeuf/Blé - 450g","p":2.5,"u":"5,56 €/KG","img":"https://fd13-photos.leclercdrive.fr/image.ashx?id=2681044&use=l&cat=p&typeid=i","cat":284680},{"id":7359,"n":"Gorgonzola AOP Les Croisés -150g","p":2.47,"u":"16,47 €/KG","img":"https://fd13-photos.leclercdrive.fr/image.ashx?id=2341885&use=l&cat=p&typeid=i","cat":314032},{"id":7360,"n":"Mortadelle Italienne Saint Azay 12 tranches 150g","p":2.14,"u":"14,27 €/KG","img":"https://fd13-photos.leclercdrive.fr/image.ashx?id=2704481&use=l&cat=p&typeid=i","cat":316009},{"id":7361,"n":"Fromage Edam Les Croisés En tranche x8 - 200g","p":1.97,"u":"9,85 €/KG","img":"https://fd13-photos.leclercdrive.fr/image.ashx?id=2041351&use=l&cat=p&typeid=i","cat":314028},{"id":7362,"n":"Riz Basmati Comptoir du Grain Express 2 min - 250g","p":0.99,"u":"3,96 €/KG","img":"https://fd13-photos.leclercdrive.fr/image.ashx?id=2441192&use=l&cat=p&typeid=i","cat":287600},{"id":7363,"n":"Riz Express Comptoir du Grain A la méditerranéenne - 250g","p":1.2,"u":"4,80 €/KG","img":"https://fd13-photos.leclercdrive.fr/image.ashx?id=2856474&use=l&cat=p&typeid=i","cat":287600},{"id":7369,"n":"Chiffonades de rosette Saint Azay - 100g","p":2.0,"u":"20,00 €/KG","img":"https://fd13-photos.leclercdrive.fr/image.ashx?id=2059864&use=l&cat=p&typeid=i","cat":316007},{"id":7376,"n":"Lunettes de Romans NRT Myrtille - 350g","p":2.89,"u":"8,26 €/KG","img":"https://fd13-photos.leclercdrive.fr/image.ashx?id=2622296&use=l&cat=p&typeid=i","cat":284487},{"id":7381,"n":"Sachet repas chats Gourmet 4 variétés poissons - 4x85g","p":1.82,"u":"5,35 €/KG","img":"https://fd13-photos.leclercdrive.fr/image.ashx?id=2867788&use=l&cat=p&typeid=i","cat":285286},{"id":7427,"n":"Huile d'olive Puget Vierge extra - 50cl","p":6.5,"u":"13,00 €/L","img":"https://fd13-photos.leclercdrive.fr/image.ashx?id=2915877&use=l&cat=p&typeid=i","cat":284453},{"id":7432,"n":"Huile de friture Frial Lesieur 2L","p":6.16,"u":"3,08 €/L","img":"https://fd13-photos.leclercdrive.fr/image.ashx?id=2916857&use=l&cat=p&typeid=i","cat":284453},{"id":7436,"n":"Assortiment biscuits P'tit Déli Biscuits fins - 750g","p":7.8,"u":"10,40 €/KG","img":"https://fd13-photos.leclercdrive.fr/image.ashx?id=2535643&use=l&cat=p&typeid=i","cat":284490},{"id":7437,"n":"Pâte brisée Tablier Blanc Au beurre - 230g","p":1.19,"u":"5,17 €/KG","img":"https://fd13-photos.leclercdrive.fr/image.ashx?id=2635892&use=l&cat=p&typeid=i","cat":333681},{"id":7439,"n":"Vinaigrette Rustica Nature - 1L","p":1.76,"u":"1,76 €/L","img":"https://fd13-photos.leclercdrive.fr/image.ashx?id=1972904&use=l&cat=p&typeid=i","cat":284456},{"id":7448,"n":"Compote Douceur du Verger Coupelle pomme pruneau - 4x100g","p":1.36,"u":"3,40 €/KG","img":"https://fd13-photos.leclercdrive.fr/image.ashx?id=2663479&use=l&cat=p&typeid=i","cat":284508},{"id":7450,"n":"Gâteaux fourrés P'tit Déli Fraise x7 - 196g","p":2.8,"u":"14,29 €/KG","img":"https://fd13-photos.leclercdrive.fr/image.ashx?id=2659777&use=l&cat=p&typeid=i","cat":284495},{"id":7451,"n":"Biscuits P'tit Déli Goûters Fourrés au chocolat 2x300g","p":2.3,"u":"3,83 €/KG","img":"https://fd13-photos.leclercdrive.fr/image.ashx?id=2116182&use=l&cat=p&typeid=i","cat":284488},{"id":7452,"n":"Tubes Fromage blanc Délisse 3 parfums - 12 x40g","p":2.38,"u":"4,96 €/KG","img":"https://fd13-photos.leclercdrive.fr/image.ashx?id=2884231&use=l&cat=p&typeid=i","cat":284415},{"id":7455,"n":"Fromage Bleu des Causses NRT  AOP - 125g","p":1.99,"u":"15,92 €/KG","img":"https://fd13-photos.leclercdrive.fr/image.ashx?id=2771043&use=l&cat=p&typeid=i","cat":314032},{"id":7459,"n":"Pâtes Barilla Spaghetti n°5 - 500g","p":0.91,"u":"1,82 €/KG","img":"https://fd13-photos.leclercdrive.fr/image.ashx?id=2392200&use=l&cat=p&typeid=i","cat":284427},{"id":7465,"n":"Actifidus Délisse Citron - 4x125g","p":1.36,"u":"2,72 €/KG","img":"https://fd13-photos.leclercdrive.fr/image.ashx?id=2501673&use=l&cat=p&typeid=i","cat":315000},{"id":7466,"n":"Pain grillé Epi d'or Brioché x26 - 300g","p":2.15,"u":"7,17 €/KG","img":"https://fd13-photos.leclercdrive.fr/image.ashx?id=2047847&use=l&cat=p&typeid=i","cat":284479},{"id":7508,"n":"Glace Tyrolia Eskiss Cappuccino - 340g","p":2.69,"u":"7,91 €/KG","img":"https://fd13-photos.leclercdrive.fr/image.ashx?id=2085218&use=l&cat=p&typeid=i","cat":284266},{"id":7529,"n":"Fromage Comté Entremont 200g","p":3.11,"u":"15,55 €/KG","img":"https://fd13-photos.leclercdrive.fr/image.ashx?id=2983144&use=l&cat=p&typeid=i","cat":314034},{"id":7530,"n":"Crème fraîche épaisse Bridélice 15%mg 20cl","p":0.82,"u":"4,10 €/L","img":"https://fd13-photos.leclercdrive.fr/image.ashx?id=2970873&use=l&cat=p&typeid=i","cat":284381},{"id":7531,"n":"Faisselle Rians 6%mg - 500g","p":1.93,"u":"3,86 €/KG","img":"https://fd13-photos.leclercdrive.fr/image.ashx?id=2542324&use=l&cat=p&typeid=i","cat":284409},{"id":7556,"n":"Olives fromage Pause Fraîcheur 150g","p":1.99,"u":"13,27 €/KG","img":"https://fd13-photos.leclercdrive.fr/image.ashx?id=2149372&use=l&cat=p&typeid=i","cat":316002},{"id":7557,"n":"Olives à l'ail Couleurs Vives 150g","p":1.99,"u":"13,27 €/KG","img":"https://fd13-photos.leclercdrive.fr/image.ashx?id=2149375&use=l&cat=p&typeid=i","cat":316002},{"id":7563,"n":"Coulis de tomate bio Jardin Bio 500g","p":1.67,"u":"3,34 €/KG","img":"https://fd13-photos.leclercdrive.fr/image.ashx?id=2918841&use=l&cat=p&typeid=i","cat":288384},{"id":7578,"n":"Thé vert bio orange Jardin Bio' Bergamote Max Havelaar x20 30g","p":2.56,"u":"85,33 €/KG","img":"https://fd13-photos.leclercdrive.fr/image.ashx?id=2792666&use=l&cat=p&typeid=i","cat":293233},{"id":7586,"n":"Fond de veau Rustica 110g","p":2.11,"u":"19,18 €/KG","img":"https://fd13-photos.leclercdrive.fr/image.ashx?id=2188679&use=l&cat=p&typeid=i","cat":288379},{"id":7589,"n":"Biscuits Mikado LU Chocolat au lait - 3x39g","p":2.15,"u":"18,38 €/KG","img":"https://fd13-photos.leclercdrive.fr/image.ashx?id=3001970&use=l&cat=p&typeid=i","cat":284488},{"id":7599,"n":"Haricots verts Jardin Bio' Bio extra fin coupés - 360g","p":2.55,"u":"7,08 €/KG","img":"https://fd13-photos.leclercdrive.fr/image.ashx?id=2967151&use=l&cat=p&typeid=i","cat":312606},{"id":7600,"n":"Petits pois carottes JardinBio' Bio - 420g","p":2.61,"u":"6,21 €/KG","img":"https://fd13-photos.leclercdrive.fr/image.ashx?id=2947958&use=l&cat=p&typeid=i","cat":312607},{"id":7601,"n":"Dessert fruitier Jardin Bio' bio Pomme vanille bourbon 680g","p":2.7,"u":"3,97 €/KG","img":"https://fd13-photos.leclercdrive.fr/image.ashx?id=2967786&use=l&cat=p&typeid=i","cat":284508},{"id":7608,"n":"Crayon à papier HB Esquisse x4 avec bout gomme","p":0.75,"img":"https://fd13-photos.leclercdrive.fr/image.ashx?id=2943214&use=l&cat=p&typeid=i","cat":284696},{"id":7646,"n":"Spaghetti Jardin Bio Bio quinoa persil ail - 500g","p":2.03,"u":"4,06 €/KG","img":"https://fd13-photos.leclercdrive.fr/image.ashx?id=3014542&use=l&cat=p&typeid=i","cat":284427},{"id":7649,"n":"Dessert fruitier Andros Pomme Cassis - 4x100g","p":1.49,"u":"3,73 €/KG","img":"https://fd13-photos.leclercdrive.fr/image.ashx?id=2883928&use=l&cat=p&typeid=i","cat":284416},{"id":7666,"n":"Camembert Lepetit  250g","p":2.48,"u":"9,92 €/KG","img":"https://fd13-photos.leclercdrive.fr/image.ashx?id=2504350&use=l&cat=p&typeid=i","cat":314033},{"id":7676,"n":"Boudins Blancs Le Gaulois Volaille Nature 300g","p":2.75,"u":"9,17 €/KG","img":"https://fd13-photos.leclercdrive.fr/image.ashx?id=2236851&use=l&cat=p&typeid=i","cat":316012},{"id":7761,"n":"Galette Croq'Soja Céréal Bio  Bio provençale x2 200g","p":2.21,"u":"11,05 €/KG","img":"https://fd13-photos.leclercdrive.fr/image.ashx?id=2574296&use=l&cat=p&typeid=i","cat":284953},{"id":7772,"n":"Galette bio Céréal Bio  Millet champignons x2 - 200g","p":2.3,"u":"11,50 €/KG","img":"https://fd13-photos.leclercdrive.fr/image.ashx?id=2573543&use=l&cat=p&typeid=i","cat":284953},{"id":7816,"n":"Petit pois carottes D'aucy Extra-fins 3x530g","p":4.31,"u":"2,71 €/KG","img":"https://fd13-photos.leclercdrive.fr/image.ashx?id=2916767&use=l&cat=p&typeid=i","cat":312607},{"id":7857,"n":"Croquettes chiens Fido Au boeuf 1kg","p":2.84,"u":"2,84 €/KG","img":"https://fd13-photos.leclercdrive.fr/image.ashx?id=2972964&use=l&cat=p&typeid=i","cat":294526},{"id":7862,"n":"Petit pot de crème Délisse Café - 4x100g","p":1.8,"u":"4,50 €/KG","img":"https://fd13-photos.leclercdrive.fr/image.ashx?id=2550372&use=l&cat=p&typeid=i","cat":285041},{"id":7864,"n":"Yaourts sucrés Délisse Nature  - 4x125g","p":0.99,"u":"1,98 €/KG","img":"https://fd13-photos.leclercdrive.fr/image.ashx?id=2590415&use=l&cat=p&typeid=i","cat":284409},{"id":7866,"n":"Beurre Tendre Les Croisés Demi-sel - 80% MG - 250g","p":2.51,"u":"10,04 €/KG","img":"https://fd13-photos.leclercdrive.fr/image.ashx?id=2778027&use=l&cat=p&typeid=i","cat":284379},{"id":7869,"n":"Yaourts aromatisés Délisse Citron - 4x125g","p":1.45,"u":"2,90 €/KG","img":"https://fd13-photos.leclercdrive.fr/image.ashx?id=2134515&use=l&cat=p&typeid=i","cat":286006},{"id":7881,"n":"Camembert Les Croisés 8 portions - 22% mg - 8x30g","p":2.19,"u":"9,13 €/KG","img":"https://fd13-photos.leclercdrive.fr/image.ashx?id=2974798&use=l&cat=p&typeid=i","cat":314033},{"id":7882,"n":"Actifidus Délisse Coco Citron Vanille - 12x125g","p":3.5,"u":"2,33 €/KG","img":"https://fd13-photos.leclercdrive.fr/image.ashx?id=2441842&use=l&cat=p&typeid=i","cat":315000},{"id":7887,"n":"Selles-sur-Cher NRT AOP  Fromage de chèvre - 150g","p":3.49,"u":"23,27 €/KG","img":"https://fd13-photos.leclercdrive.fr/image.ashx?id=2586031&use=l&cat=p&typeid=i","cat":314031},{"id":7895,"n":"Gâteau de riz La Laitiere 500g","p":2.23,"u":"4,46 €/KG","img":"https://fd13-photos.leclercdrive.fr/image.ashx?id=3010972&use=l&cat=p&typeid=i","cat":284418},{"id":7972,"n":"Beurre Moulé Paysan Breton Doux - 82%MG - 250g","p":3.24,"u":"12,96 €/KG","img":"https://fd13-photos.leclercdrive.fr/image.ashx?id=2946943&use=l&cat=p&typeid=i","cat":284379},{"id":7993,"n":"Beurre d'escargot Rustica Ail et persil - 250g","p":3.49,"u":"13,96 €/KG","img":"https://fd13-photos.leclercdrive.fr/image.ashx?id=1915569&use=l&cat=p&typeid=i","cat":319775},{"id":8000,"n":"Cordon Bleu Poulet Père Dodu  Bacon de Dinde x2 - 200g","p":2.32,"u":"11,60 €/KG","img":"https://fd13-photos.leclercdrive.fr/image.ashx?id=2956987&use=l&cat=p&typeid=i","cat":333683},{"id":8003,"n":"Fromage Enfant Kiri Goûter 5 portions barquettes - 175g","p":2.27,"u":"12,97 €/KG","img":"https://fd13-photos.leclercdrive.fr/image.ashx?id=2972883&use=l&cat=p&typeid=i","cat":314030},{"id":8008,"n":"Pizza Cuite sur pierre Turini Fruits de Mer - 400g","p":3.15,"u":"7,88 €/KG","img":"https://fd13-photos.leclercdrive.fr/image.ashx?id=1694098&use=l&cat=p&typeid=i","cat":284256},{"id":8011,"n":"Crème glacée Menthe Eskiss Copeaux de Chocolat - 494g","p":2.79,"u":"5,65 €/KG","img":"https://fd13-photos.leclercdrive.fr/image.ashx?id=2982583&use=l&cat=p&typeid=i","cat":284263},{"id":8012,"n":"Friandises pour chien Lydog Biscuits fourrés Viande - 500g","p":1.29,"u":"2,58 €/KG","img":"https://fd13-photos.leclercdrive.fr/image.ashx?id=800493&use=l&cat=p&typeid=i","cat":294527},{"id":8013,"n":"Friandises pour chien Lydog Biscuits croquants - 500g","p":1.29,"u":"2,58 €/KG","img":"https://fd13-photos.leclercdrive.fr/image.ashx?id=1188277&use=l&cat=p&typeid=i","cat":294527},{"id":8017,"n":"Pâtes Penne Regate Turini 500g","p":0.6,"u":"1,20 €/KG","img":"https://fd13-photos.leclercdrive.fr/image.ashx?id=2052253&use=l&cat=p&typeid=i","cat":284427},{"id":8024,"n":"Barquette chiens Lydog 3 saveurs - 3x300g","p":3.78,"u":"4,20 €/KG","img":"https://fd13-photos.leclercdrive.fr/image.ashx?id=2050639&use=l&cat=p&typeid=i","cat":284673},{"id":8025,"n":"Barquette chiens Lydog 3 saveurs - 3x300g","p":3.79,"u":"4,21 €/KG","img":"https://fd13-photos.leclercdrive.fr/image.ashx?id=2050642&use=l&cat=p&typeid=i","cat":284673},{"id":8026,"n":"Soupe Velouté Régal Soupe Poireaux Pommes de terre 2x30cl","p":1.07,"u":"1,78 €/L","img":"https://fd13-photos.leclercdrive.fr/image.ashx?id=2607440&use=l&cat=p&typeid=i","cat":284462},{"id":8027,"n":"Soupe Velouté Régal Soupe 10 légumes - 2x30cl","p":1.19,"u":"1,98 €/L","img":"https://fd13-photos.leclercdrive.fr/image.ashx?id=2607443&use=l&cat=p&typeid=i","cat":284462},{"id":8032,"n":"Nougat tendre de Montélimar NRT Barre 200g","p":3.99,"u":"19,95 €/KG","img":"https://fd13-photos.leclercdrive.fr/image.ashx?id=790530&use=l&cat=p&typeid=i","cat":304249},{"id":8033,"n":"Broyés du Poitou NRT Pur beurre - 280g","p":3.17,"u":"11,32 €/KG","img":"https://fd13-photos.leclercdrive.fr/image.ashx?id=2622284&use=l&cat=p&typeid=i","cat":284487},{"id":8129,"n":"Soupe Mouliné Régal Soupe 10 légumes variés - 2x30cl","p":1.45,"u":"2,42 €/L","img":"https://fd13-photos.leclercdrive.fr/image.ashx?id=2302967&use=l&cat=p&typeid=i","cat":284462},{"id":8136,"n":"Biscuits raisin GERBLE  - 4x5, 360g","p":1.57,"u":"4,36 €/KG","img":"https://fd13-photos.leclercdrive.fr/image.ashx?id=2578726&use=l&cat=p&typeid=i","cat":318651},{"id":8178,"n":"Infusion Tisea Douce soirée 25 sachets","p":0.99,"u":"28,29 €/KG","img":"https://fd13-photos.leclercdrive.fr/image.ashx?id=2095218&use=l&cat=p&typeid=i","cat":293234},{"id":8181,"n":"Mini Paniers Côté Table x20 - 280g","p":5.29,"u":"18,89 €/KG","img":"https://fd13-photos.leclercdrive.fr/image.ashx?id=2228280&use=l&cat=p&typeid=i","cat":319774},{"id":8182,"n":"Mini Feuilletés Côté Table Saucisse x20 - 350g","p":4.19,"u":"11,97 €/KG","img":"https://fd13-photos.leclercdrive.fr/image.ashx?id=2622016&use=l&cat=p&typeid=i","cat":319774},{"id":8191,"n":"Colin d'Alaska Pêche Océan À la Florentine - MSC - 400g","p":3.49,"u":"8,73 €/KG","img":"https://fd13-photos.leclercdrive.fr/image.ashx?id=2930108&use=l&cat=p&typeid=i","cat":319786},{"id":8324,"n":"Tomates séchées Florelli 270g","p":3.28,"u":"12,15 €/KG","img":"https://fd13-photos.leclercdrive.fr/image.ashx?id=2633094&use=l&cat=p&typeid=i","cat":289010},{"id":8335,"n":"Sauce pâtes artichaut Florelli Tomate mascarpone - 190g","p":2.38,"u":"12,53 €/KG","img":"https://fd13-photos.leclercdrive.fr/image.ashx?id=3011668&use=l&cat=p&typeid=i","cat":289010},{"id":8337,"n":"Tapenade d'Olives noires  Les Tartinables Florelli 190g","p":2.36,"u":"12,42 €/KG","img":"https://fd13-photos.leclercdrive.fr/image.ashx?id=2884690&use=l&cat=p&typeid=i","cat":289010},{"id":8375,"n":"Sauce Déshydratée KNORR Aux Trois Poivres - 32g","p":0.76,"u":"27,14 €/KG","img":"https://fd13-photos.leclercdrive.fr/image.ashx?id=2875933&use=l&cat=p&typeid=i","cat":288381},{"id":8381,"n":"Soupe instantanée Royco  Bouillon à la Chinoise 3x200ml","p":1.57,"u":"33,40 €/KG","img":"https://fd13-photos.leclercdrive.fr/image.ashx?id=2650976&use=l&cat=p&typeid=i","cat":288992},{"id":8382,"n":"Pâtes spaghetti plat Panzani 500g","p":1.02,"u":"2,04 €/KG","img":"https://fd13-photos.leclercdrive.fr/image.ashx?id=2876041&use=l&cat=p&typeid=i","cat":284427},{"id":8383,"n":"Pâtes Coquillettes Panzani 3 Minutes - 500G","p":1.17,"u":"2,34 €/KG","img":"https://fd13-photos.leclercdrive.fr/image.ashx?id=2867945&use=l&cat=p&typeid=i","cat":284427},{"id":8388,"n":"Pâtes Lustucru macaroni Aux oeufs - 250g","p":0.94,"u":"3,76 €/KG","img":"https://fd13-photos.leclercdrive.fr/image.ashx?id=2519471&use=l&cat=p&typeid=i","cat":284427},{"id":8392,"n":"Torti Weight Watchers St Jacques - 300g","p":3.99,"u":"13,30 €/KG","img":"https://fd13-photos.leclercdrive.fr/image.ashx?id=2610861&use=l&cat=p&typeid=i","cat":333665},{"id":8393,"n":"Escalope Milanaise Marie 300g","p":3.38,"u":"11,27 €/KG","img":"https://fd13-photos.leclercdrive.fr/image.ashx?id=2317408&use=l&cat=p&typeid=i","cat":333665},{"id":8397,"n":"Madeleine Bonne Maman Pur beurre tradition 300g","p":2.71,"u":"9,03 €/KG","img":"https://fd13-photos.leclercdrive.fr/image.ashx?id=2936137&use=l&cat=p&typeid=i","cat":284492},{"id":8407,"n":"Crème expert rides Diadermine Nuit Anti-rides - 50ml","p":8.3,"pp":5.48,"u":"109,60 €/L","img":"https://fd13-photos.leclercdrive.fr/image.ashx?id=2500491&use=l&cat=p&typeid=i","cat":325345},{"id":8413,"n":"Biscuits Crackers Tokapi  Nature - 3x100g","p":1.38,"u":"4,60 €/KG","img":"https://fd13-photos.leclercdrive.fr/image.ashx?id=1948544&use=l&cat=p&typeid=i","cat":297000},{"id":8414,"n":"Chocolat au lait Equador Doux et fondant - 100g","p":1.65,"u":"16,50 €/KG","img":"https://fd13-photos.leclercdrive.fr/image.ashx?id=2499382&use=l&cat=p&typeid=i","cat":284497},{"id":8415,"n":"Pâtes coquillettes Turini Les 3 min - 500g","p":0.72,"u":"1,44 €/KG","img":"https://fd13-photos.leclercdrive.fr/image.ashx?id=2607461&use=l&cat=p&typeid=i","cat":284427},{"id":8416,"n":"Parmentier poisson Côté Table 300g","p":2.35,"u":"7,83 €/KG","img":"https://fd13-photos.leclercdrive.fr/image.ashx?id=2970729&use=l&cat=p&typeid=i","cat":333665},{"id":8419,"n":"Biscuits Crackers Tokapi Emmental - 100g","p":0.68,"u":"6,80 €/KG","img":"https://fd13-photos.leclercdrive.fr/image.ashx?id=2351226&use=l&cat=p&typeid=i","cat":297000},{"id":8424,"n":"Biscottes Heudebert  Fibres plus - 280g","p":2.01,"u":"7,18 €/KG","img":"https://fd13-photos.leclercdrive.fr/image.ashx?id=2679503&use=l&cat=p&typeid=i","cat":284479},{"id":8428,"n":"Biscuits sablés Granola Chocolat au lait - 225g","p":1.61,"u":"7,16 €/KG","img":"https://fd13-photos.leclercdrive.fr/image.ashx?id=2346675&use=l&cat=p&typeid=i","cat":284488},{"id":8432,"n":"Biscuit Roudor St Michel 2x150g","p":2.59,"u":"8,63 €/KG","img":"https://fd13-photos.leclercdrive.fr/image.ashx?id=2935690&use=l&cat=p&typeid=i","cat":284487},{"id":8433,"n":"Pâtes Coquillettes Panzani Prêt en 3 min - 1kg","p":2.21,"u":"2,21 €/KG","img":"https://fd13-photos.leclercdrive.fr/image.ashx?id=2896093&use=l&cat=p&typeid=i","cat":284427},{"id":8447,"n":"Pommes Pink Lady Barquette x6","p":2.54,"u":"0,42 €/P","img":"https://fd13-photos.leclercdrive.fr/image.ashx?id=2121671&use=l&cat=p&typeid=i","cat":284356},{"id":8474,"n":"Terrines Tous Mes Amis Les délices de la mer - 3x400g","p":3.69,"u":"3,08 €/KG","img":"https://fd13-photos.leclercdrive.fr/image.ashx?id=1671547&use=l&cat=p&typeid=i","cat":285601},{"id":8475,"n":"Serviette hygiénique Doulys Maxi confort - Normal - x18","p":0.99,"u":"0,06 €/P","img":"https://fd13-photos.leclercdrive.fr/image.ashx?id=2637841&use=l&cat=p&typeid=i","cat":284624},{"id":8494,"n":"Biscuits déli matin P'tit Déli Chocolat/pépites - 600g","p":3.18,"u":"5,30 €/KG","img":"https://fd13-photos.leclercdrive.fr/image.ashx?id=2999496&use=l&cat=p&typeid=i","cat":284491},{"id":8504,"n":"Biscottes bio Bio Village Complètes x36 - 300g","p":2.2,"u":"7,33 €/KG","img":"https://fd13-photos.leclercdrive.fr/image.ashx?id=1897411&use=l&cat=p&typeid=i","cat":284479},{"id":8515,"n":"Bâtonnets Dentastix Pedigree Moyen chien x28 - 720g","p":7.07,"u":"9,82 €/KG","img":"https://fd13-photos.leclercdrive.fr/image.ashx?id=2980094&use=l&cat=p&typeid=i","cat":294527},{"id":8528,"n":"Sel fin La Baleine Iodé et fluoré - 750g","p":0.68,"u":"0,91 €/KG","img":"https://fd13-photos.leclercdrive.fr/image.ashx?id=2790612&use=l&cat=p&typeid=i","cat":284457},{"id":8533,"n":"Flageolets verts Notre Jardin Extra Fins - 420g","p":1.72,"u":"4,10 €/KG","img":"https://fd13-photos.leclercdrive.fr/image.ashx?id=2371536&use=l&cat=p&typeid=i","cat":312606},{"id":8535,"n":"Olives noires Rustica Entières - 225g","p":0.99,"u":"4,40 €/KG","img":"https://fd13-photos.leclercdrive.fr/image.ashx?id=2499076&use=l&cat=p&typeid=i","cat":284458},{"id":8538,"n":"100% Pur jus d'orange Jafaden  Avec pulpe - 1L","p":1.99,"u":"1,99 €/L","img":"https://fd13-photos.leclercdrive.fr/image.ashx?id=2520017&use=l&cat=p&typeid=i","cat":284521},{"id":8539,"n":"Nectar Jafaden Pêche - 1L","p":1.99,"u":"1,99 €/L","img":"https://fd13-photos.leclercdrive.fr/image.ashx?id=2919607&use=l&cat=p&typeid=i","cat":284915},{"id":8541,"n":"Nectar Jafaden Mangue - 1L","p":2.15,"u":"2,15 €/L","img":"https://fd13-photos.leclercdrive.fr/image.ashx?id=2955710&use=l&cat=p&typeid=i","cat":284916},{"id":8544,"n":"Spray Cheveux L'Oréal Paris Fixation Ultra Forte - 300ml","p":4.0,"u":"13,33 €/L","img":"https://fd13-photos.leclercdrive.fr/image.ashx?id=2445331&use=l&cat=p&typeid=i","cat":284609},{"id":8553,"n":"Sauce Barbecue AMORA 490g","p":1.92,"u":"3,92 €/KG","img":"https://fd13-photos.leclercdrive.fr/image.ashx?id=2877298&use=l&cat=p&typeid=i","cat":318431},{"id":8559,"n":"Biscuits Bjorg Fourrés Chocolat noir bio 225g","p":2.91,"u":"12,93 €/KG","img":"https://fd13-photos.leclercdrive.fr/image.ashx?id=2970912&use=l&cat=p&typeid=i","cat":284488},{"id":8564,"n":"Pâtes Barilla  Linguine - 500g","p":1.06,"u":"2,12 €/KG","img":"https://fd13-photos.leclercdrive.fr/image.ashx?id=3004444&use=l&cat=p&typeid=i","cat":284427},{"id":8566,"n":"Chocolat noir Bio Village Bio -Dégustation 74% cacao 100g","p":1.59,"u":"15,90 €/KG","img":"https://fd13-photos.leclercdrive.fr/image.ashx?id=2045623&use=l&cat=p&typeid=i","cat":284956},{"id":8572,"n":"Tablette chocolat Côte d'Or Chocolat au lait - 200g","p":2.69,"u":"13,45 €/KG","img":"https://fd13-photos.leclercdrive.fr/image.ashx?id=2944362&use=l&cat=p&typeid=i","cat":284497},{"id":8576,"n":"Pâtes Barilla Torsades - 500g","p":0.94,"u":"1,88 €/KG","img":"https://fd13-photos.leclercdrive.fr/image.ashx?id=2392224&use=l&cat=p&typeid=i","cat":284427},{"id":8603,"n":"Cocktail Punch Old Nick Planteur 16%vol - 70cl","p":5.7,"u":"8,14 €/L","img":"https://fd13-photos.leclercdrive.fr/image.ashx?id=2999207&use=l&cat=p&typeid=i","cat":284551},{"id":8634,"n":"Cognac Courcel 40%vol - 20cl","p":6.4,"u":"32,00 €/L","img":"https://fd13-photos.leclercdrive.fr/image.ashx?id=2484035&use=l&cat=p&typeid=i","cat":286032},{"id":8642,"n":"Dentifrice Dentamyl Anti-tartre 75ml","p":0.74,"u":"9,87 €/L","img":"https://fd13-photos.leclercdrive.fr/image.ashx?id=2489098&use=l&cat=p&typeid=i","cat":284612},{"id":8643,"n":"Amandes en poudre Tablier Blanc 125g","p":1.6,"u":"12,80 €/KG","img":"https://fd13-photos.leclercdrive.fr/image.ashx?id=2460577&use=l&cat=p&typeid=i","cat":284504},{"id":8645,"n":"Pepites de chocolat Tablier Blanc - 100g","p":1.43,"u":"14,30 €/KG","img":"https://fd13-photos.leclercdrive.fr/image.ashx?id=2723138&use=l&cat=p&typeid=i","cat":284504},{"id":8646,"n":"Noix de Coco Râpée  Tablier Blanc - 125g","p":1.41,"u":"11,28 €/KG","img":"https://fd13-photos.leclercdrive.fr/image.ashx?id=2460583&use=l&cat=p&typeid=i","cat":284504},{"id":8647,"n":"Gélatine alimentaire Tablier 9 feuilles - 17g","p":1.07,"u":"62,94 €/KG","img":"https://fd13-photos.leclercdrive.fr/image.ashx?id=2487446&use=l&cat=p&typeid=i","cat":284504},{"id":8648,"n":"Amandes effilées Tablier Blanc 125g","p":1.9,"u":"15,20 €/KG","img":"https://fd13-photos.leclercdrive.fr/image.ashx?id=2460586&use=l&cat=p&typeid=i","cat":284504},{"id":8649,"n":"Raisins Secs Tablier Blanc 250g","p":1.98,"u":"7,92 €/KG","img":"https://fd13-photos.leclercdrive.fr/image.ashx?id=2460589&use=l&cat=p&typeid=i","cat":284504},{"id":8650,"n":"Arôme fleur d'Oranger Tablier Blanc - 200ml","p":1.24,"u":"6,20 €/L","img":"https://fd13-photos.leclercdrive.fr/image.ashx?id=2487449&use=l&cat=p&typeid=i","cat":284504},{"id":8651,"n":"Arôme naturel de vanille Tablier Blanc 20ml","p":1.15,"u":"57,50 €/L","img":"https://fd13-photos.leclercdrive.fr/image.ashx?id=2487452&use=l&cat=p&typeid=i","cat":284504},{"id":8672,"n":"Nappage Tablier Blanc Caramel - 210g","p":1.25,"u":"5,95 €/KG","img":"https://fd13-photos.leclercdrive.fr/image.ashx?id=2487455&use=l&cat=p&typeid=i","cat":284504},{"id":8675,"n":"Sucre Tablier Blanc 100 dosettes - 500g","p":2.31,"u":"4,62 €/KG","img":"https://fd13-photos.leclercdrive.fr/image.ashx?id=2115869&use=l&cat=p&typeid=i","cat":284502},{"id":8678,"n":"Muscat NRT Baume De Venise-15,5%vol - 75cl","p":9.99,"u":"13,32 €/L","img":"https://fd13-photos.leclercdrive.fr/image.ashx?id=1291518&use=l&cat=p&typeid=i","cat":284913},{"id":8679,"n":"Truite fumée d'Aquitaine NRT x4 - 120g","p":5.26,"u":"43,83 €/KG","img":"https://fd13-photos.leclercdrive.fr/image.ashx?id=2663836&use=l&cat=p&typeid=i","cat":285188},{"id":8682,"n":"Quenelles nature NRT - 4x80g","p":3.0,"u":"9,38 €/KG","img":"https://fd13-photos.leclercdrive.fr/image.ashx?id=2657283&use=l&cat=p&typeid=i","cat":333682},{"id":8683,"n":"Saucisson sec d'Ardèche IGP NRT - 280g","p":5.0,"u":"17,86 €/KG","img":"https://fd13-photos.leclercdrive.fr/image.ashx?id=2753502&use=l&cat=p&typeid=i","cat":316006},{"id":8684,"n":"Saucisse sèche d'Ardèche IGP Nos Régions ont du Talent 250g","p":5.19,"u":"20,76 €/KG","img":"https://fd13-photos.leclercdrive.fr/image.ashx?id=2753505&use=l&cat=p&typeid=i","cat":316006},{"id":8698,"n":"Assiette soir bébé bio Babybio Légumes riz - 12 mois - 230g","p":2.21,"u":"9,61 €/KG","img":"https://fd13-photos.leclercdrive.fr/image.ashx?id=2859356&use=l&cat=p&typeid=i","cat":312239},{"id":8749,"n":"Flask Whisky Label 5 40%vol - 20cl","p":4.28,"u":"21,40 €/L","img":"https://fd13-photos.leclercdrive.fr/image.ashx?id=2519720&use=l&cat=p&typeid=i","cat":284547},{"id":8754,"n":"Sacs congélation Elembal Moyen Zip 20 Sacs","p":1.49,"u":"0,07 €/P","img":"https://fd13-photos.leclercdrive.fr/image.ashx?id=2125434&use=l&cat=p&typeid=i","cat":334134},{"id":8784,"n":"Plat bébé Blédina 8 mois  Riz carotte jambon - 2x200g","p":2.56,"u":"6,40 €/KG","img":"https://fd13-photos.leclercdrive.fr/image.ashx?id=2975065&use=l&cat=p&typeid=i","cat":312236},{"id":8796,"n":"Saucisse fine de Lyon NRT 120g","p":1.85,"u":"15,42 €/KG","img":"https://fd13-photos.leclercdrive.fr/image.ashx?id=2340042&use=l&cat=p&typeid=i","cat":316012},{"id":8798,"n":"Fromage St Félicien NRT 180g","p":4.07,"u":"22,61 €/KG","img":"https://fd13-photos.leclercdrive.fr/image.ashx?id=1907399&use=l&cat=p&typeid=i","cat":329558},{"id":8804,"n":"Brownie P'tit Déli Chocolat pépites 285g","p":1.85,"u":"6,49 €/KG","img":"https://fd13-photos.leclercdrive.fr/image.ashx?id=2613702&use=l&cat=p&typeid=i","cat":294776},{"id":8825,"n":"Barres de céréales Coco Pops Kellogg's - 6x20g","p":1.89,"u":"15,75 €/KG","img":"https://fd13-photos.leclercdrive.fr/image.ashx?id=2677291&use=l&cat=p&typeid=i","cat":285869},{"id":8832,"n":"Pâtes Lustucru collerettes 250g","p":0.91,"u":"3,64 €/KG","img":"https://fd13-photos.leclercdrive.fr/image.ashx?id=1943562&use=l&cat=p&typeid=i","cat":284427},{"id":8842,"n":"Couscous poulet bœuf Garbit - 980g","p":4.48,"u":"4,57 €/KG","img":"https://fd13-photos.leclercdrive.fr/image.ashx?id=2677930&use=l&cat=p&typeid=i","cat":325094},{"id":8854,"n":"Café soluble Plantation  Qualité décaféiné - 200g","p":6.55,"u":"32,75 €/KG","img":"https://fd13-photos.leclercdrive.fr/image.ashx?id=2834275&use=l&cat=p&typeid=i","cat":284843},{"id":8857,"n":"Café soluble Plantation Qualité filtre - x25 - 50g","p":2.09,"u":"41,80 €/KG","img":"https://fd13-photos.leclercdrive.fr/image.ashx?id=2834278&use=l&cat=p&typeid=i","cat":284843},{"id":8858,"n":"Café Soluble Plantation Décaféiné - x25 - 50g","p":2.28,"u":"45,60 €/KG","img":"https://fd13-photos.leclercdrive.fr/image.ashx?id=2834281&use=l&cat=p&typeid=i","cat":284843},{"id":8865,"n":"Toasts Brioches Epi D'Or x13 - 125g","p":0.94,"u":"7,52 €/KG","img":"https://fd13-photos.leclercdrive.fr/image.ashx?id=584946&use=l&cat=p&typeid=i","cat":284479},{"id":8869,"n":"Riz complet Comptoir du Grain 10min - 500g","p":1.49,"u":"2,98 €/KG","img":"https://fd13-photos.leclercdrive.fr/image.ashx?id=2211296&use=l&cat=p&typeid=i","cat":284428},{"id":8870,"n":"Dés fromage Herbes de Provence Poivrons Les Croisés - 300g","p":2.11,"u":"7,03 €/KG","img":"https://fd13-photos.leclercdrive.fr/image.ashx?id=776166&use=l&cat=p&typeid=i","cat":314027},{"id":8879,"n":"Coq au Vin de Bergerac NRT 750g","p":4.99,"u":"6,65 €/KG","img":"https://fd13-photos.leclercdrive.fr/image.ashx?id=1888941&use=l&cat=p&typeid=i","cat":284441},{"id":8908,"n":"Crépes Fourrées P'tit Déli Céréales et chocolat x8 - 256g","p":1.81,"u":"7,07 €/KG","img":"https://fd13-photos.leclercdrive.fr/image.ashx?id=2656338&use=l&cat=p&typeid=i","cat":284494},{"id":8912,"n":"Préparation fraises NRT Sud-Ouest - 315g","p":2.64,"u":"8,38 €/KG","img":"https://fd13-photos.leclercdrive.fr/image.ashx?id=2590472&use=l&cat=p&typeid=i","cat":284480},{"id":8932,"n":"Gin Gibson's 37.5%vol - 1L","p":16.7,"u":"16,70 €/L","img":"https://fd13-photos.leclercdrive.fr/image.ashx?id=2766244&use=l&cat=p&typeid=i","cat":284550},{"id":8963,"n":"Fromage à tartiner Madame Loïk Fouetté Ech. Ciboulette - 150g","p":1.74,"u":"11,60 €/KG","img":"https://fd13-photos.leclercdrive.fr/image.ashx?id=2986356&use=l&cat=p&typeid=i","cat":314029},{"id":8966,"n":"Biscuits chien Pedigree Biscrok - 500g","p":1.59,"u":"3,18 €/KG","img":"https://fd13-photos.leclercdrive.fr/image.ashx?id=2983456&use=l&cat=p&typeid=i","cat":294527},{"id":8968,"n":"Chocolat poudre Banania 400g","p":2.71,"u":"6,78 €/KG","img":"https://fd13-photos.leclercdrive.fr/image.ashx?id=2225276&use=l&cat=p&typeid=i","cat":293235},{"id":8970,"n":"Riz long blanc de Camargue NRT 500g","p":1.59,"u":"3,18 €/KG","img":"https://fd13-photos.leclercdrive.fr/image.ashx?id=2663803&use=l&cat=p&typeid=i","cat":284428},{"id":8977,"n":"Cacahuètes  Benenuts Grillées à sec - 200g","p":1.57,"u":"7,85 €/KG","img":"https://fd13-photos.leclercdrive.fr/image.ashx?id=2389616&use=l&cat=p&typeid=i","cat":284448},{"id":8987,"n":"Pâté Hénaff 156g","p":2.22,"u":"14,23 €/KG","img":"https://fd13-photos.leclercdrive.fr/image.ashx?id=2298361&use=l&cat=p&typeid=i","cat":305149},{"id":9009,"n":"Pain aux noix 300g","p":1.6,"u":"5,33 €/KG","img":"https://fd13-photos.leclercdrive.fr/image.ashx?id=2062444&use=l&cat=p&typeid=i","cat":284359},{"id":9010,"n":"Pain de Seigle 300g","p":1.7,"u":"5,67 €/KG","img":"https://fd13-photos.leclercdrive.fr/image.ashx?id=2062447&use=l&cat=p&typeid=i","cat":284359},{"id":9035,"n":"Scotch Whisky Label 5 40%vol - 1L","p":17.93,"u":"17,93 €/L","img":"https://fd13-photos.leclercdrive.fr/image.ashx?id=2519714&use=l&cat=p&typeid=i","cat":284547},{"id":9065,"n":"Fromage tartiflette Ermitage 27%mg - 500g","p":6.09,"u":"12,18 €/KG","img":"https://fd13-photos.leclercdrive.fr/image.ashx?id=2966011&use=l&cat=p&typeid=i","cat":314037},{"id":9080,"n":"Fromage à Tartiner St Môret  Nature 9 Portions - 180g","p":2.0,"u":"11,11 €/KG","img":"https://fd13-photos.leclercdrive.fr/image.ashx?id=2763319&use=l&cat=p&typeid=i","cat":314029},{"id":9105,"n":"Pate Brisée Eco+ A dérouler - 230g","p":0.53,"u":"2,30 €/KG","img":"https://fd13-photos.leclercdrive.fr/image.ashx?id=2249411&use=l&cat=p&typeid=i","cat":333681},{"id":9110,"n":"Bûche de chèvre allégée Soignon Lait pasteurisé 29%mg - 180g","p":2.26,"u":"12,56 €/KG","img":"https://fd13-photos.leclercdrive.fr/image.ashx?id=2886987&use=l&cat=p&typeid=i","cat":314031},{"id":9130,"n":"Mouchoirs blancs 2 plis Caresse Boîte mouchoirs en papier -x110","p":1.33,"u":"0,01 €/P","img":"https://fd13-photos.leclercdrive.fr/image.ashx?id=2390416&use=l&cat=p&typeid=i","cat":284638},{"id":9161,"n":"Tarte aux poireaux Côté Table 2x130g","p":2.54,"u":"9,77 €/KG","img":"https://fd13-photos.leclercdrive.fr/image.ashx?id=2354707&use=l&cat=p&typeid=i","cat":333680},{"id":9164,"n":"Crevettes natures Pêche Océan 125g","p":3.99,"u":"31,92 €/KG","img":"https://fd13-photos.leclercdrive.fr/image.ashx?id=3015242&use=l&cat=p&typeid=i","cat":284343},{"id":9167,"n":"Fromage Edam Mimolette Les Croisés dés 150g","p":1.85,"u":"12,33 €/KG","img":"https://fd13-photos.leclercdrive.fr/image.ashx?id=2365472&use=l&cat=p&typeid=i","cat":314027},{"id":9170,"n":"Spaetzles d'Alsace NRT 250g","p":1.39,"u":"5,56 €/KG","img":"https://fd13-photos.leclercdrive.fr/image.ashx?id=2839962&use=l&cat=p&typeid=i","cat":284427},{"id":9171,"n":"Sablés aux Pommes NRT - 150g","p":1.99,"u":"13,27 €/KG","img":"https://fd13-photos.leclercdrive.fr/image.ashx?id=2856615&use=l&cat=p&typeid=i","cat":284487},{"id":9173,"n":"Ravioles Label Rouge NRT Dauphiné - 240g","p":2.99,"u":"12,46 €/KG","img":"https://fd13-photos.leclercdrive.fr/image.ashx?id=2699504&use=l&cat=p&typeid=i","cat":333682},{"id":9181,"n":"Chinois La Fournée Dorée Crème pâtissière - 600g","p":2.85,"u":"4,75 €/KG","img":"https://fd13-photos.leclercdrive.fr/image.ashx?id=2342090&use=l&cat=p&typeid=i","cat":293600},{"id":9183,"n":"Boules soufflées Tokapi Tomate - 42g","p":0.57,"u":"13,57 €/KG","img":"https://fd13-photos.leclercdrive.fr/image.ashx?id=2898832&use=l&cat=p&typeid=i","cat":284449},{"id":9262,"n":"Matière grasse Rustica Tournesol -60%MG -Doux -500G","p":1.53,"u":"3,06 €/KG","img":"https://fd13-photos.leclercdrive.fr/image.ashx?id=1071108&use=l&cat=p&typeid=i","cat":315229},{"id":9265,"n":"Pêche poire ananas  Douceur du verger - 4x70g","p":2.59,"u":"9,25 €/KG","img":"https://fd13-photos.leclercdrive.fr/image.ashx?id=2349100&use=l&cat=p&typeid=i","cat":284507},{"id":9266,"n":"Ananas papaye mangue DDV Sirop léger - 4x70g","p":2.75,"u":"9,82 €/KG","img":"https://fd13-photos.leclercdrive.fr/image.ashx?id=2100775&use=l&cat=p&typeid=i","cat":284507},{"id":9276,"n":"Biscuits Sprits P'tit Déli Chocolat au lait - 150g","p":1.09,"u":"7,27 €/KG","img":"https://fd13-photos.leclercdrive.fr/image.ashx?id=1073695&use=l&cat=p&typeid=i","cat":284488},{"id":9322,"n":"Tartelette Choco Caramel St Michel Bonne Maman 135g","p":1.39,"u":"10,30 €/KG","img":"https://fd13-photos.leclercdrive.fr/image.ashx?id=2949931&use=l&cat=p&typeid=i","cat":284488},{"id":9413,"n":"Effaceur Magic+ Reynolds Pointe fine x8 + 2 offerts","p":5.7,"img":"https://fd13-photos.leclercdrive.fr/image.ashx?id=2132304&use=l&cat=p&typeid=i","cat":334133},{"id":9475,"n":"Feuilles simples Force 8 perf. 21x29.7cm grands carreaux- x200","p":2.87,"img":"https://fd13-photos.leclercdrive.fr/image.ashx?id=2794265&use=l&cat=p&typeid=i","cat":284697},{"id":9484,"n":"Cahier piqûre Force 8 17x22 Violet - 96 p petits carreaux","p":1.06,"img":"https://fd13-photos.leclercdrive.fr/image.ashx?id=2132340&use=l&cat=p&typeid=i","cat":284697},{"id":9499,"n":"Cahier piqûre Force 8 24x32 96 pages grands carreaux","p":2.25,"img":"https://fd13-photos.leclercdrive.fr/image.ashx?id=2793524&use=l&cat=p&typeid=i","cat":284697},{"id":9507,"n":"Cahier Clairefontaine Grands carreaux 96p - 24x32cm","p":3.19,"img":"https://fd13-photos.leclercdrive.fr/image.ashx?id=2726971&use=l&cat=p&typeid=i","cat":284697},{"id":9522,"n":"Crayons de couleur Bic Kids x12","p":2.72,"u":"0,23 €/P","img":"https://fd13-photos.leclercdrive.fr/image.ashx?id=1857799&use=l&cat=p&typeid=i","cat":284696},{"id":9540,"n":"Papier grain Canson 24x32 180g/m2 - 24 feuilles","p":3.1,"img":"https://fd13-photos.leclercdrive.fr/image.ashx?id=2797458&use=l&cat=p&typeid=i","cat":284697},{"id":9555,"n":"Crayons de couleur Bic Kids Aquacouleur x12","p":2.95,"img":"https://fd13-photos.leclercdrive.fr/image.ashx?id=2342857&use=l&cat=p&typeid=i","cat":284696},{"id":9566,"n":"Crayons de couleur Bic Kids Tropicolors 17.5cm - x18","p":2.05,"u":"0,11 €/P","img":"https://fd13-photos.leclercdrive.fr/image.ashx?id=1867348&use=l&cat=p&typeid=i","cat":284696},{"id":9574,"n":"Feutres de coloriage Bic Kids x24","p":4.1,"img":"https://fd13-photos.leclercdrive.fr/image.ashx?id=2623196&use=l&cat=p&typeid=i","cat":284696},{"id":9588,"n":"Pinceaux Esquisse x3 taille 4-10 et 16","p":0.99,"img":"https://fd13-photos.leclercdrive.fr/image.ashx?id=1928713&use=l&cat=p&typeid=i","cat":334133},{"id":9589,"n":"Pinceaux Esquisse Taille 6-10 et 14 - x3","p":0.99,"u":"0,33 €/P","img":"https://fd13-photos.leclercdrive.fr/image.ashx?id=1928716&use=l&cat=p&typeid=i","cat":334133},{"id":9591,"n":"Protège-document Esquisse A4 - 120 vues - Multicoloris","p":3.49,"img":"https://fd13-photos.leclercdrive.fr/image.ashx?id=2943148&use=l&cat=p&typeid=i","cat":334133},{"id":9593,"n":"AOP Côtes du Rhône vin rouge Combes Saint Sauveur 75cl","p":4.17,"u":"5,56 €/L","img":"https://fd13-photos.leclercdrive.fr/image.ashx?id=2755414&use=l&cat=p&typeid=i","cat":289556},{"id":9597,"n":"AOP Côtes de Provence rosé Jean Valestrel - 75cl","p":6.82,"u":"9,09 €/L","img":"https://fd13-photos.leclercdrive.fr/image.ashx?id=2236698&use=l&cat=p&typeid=i","cat":289558},{"id":9602,"n":"Copies doubles Esquisse - x300 21x29.7cm","p":2.49,"img":"https://fd13-photos.leclercdrive.fr/image.ashx?id=1698667&use=l&cat=p&typeid=i","cat":284697},{"id":9603,"n":"Feuilles simples Esquisse Petits carreaux 21x29.7 200+100","p":2.49,"img":"https://fd13-photos.leclercdrive.fr/image.ashx?id=2131209&use=l&cat=p&typeid=i","cat":284697},{"id":9609,"n":"Calculatrice poche Esquisse Multicoloris","p":2.99,"u":"Dont 0,13 € d'éco-part.","img":"https://fd13-photos.leclercdrive.fr/image.ashx?id=2943226&use=l&cat=p&typeid=i","cat":334133},{"id":9632,"n":"IGP Pays d'Oc rouge Les Ormes De Cambras 12.5% vol - 75cl","p":2.82,"u":"3,76 €/L","img":"https://fd13-photos.leclercdrive.fr/image.ashx?id=2445121&use=l&cat=p&typeid=i","cat":289556},{"id":9634,"n":"Scotch Whisky Baird's 40%vol - 1L","p":15.49,"u":"15,49 €/L","img":"https://fd13-photos.leclercdrive.fr/image.ashx?id=2907168&use=l&cat=p&typeid=i","cat":284547},{"id":9635,"n":"Rhum blanc Charrette 49%vol - 1L","p":16.29,"u":"16,29 €/L","img":"https://fd13-photos.leclercdrive.fr/image.ashx?id=1946417&use=l&cat=p&typeid=i","cat":284550},{"id":9638,"n":"AOC Rhum agricole blanc Dillon Martinique 55%vol - 1L","p":19.36,"u":"19,36 €/L","img":"https://fd13-photos.leclercdrive.fr/image.ashx?id=2650946&use=l&cat=p&typeid=i","cat":284550},{"id":9641,"n":"Whisky Ballantine's Finest Blended Scotch 40% vol - 1L","p":20.95,"pp":19.45,"u":"19,45 €/L","img":"https://fd13-photos.leclercdrive.fr/image.ashx?id=2816964&use=l&cat=p&typeid=i","cat":284547},{"id":9689,"n":"Muffin complet Epi d'Or x4 - 250g","p":1.7,"u":"6,80 €/KG","img":"https://fd13-photos.leclercdrive.fr/image.ashx?id=1764027&use=l&cat=p&typeid=i","cat":284985},{"id":9692,"n":"Chocolat au lait Equador Coeur Praliné - 150g","p":2.09,"u":"13,93 €/KG","img":"https://fd13-photos.leclercdrive.fr/image.ashx?id=2834293&use=l&cat=p&typeid=i","cat":284497},{"id":9700,"n":"Serviette incontinence Chorys Extra plus - x16","p":4.99,"u":"0,31 €/P","img":"https://fd13-photos.leclercdrive.fr/image.ashx?id=2691171&use=l&cat=p&typeid=i","cat":284628},{"id":9708,"n":"Crème aux oeufs Délisse Vanille - 4x100g","p":1.49,"u":"3,73 €/KG","img":"https://fd13-photos.leclercdrive.fr/image.ashx?id=1956631&use=l&cat=p&typeid=i","cat":284419},{"id":9709,"n":"Mini brownies P'tit Déli Chocolat pépites x8 - 240g","p":1.49,"u":"6,21 €/KG","img":"https://fd13-photos.leclercdrive.fr/image.ashx?id=2297727&use=l&cat=p&typeid=i","cat":294776},{"id":9898,"n":"Culotte absorbante Chorys Taille L - x10","p":6.99,"u":"0,70 €/P","img":"https://fd13-photos.leclercdrive.fr/image.ashx?id=2158200&use=l&cat=p&typeid=i","cat":284628},{"id":9899,"n":"Culotte absorbante Chorys Taille M - Plus - x12","p":7.99,"u":"0,67 €/P","img":"https://fd13-photos.leclercdrive.fr/image.ashx?id=2623001&use=l&cat=p&typeid=i","cat":284628},{"id":9916,"n":"Epinards Notre Jardin Feuilles à cuire - 600g","p":1.35,"u":"2,25 €/KG","img":"https://fd13-photos.leclercdrive.fr/image.ashx?id=2916677&use=l&cat=p&typeid=i","cat":319805},{"id":9917,"n":"Whisky J&B Rare 40%vol - 1L","p":21.81,"u":"21,81 €/L","img":"https://fd13-photos.leclercdrive.fr/image.ashx?id=2497638&use=l&cat=p&typeid=i","cat":284547},{"id":9933,"n":"Mouchoirs blancs 4 plis Caresse Mouchoirs papier - 24 étuis","p":2.51,"u":"0,10 €/P","img":"https://fd13-photos.leclercdrive.fr/image.ashx?id=2870017&use=l&cat=p&typeid=i","cat":284638},{"id":9942,"n":"Chemises élastiques  3 rabats 21x29.7cm- x8+2offerts","p":5.9,"u":"0,59 €/P","img":"https://fd13-photos.leclercdrive.fr/image.ashx?id=1874249&use=l&cat=p&typeid=i","cat":284745},{"id":10063,"n":"Whisky Bourbon Four Roses 40%vol - 1L","p":28.93,"u":"28,93 €/L","img":"https://fd13-photos.leclercdrive.fr/image.ashx?id=2929476&use=l&cat=p&typeid=i","cat":284547},{"id":10069,"n":"Gâteaux moelleux Pépito  Pépites de chocolat - 150g","p":1.19,"u":"7,93 €/KG","img":"https://fd13-photos.leclercdrive.fr/image.ashx?id=2374396&use=l&cat=p&typeid=i","cat":284495},{"id":10072,"n":"Navettes NRT Fleur d'oranger - 400g","p":2.89,"u":"7,23 €/KG","img":"https://fd13-photos.leclercdrive.fr/image.ashx?id=2679792&use=l&cat=p&typeid=i","cat":284487},{"id":10073,"n":"Tablette chocolat Bio Village Bio Chocolat au lait - 100g","p":1.89,"u":"18,90 €/KG","img":"https://fd13-photos.leclercdrive.fr/image.ashx?id=1957003&use=l&cat=p&typeid=i","cat":284497},{"id":10074,"n":"Tablette de chocolat Equador Noir et menthe 100g","p":1.19,"u":"11,90 €/KG","img":"https://fd13-photos.leclercdrive.fr/image.ashx?id=2834296&use=l&cat=p&typeid=i","cat":284956},{"id":10076,"n":"Tablette chocolat Equador Noir framboise 100g","p":1.82,"u":"18,20 €/KG","img":"https://fd13-photos.leclercdrive.fr/image.ashx?id=2834290&use=l&cat=p&typeid=i","cat":284956},{"id":10086,"n":"Fondants Autour du Dessert Chocolat x2 - 180g","p":1.99,"u":"11,06 €/KG","img":"https://fd13-photos.leclercdrive.fr/image.ashx?id=2886540&use=l&cat=p&typeid=i","cat":284267},{"id":10091,"n":"Filets maquereaux Pêche Océan Tomate basilic - 169g","p":1.46,"u":"8,64 €/KG","img":"https://fd13-photos.leclercdrive.fr/image.ashx?id=2394657&use=l&cat=p&typeid=i","cat":303868},{"id":10092,"n":"Palets de légumes Notre Jardin Courgettes Carottes - x8 300g","p":1.74,"u":"5,80 €/KG","img":"https://fd13-photos.leclercdrive.fr/image.ashx?id=2878711&use=l&cat=p&typeid=i","cat":319802},{"id":10093,"n":"Palets légumes Notre Jardin Poireaux Carottes - x8 300g","p":1.99,"u":"6,63 €/KG","img":"https://fd13-photos.leclercdrive.fr/image.ashx?id=2878708&use=l&cat=p&typeid=i","cat":319802},{"id":10108,"n":"Croquants aux amandes NRT 300g","p":2.74,"u":"9,13 €/KG","img":"https://fd13-photos.leclercdrive.fr/image.ashx?id=2679795&use=l&cat=p&typeid=i","cat":284487},{"id":10122,"n":"Mini gratins Côté Table Aux 3 légumes - x4 480g","p":3.12,"u":"6,50 €/KG","img":"https://fd13-photos.leclercdrive.fr/image.ashx?id=2074419&use=l&cat=p&typeid=i","cat":319802},{"id":10124,"n":"Bâtonnets poulet Pic'Express x18 400g","p":5.13,"u":"12,83 €/KG","img":"https://fd13-photos.leclercdrive.fr/image.ashx?id=778413&use=l&cat=p&typeid=i","cat":319780},{"id":10125,"n":"Rösti Pom'Lisse 600g","p":1.39,"u":"2,32 €/KG","img":"https://fd13-photos.leclercdrive.fr/image.ashx?id=2704648&use=l&cat=p&typeid=i","cat":319792},{"id":10126,"n":"Pomme de terre Patato Rigolo Pom'Lisse 750g","p":1.94,"u":"2,59 €/KG","img":"https://fd13-photos.leclercdrive.fr/image.ashx?id=2699672&use=l&cat=p&typeid=i","cat":319792},{"id":10163,"n":"Palets légumes Notre Jardin Choux-fleurs Brocolis - x8 300g","p":2.2,"u":"7,33 €/KG","img":"https://fd13-photos.leclercdrive.fr/image.ashx?id=2878714&use=l&cat=p&typeid=i","cat":319802},{"id":10192,"n":"Olives Vertes Tramier  Dénoyautées 160g","p":1.92,"u":"12,00 €/KG","img":"https://fd13-photos.leclercdrive.fr/image.ashx?id=2363829&use=l&cat=p&typeid=i","cat":284458},{"id":10215,"n":"Sauce Basquaise Rustica Aux 2 poivrons - 400g","p":1.29,"u":"3,23 €/KG","img":"https://fd13-photos.leclercdrive.fr/image.ashx?id=2887398&use=l&cat=p&typeid=i","cat":287599},{"id":10217,"n":"Sauce Curry Rustica Légumes et lait de coco - 400g","p":1.31,"u":"3,28 €/KG","img":"https://fd13-photos.leclercdrive.fr/image.ashx?id=2887404&use=l&cat=p&typeid=i","cat":287599},{"id":10220,"n":"Tampons Doulys Compact Normal - x20","p":2.24,"u":"0,11 €/P","img":"https://fd13-photos.leclercdrive.fr/image.ashx?id=2965464&use=l&cat=p&typeid=i","cat":284626},{"id":10223,"n":"Framboises entières  Douceur du Verger 1kg","p":9.61,"u":"9,61 €/KG","img":"https://fd13-photos.leclercdrive.fr/image.ashx?id=2620881&use=l&cat=p&typeid=i","cat":284268},{"id":10227,"n":"Mini gratins Côté Table Dauphinois - x4 480g","p":2.99,"u":"6,23 €/KG","img":"https://fd13-photos.leclercdrive.fr/image.ashx?id=2627640&use=l&cat=p&typeid=i","cat":319802},{"id":10231,"n":"Confiture Douceur du verger Framboises - Allégée - 340g","p":1.24,"u":"3,65 €/KG","img":"https://fd13-photos.leclercdrive.fr/image.ashx?id=2266480&use=l&cat=p&typeid=i","cat":284480},{"id":10232,"n":"Confiture Douceur du Verger Allégée Pêche 340g","p":1.32,"u":"3,88 €/KG","img":"https://fd13-photos.leclercdrive.fr/image.ashx?id=2266483&use=l&cat=p&typeid=i","cat":284480},{"id":10244,"n":"Thon entier Pêche Océan Naturel - 280g","p":3.72,"u":"13,29 €/KG","img":"https://fd13-photos.leclercdrive.fr/image.ashx?id=2941414&use=l&cat=p&typeid=i","cat":303867},{"id":10285,"n":"Bières de Bretagne Britt Assortiment - 6x33cl","p":8.5,"u":"4,29 €/L","img":"https://fd13-photos.leclercdrive.fr/image.ashx?id=2678047&use=l&cat=p&typeid=i","cat":334872},{"id":10344,"n":"Petit Beurre Pocket P'ti Déli 3x12 sachets 300g","p":1.68,"u":"5,60 €/KG","img":"https://fd13-photos.leclercdrive.fr/image.ashx?id=1965518&use=l&cat=p&typeid=i","cat":284487},{"id":10346,"n":"Vinaigrette allégée Rustica Balsamique huile d'olive - 50cl","p":2.49,"u":"4,98 €/L","img":"https://fd13-photos.leclercdrive.fr/image.ashx?id=1972913&use=l&cat=p&typeid=i","cat":284456},{"id":10348,"n":"Huile de noix Rustica 50cl","p":4.68,"u":"9,36 €/L","img":"https://fd13-photos.leclercdrive.fr/image.ashx?id=2523703&use=l&cat=p&typeid=i","cat":284453},{"id":10351,"n":"Sacs à couche Mots d'Enfant Parfumés - x50","p":1.6,"u":"0,03 €/P","img":"https://fd13-photos.leclercdrive.fr/image.ashx?id=1886564&use=l&cat=p&typeid=i","cat":284737},{"id":10361,"n":"Feuilles simples Esquisse Seyes- 4 couleurs x100","p":3.89,"img":"https://fd13-photos.leclercdrive.fr/image.ashx?id=2131215&use=l&cat=p&typeid=i","cat":284697},{"id":10398,"n":"Biscuit apéritif ancel Bretzels Maxi - 200g","p":0.83,"u":"4,15 €/KG","img":"https://fd13-photos.leclercdrive.fr/image.ashx?id=2991813&use=l&cat=p&typeid=i","cat":297000},{"id":10417,"n":"AOP Fitou rouge Réserve Saint Esteve - 75cl","p":3.99,"pp":2.79,"u":"3,72 €/L","img":"https://fd13-photos.leclercdrive.fr/image.ashx?id=2407295&use=l&cat=p&typeid=i","cat":289556},{"id":10555,"n":"Bloc notes Esquisse Repositionnables 76x76mm - x500","p":2.5,"img":"https://fd13-photos.leclercdrive.fr/image.ashx?id=1698628&use=l&cat=p&typeid=i","cat":334133},{"id":10559,"n":"Peinture gouache Esquisse Pastilles x12   1 pinceau","p":2.29,"img":"https://fd13-photos.leclercdrive.fr/image.ashx?id=1678667&use=l&cat=p&typeid=i","cat":334133},{"id":10591,"n":"Spray vitrocéramique Clair 500ml","p":3.42,"u":"6,84 €/L","img":"https://fd13-photos.leclercdrive.fr/image.ashx?id=2049052&use=l&cat=p&typeid=i","cat":325363},{"id":10637,"n":"Crème entière Délisse Fluide - 30% MG - 2x25cl","p":2.72,"u":"5,44 €/L","img":"https://fd13-photos.leclercdrive.fr/image.ashx?id=1734547&use=l&cat=p&typeid=i","cat":284381},{"id":10638,"n":"Crème légère fluide UHT Délisse 12%mg - 2x25cl","p":2.36,"u":"4,72 €/L","img":"https://fd13-photos.leclercdrive.fr/image.ashx?id=1732042&use=l&cat=p&typeid=i","cat":284381},{"id":10641,"n":"Yaourts lait entier nature Bio Bio village - 4x125g","p":0.95,"u":"1,90 €/KG","img":"https://fd13-photos.leclercdrive.fr/image.ashx?id=2077421&use=l&cat=p&typeid=i","cat":284409},{"id":10655,"n":"IGP Pays d'Oc rouge Cabernet Sauvignon 12.5% vol - 75cl","p":2.82,"u":"3,76 €/L","img":"https://fd13-photos.leclercdrive.fr/image.ashx?id=2189904&use=l&cat=p&typeid=i","cat":289556},{"id":10674,"n":"Soda Coca-Cola Bouteille - 6x50cl","p":6.37,"u":"2,12 €/L","img":"https://fd13-photos.leclercdrive.fr/image.ashx?id=2885414&use=l&cat=p&typeid=i","cat":284530},{"id":10712,"n":"Rillette de sardine à la tomate Les Mouettes d'Arvor - 125g","p":3.0,"u":"24,00 €/KG","img":"https://fd13-photos.leclercdrive.fr/image.ashx?id=1891144&use=l&cat=p&typeid=i","cat":305149},{"id":10713,"n":"Rillettes maquereaux moutarde Les Mouettes d'Arvor - 125g","p":2.97,"u":"23,76 €/KG","img":"https://fd13-photos.leclercdrive.fr/image.ashx?id=1891147&use=l&cat=p&typeid=i","cat":303868},{"id":10727,"n":"IGP Pays d'oc blanc Roche Mazet Sauvignon 12% vol - 75 cl","p":3.1,"u":"4,13 €/L","img":"https://fd13-photos.leclercdrive.fr/image.ashx?id=2342024&use=l&cat=p&typeid=i","cat":289557},{"id":10767,"n":"Riz cantonais Comptoir du Grain Express 2 min - 250g","p":1.19,"u":"4,76 €/KG","img":"https://fd13-photos.leclercdrive.fr/image.ashx?id=2441198&use=l&cat=p&typeid=i","cat":287600},{"id":10781,"n":"Chair de tomate Notre Jardin Nature - 400g","p":1.99,"u":"4,98 €/KG","img":"https://fd13-photos.leclercdrive.fr/image.ashx?id=2590436&use=l&cat=p&typeid=i","cat":312608},{"id":10787,"n":"Huile de colza Bio Village Bio - 75cl","p":3.79,"u":"5,05 €/L","img":"https://fd13-photos.leclercdrive.fr/image.ashx?id=1236382&use=l&cat=p&typeid=i","cat":284453},{"id":10788,"n":"Moutarde de Dijon Bio Village Bio - 200g","p":1.54,"u":"7,70 €/KG","img":"https://fd13-photos.leclercdrive.fr/image.ashx?id=2607954&use=l&cat=p&typeid=i","cat":288850},{"id":10795,"n":"Moutarde de Dijon NRT À l'ancienne - 200g","p":1.39,"u":"6,95 €/KG","img":"https://fd13-photos.leclercdrive.fr/image.ashx?id=2644921&use=l&cat=p&typeid=i","cat":288850},{"id":10927,"n":"Noix de cajou grilées Eco+ Salées - 125g","p":1.34,"u":"10,72 €/KG","img":"https://fd13-photos.leclercdrive.fr/image.ashx?id=2991112&use=l&cat=p&typeid=i","cat":284448},{"id":10928,"n":"Mélange Eco+ Graines et raisin - 200g","p":1.45,"u":"7,25 €/KG","img":"https://fd13-photos.leclercdrive.fr/image.ashx?id=2780713&use=l&cat=p&typeid=i","cat":284448},{"id":10929,"n":"Madeleines longues Eco+ 250g","p":0.89,"u":"3,56 €/KG","img":"https://fd13-photos.leclercdrive.fr/image.ashx?id=2289162&use=l&cat=p&typeid=i","cat":284492},{"id":10930,"n":"Chocolat pâtissier Eco+ Spécial dessert 200g","p":1.59,"u":"7,95 €/KG","img":"https://fd13-photos.leclercdrive.fr/image.ashx?id=2793140&use=l&cat=p&typeid=i","cat":285562},{"id":10932,"n":"Sauce tomate cuisinée Eco+ 420g","p":0.8,"u":"1,90 €/KG","img":"https://fd13-photos.leclercdrive.fr/image.ashx?id=2739715&use=l&cat=p&typeid=i","cat":288384},{"id":10933,"n":"Huile olive Eco+ Extra vierge - 1L","p":6.67,"u":"6,67 €/L","img":"https://fd13-photos.leclercdrive.fr/image.ashx?id=3002500&use=l&cat=p&typeid=i","cat":284453},{"id":10938,"n":"Barquette chien Eco+ Au boeuf - 300g","p":0.52,"u":"1,73 €/KG","img":"https://fd13-photos.leclercdrive.fr/image.ashx?id=2052829&use=l&cat=p&typeid=i","cat":284673},{"id":10945,"n":"Boules de graisse Eco+ x6 - 540g","p":0.75,"u":"1,39 €/KG","img":"https://fd13-photos.leclercdrive.fr/image.ashx?id=2220275&use=l&cat=p&typeid=i","cat":284678},{"id":10967,"n":"Jus d'orange Andros Oranges pressées - 1L","p":2.89,"u":"2,89 €/L","img":"https://fd13-photos.leclercdrive.fr/image.ashx?id=2882632&use=l&cat=p&typeid=i","cat":285435},{"id":10968,"n":"Jus d'ananas Andros Ananas pressés - 1L","p":3.28,"u":"3,28 €/L","img":"https://fd13-photos.leclercdrive.fr/image.ashx?id=2292203&use=l&cat=p&typeid=i","cat":285435},{"id":10970,"n":"Jus de clémentines Andros  Clémentines Pressées - 1L","p":2.94,"u":"2,94 €/L","img":"https://fd13-photos.leclercdrive.fr/image.ashx?id=2882647&use=l&cat=p&typeid=i","cat":285435},{"id":10994,"n":"Gâteaux P'tit Déli Pépites de chocolat 10x30g","p":1.89,"u":"6,30 €/KG","img":"https://fd13-photos.leclercdrive.fr/image.ashx?id=1947354&use=l&cat=p&typeid=i","cat":284495},{"id":11003,"n":"Compote Douceur du Verger Coupelle pomme poire - 4x100g","p":1.34,"u":"3,35 €/KG","img":"https://fd13-photos.leclercdrive.fr/image.ashx?id=2663488&use=l&cat=p&typeid=i","cat":284508},{"id":11033,"n":"Compote Douceur du Verger Gourdes pomme - 4x90g","p":0.99,"u":"2,75 €/KG","img":"https://fd13-photos.leclercdrive.fr/image.ashx?id=2837042&use=l&cat=p&typeid=i","cat":284508},{"id":11034,"n":"Terrine de campagne Côté Table Porc confit - 2x180g","p":2.79,"u":"7,75 €/KG","img":"https://fd13-photos.leclercdrive.fr/image.ashx?id=2519426&use=l&cat=p&typeid=i","cat":305149},{"id":11037,"n":"Sauce tomate Italienne Zapetti - 3x190g","p":3.2,"u":"5,61 €/KG","img":"https://fd13-photos.leclercdrive.fr/image.ashx?id=2579975&use=l&cat=p&typeid=i","cat":288384},{"id":11042,"n":"Crêpes Côté Table Fromage fondu x20 1kg","p":3.29,"u":"3,29 €/KG","img":"https://fd13-photos.leclercdrive.fr/image.ashx?id=2756849&use=l&cat=p&typeid=i","cat":319776},{"id":11046,"n":"Duo de riz Camargue Bio village Bio  - 500g","p":3.9,"u":"7,80 €/KG","img":"https://fd13-photos.leclercdrive.fr/image.ashx?id=2292597&use=l&cat=p&typeid=i","cat":284428},{"id":11070,"n":"Soupe instantanée Royco  Oignons & Croûtons - 4x200ml","p":1.56,"u":"19,50 €/KG","img":"https://fd13-photos.leclercdrive.fr/image.ashx?id=2650985&use=l&cat=p&typeid=i","cat":293527},{"id":11079,"n":"Brioches fourrées Epi d'Or Chocolat x8 - 310g","p":1.64,"u":"5,29 €/KG","img":"https://fd13-photos.leclercdrive.fr/image.ashx?id=1902176&use=l&cat=p&typeid=i","cat":293505},{"id":11153,"n":"Truite fumée Ovive Pyrénées 4 tranches - 120g","p":5.88,"u":"49,00 €/KG","img":"https://fd13-photos.leclercdrive.fr/image.ashx?id=2887848&use=l&cat=p&typeid=i","cat":285188},{"id":11175,"n":"Plat bébé soir Blédiner 8 mois Risotto courgette - 2x200g","p":2.18,"u":"5,45 €/KG","img":"https://fd13-photos.leclercdrive.fr/image.ashx?id=2921043&use=l&cat=p&typeid=i","cat":312239},{"id":11176,"n":"Lait céréales bébé Blédiner 6m Courgette soir - 2x250ml","p":1.84,"u":"3,68 €/L","img":"https://fd13-photos.leclercdrive.fr/image.ashx?id=2960147&use=l&cat=p&typeid=i","cat":312239},{"id":11178,"n":"Plat bébé soir Blédiner 12 mois Pâtes tomate courgette - 2x200g","p":2.31,"u":"5,78 €/KG","img":"https://fd13-photos.leclercdrive.fr/image.ashx?id=2902966&use=l&cat=p&typeid=i","cat":312239},{"id":11225,"n":"AOP Blaye Côtes de Bordeaux vin rouge Chantet Blanet - BIB 3L","p":11.99,"u":"4,00 €/L","img":"https://fd13-photos.leclercdrive.fr/image.ashx?id=2231196&use=l&cat=p&typeid=i","cat":289560},{"id":11292,"n":"AOC Clairette de Die Jaillance Esprit de terroirTradition 75cl","p":5.95,"u":"7,93 €/L","img":"https://fd13-photos.leclercdrive.fr/image.ashx?id=2453499&use=l&cat=p&typeid=i","cat":284545},{"id":11308,"n":"Couscous Tipiak - Grain moyen Prêt en 4 min - 1kg","p":1.82,"u":"1,82 €/KG","img":"https://fd13-photos.leclercdrive.fr/image.ashx?id=2947826&use=l&cat=p&typeid=i","cat":284429},{"id":11309,"n":"Fromage de Brebis Le Brebiou  Des Pyrénées - 180g","p":3.17,"u":"17,61 €/KG","img":"https://fd13-photos.leclercdrive.fr/image.ashx?id=2472855&use=l&cat=p&typeid=i","cat":314031},{"id":11310,"n":"Crème Chantilly Isigny Ste Mère Sucrée et vanillée - 250g","p":2.47,"u":"9,88 €/KG","img":"https://fd13-photos.leclercdrive.fr/image.ashx?id=3004384&use=l&cat=p&typeid=i","cat":284382},{"id":11365,"n":"Crème aux oeufs La Laitière Vanille - 4x100g","p":1.76,"u":"4,40 €/KG","img":"https://fd13-photos.leclercdrive.fr/image.ashx?id=3007987&use=l&cat=p&typeid=i","cat":284419},{"id":11367,"n":"Yaourt à la grecque YAOS Nature - 4x150g","p":2.1,"u":"3,50 €/KG","img":"https://fd13-photos.leclercdrive.fr/image.ashx?id=2365006&use=l&cat=p&typeid=i","cat":314999},{"id":11391,"n":"Crème caramel Bonne Maman Aux oeufs frais - 4x100g","p":2.16,"u":"5,40 €/KG","img":"https://fd13-photos.leclercdrive.fr/image.ashx?id=1987563&use=l&cat=p&typeid=i","cat":284419},{"id":11455,"n":"Pasta Box Sodebo Tortellini Ricotta Épinards - 280g","p":2.76,"u":"9,86 €/KG","img":"https://fd13-photos.leclercdrive.fr/image.ashx?id=2919778&use=l&cat=p&typeid=i","cat":334983},{"id":11464,"n":"Pointe de brie Président Crémeux - 200g","p":1.99,"u":"9,95 €/KG","img":"https://fd13-photos.leclercdrive.fr/image.ashx?id=2029841&use=l&cat=p&typeid=i","cat":314033},{"id":11465,"n":"Beurre La Motte Président Demi-sel - 80%MG - 250g","p":3.19,"u":"12,76 €/KG","img":"https://fd13-photos.leclercdrive.fr/image.ashx?id=2896970&use=l&cat=p&typeid=i","cat":284379},{"id":11481,"n":"Salade Coleslaw Pierre Martinet Chou et carottes rapées - 500g","p":1.95,"u":"3,90 €/KG","img":"https://fd13-photos.leclercdrive.fr/image.ashx?id=2733076&use=l&cat=p&typeid=i","cat":333657},{"id":11487,"n":"Duo Carottes râpées Céleri rémoulade Pierre Martinet 250g","p":1.91,"u":"7,64 €/KG","img":"https://fd13-photos.leclercdrive.fr/image.ashx?id=2733091&use=l&cat=p&typeid=i","cat":333657},{"id":11507,"n":"Yaourts Mamie Nova Noix de coco - 2x150g","p":1.37,"u":"4,57 €/KG","img":"https://fd13-photos.leclercdrive.fr/image.ashx?id=2888488&use=l&cat=p&typeid=i","cat":284410},{"id":11508,"n":"Lait céréales Blédidej 6 mois Biscuit  - 4x250ml","p":3.55,"u":"3,55 €/L","img":"https://fd13-photos.leclercdrive.fr/image.ashx?id=2921040&use=l&cat=p&typeid=i","cat":312226},{"id":11509,"n":"Feuille de brick Tablier Blanc 8 feuilles - 136g","p":0.77,"u":"5,66 €/KG","img":"https://fd13-photos.leclercdrive.fr/image.ashx?id=1938558&use=l&cat=p&typeid=i","cat":333681},{"id":11527,"n":"Essuie-tout blanc Mimosa Super absorbant - x6","p":3.74,"u":"0,62 €/P","img":"https://fd13-photos.leclercdrive.fr/image.ashx?id=2339873&use=l&cat=p&typeid=i","cat":284635},{"id":11561,"n":"Boisson sans alcool D'Artigny Classic - 75cl","p":3.28,"u":"4,37 €/L","img":"https://fd13-photos.leclercdrive.fr/image.ashx?id=2804430&use=l&cat=p&typeid=i","cat":289460},{"id":11587,"n":"Papier toilette Mimosa Rose - Ultra doux - x12","p":2.82,"u":"0,24 €/P","img":"https://fd13-photos.leclercdrive.fr/image.ashx?id=2073176&use=l&cat=p&typeid=i","cat":284634},{"id":11611,"n":"Avocats mûrs à point  Panier du Primeur x2","p":3.39,"u":"1,70 €/P","img":"https://fd13-photos.leclercdrive.fr/image.ashx?id=2313373&use=l&cat=p&typeid=i","cat":284352},{"id":11639,"n":"Mi-bas Well Elastivoile Satiné ibiza taille U x2","p":4.45,"img":"https://fd13-photos.leclercdrive.fr/image.ashx?id=2056389&use=l&cat=p&typeid=i","cat":334130},{"id":11645,"n":"Mi-bas Well Actiwell Circulation ibiza T36/38 x1","p":3.7,"img":"https://fd13-photos.leclercdrive.fr/image.ashx?id=2056413&use=l&cat=p&typeid=i","cat":334130},{"id":11649,"n":"Collant voile Well Body Galbe Noir - T3","p":5.35,"img":"https://fd13-photos.leclercdrive.fr/image.ashx?id=589104&use=l&cat=p&typeid=i","cat":334130},{"id":11667,"n":"Collant voile Tissaia Résistant beige foncé T2 - x2","p":3.25,"u":"1,63 €/P","img":"https://fd13-photos.leclercdrive.fr/image.ashx?id=2193051&use=l&cat=p&typeid=i","cat":334130},{"id":11684,"n":"Collants Well Elastivoile Résistant noir T3","p":3.7,"img":"https://fd13-photos.leclercdrive.fr/image.ashx?id=2056545&use=l&cat=p&typeid=i","cat":334130},{"id":11687,"n":"Collant mousse Tissaia Confort beige moyen T1 - x2","p":1.95,"u":"0,98 €/P","img":"https://fd13-photos.leclercdrive.fr/image.ashx?id=2193081&use=l&cat=p&typeid=i","cat":334130},{"id":11701,"n":"Bas clip Up Tissaia voile Brillant beige T4","p":4.2,"img":"https://fd13-photos.leclercdrive.fr/image.ashx?id=2193287&use=l&cat=p&typeid=i","cat":334130},{"id":11702,"n":"Bas clip Tissaia voile Brillant noir T4","p":4.2,"img":"https://fd13-photos.leclercdrive.fr/image.ashx?id=2193290&use=l&cat=p&typeid=i","cat":334130},{"id":11795,"n":"Confiture Andros Fraises - 1kg","p":3.5,"u":"3,50 €/KG","img":"https://fd13-photos.leclercdrive.fr/image.ashx?id=2946892&use=l&cat=p&typeid=i","cat":284480},{"id":11818,"n":"Bas clip Tissaia voile brillant Beige T3","p":4.2,"img":"https://fd13-photos.leclercdrive.fr/image.ashx?id=2193281&use=l&cat=p&typeid=i","cat":334130},{"id":11879,"n":"AOC Côtes du Rhône vin rouge Grégoire XI - BIB 3L","p":9.99,"u":"3,33 €/L","img":"https://fd13-photos.leclercdrive.fr/image.ashx?id=2714980&use=l&cat=p&typeid=i","cat":289560},{"id":11880,"n":"AOC Vouvray brut Les Caractères - 75cl","p":5.99,"u":"7,99 €/L","img":"https://fd13-photos.leclercdrive.fr/image.ashx?id=2308698&use=l&cat=p&typeid=i","cat":284544},{"id":11900,"n":"Arôme naturel de vanille Vahiné 20ml","p":2.28,"u":"114,00 €/L","img":"https://fd13-photos.leclercdrive.fr/image.ashx?id=2559766&use=l&cat=p&typeid=i","cat":284504},{"id":11906,"n":"Nappage caramel Vahiné 700g","p":3.47,"u":"4,96 €/KG","img":"https://fd13-photos.leclercdrive.fr/image.ashx?id=2983234&use=l&cat=p&typeid=i","cat":284504},{"id":11910,"n":"Colorant alimentaire Vahiné Assortiment x3","p":1.34,"u":"0,45 €/P","img":"https://fd13-photos.leclercdrive.fr/image.ashx?id=2939352&use=l&cat=p&typeid=i","cat":284504},{"id":12000,"n":"Couscous Comptoir du Grain Grain moyen - 5x100g","p":0.84,"u":"1,68 €/KG","img":"https://fd13-photos.leclercdrive.fr/image.ashx?id=3012815&use=l&cat=p&typeid=i","cat":284429},{"id":12023,"n":"Préparation brioche Mon Fournil Levure boulangère 1kg","p":2.04,"u":"2,04 €/KG","img":"https://fd13-photos.leclercdrive.fr/image.ashx?id=2378036&use=l&cat=p&typeid=i","cat":284506},{"id":12078,"n":"Pâte à tartiner Nustikao 400g","p":1.83,"u":"4,58 €/KG","img":"https://fd13-photos.leclercdrive.fr/image.ashx?id=2856411&use=l&cat=p&typeid=i","cat":284481},{"id":12080,"n":"Boisson énergisante X-tense Canette - 25cl","p":0.39,"u":"1,56 €/L","img":"https://fd13-photos.leclercdrive.fr/image.ashx?id=1210365&use=l&cat=p&typeid=i","cat":284533},{"id":12109,"n":"Purée de piments Suzi Wan 100g","p":1.12,"u":"11,20 €/KG","img":"https://fd13-photos.leclercdrive.fr/image.ashx?id=2892565&use=l&cat=p&typeid=i","cat":288992},{"id":12116,"n":"Sauce aigre douce Suzi Wan 400g","p":1.36,"u":"3,40 €/KG","img":"https://fd13-photos.leclercdrive.fr/image.ashx?id=2024300&use=l&cat=p&typeid=i","cat":288992},{"id":12122,"n":"Vermicelles de riz Suzi Wan 250g","p":2.07,"u":"8,28 €/KG","img":"https://fd13-photos.leclercdrive.fr/image.ashx?id=3002183&use=l&cat=p&typeid=i","cat":288992},{"id":12129,"n":"Vermicelles soja Suzi Wan 100g","p":1.8,"u":"18,00 €/KG","img":"https://fd13-photos.leclercdrive.fr/image.ashx?id=2886259&use=l&cat=p&typeid=i","cat":288992},{"id":12131,"n":"Crème coco Suzi Wan 200ml","p":1.29,"u":"6,45 €/L","img":"https://fd13-photos.leclercdrive.fr/image.ashx?id=2886250&use=l&cat=p&typeid=i","cat":288992},{"id":12153,"n":"Oeufs Bio  De Nos Villages Plein Air Gros - x10","p":4.63,"u":"0,46 €/P","img":"https://fd13-photos.leclercdrive.fr/image.ashx?id=2975981&use=l&cat=p&typeid=i","cat":284378},{"id":12170,"n":"AOP Bordeaux rosé Baron de Lestac - 75cl","p":4.39,"u":"5,85 €/L","img":"https://fd13-photos.leclercdrive.fr/image.ashx?id=2179368&use=l&cat=p&typeid=i","cat":289558},{"id":12236,"n":"Spaghetti d'Alsace NRT 250g","p":1.39,"u":"5,56 €/KG","img":"https://fd13-photos.leclercdrive.fr/image.ashx?id=2839983&use=l&cat=p&typeid=i","cat":284427},{"id":12242,"n":"Rillettes de saumon MSC Ronde des mers - 150g","p":1.99,"u":"13,27 €/KG","img":"https://fd13-photos.leclercdrive.fr/image.ashx?id=2552424&use=l&cat=p&typeid=i","cat":285191},{"id":12243,"n":"Rillettes de thon MSC Ronde des mers - 150g","p":1.99,"u":"13,27 €/KG","img":"https://fd13-photos.leclercdrive.fr/image.ashx?id=2644873&use=l&cat=p&typeid=i","cat":285191},{"id":12249,"n":"Torsades d'Alsace NRT 250g","p":1.39,"u":"5,56 €/KG","img":"https://fd13-photos.leclercdrive.fr/image.ashx?id=2839980&use=l&cat=p&typeid=i","cat":284427},{"id":12258,"n":"Gros sel de l'Ile de Ré NRT Sachet -1kg","p":1.69,"u":"1,69 €/KG","img":"https://fd13-photos.leclercdrive.fr/image.ashx?id=2644912&use=l&cat=p&typeid=i","cat":284457},{"id":12259,"n":"Fromage Mimolette vieille NRT  Label Rouge  - 200g","p":3.65,"u":"18,25 €/KG","img":"https://fd13-photos.leclercdrive.fr/image.ashx?id=2934829&use=l&cat=p&typeid=i","cat":314034},{"id":12261,"n":"Double concentré tomates Turini 3X70g","p":2.15,"u":"10,24 €/KG","img":"https://fd13-photos.leclercdrive.fr/image.ashx?id=2623962&use=l&cat=p&typeid=i","cat":288384},{"id":12362,"n":"Thon entier Pêche Océan Naturel - 2x140g","p":3.75,"u":"13,39 €/KG","img":"https://fd13-photos.leclercdrive.fr/image.ashx?id=2941423&use=l&cat=p&typeid=i","cat":303867},{"id":12363,"n":"Thon entier Pêche Océan Naturel - 3x93g","p":3.99,"u":"14,30 €/KG","img":"https://fd13-photos.leclercdrive.fr/image.ashx?id=2941411&use=l&cat=p&typeid=i","cat":303867},{"id":12365,"n":"Couscous royal Côté Table Volaille et merguez 980g","p":3.69,"u":"3,77 €/KG","img":"https://fd13-photos.leclercdrive.fr/image.ashx?id=2977144&use=l&cat=p&typeid=i","cat":325094},{"id":12368,"n":"Saucisses et haricots blancs Côté Table - 840g","p":3.15,"u":"3,75 €/KG","img":"https://fd13-photos.leclercdrive.fr/image.ashx?id=2980465&use=l&cat=p&typeid=i","cat":284441},{"id":12373,"n":"Moutarde Rustica Mi-forte - 415g","p":1.27,"u":"3,06 €/KG","img":"https://fd13-photos.leclercdrive.fr/image.ashx?id=1961437&use=l&cat=p&typeid=i","cat":288850},{"id":12374,"n":"Purée de tomates Turini 3x200g","p":1.19,"u":"1,98 €/KG","img":"https://fd13-photos.leclercdrive.fr/image.ashx?id=2174684&use=l&cat=p&typeid=i","cat":288384},{"id":12376,"n":"Pâtes Alphabet Turini 500g","p":0.99,"u":"1,98 €/KG","img":"https://fd13-photos.leclercdrive.fr/image.ashx?id=2449993&use=l&cat=p&typeid=i","cat":284427},{"id":12380,"n":"Infusion Tiséa Digestion facilitée x25","p":0.99,"u":"24,75 €/KG","img":"https://fd13-photos.leclercdrive.fr/image.ashx?id=1216454&use=l&cat=p&typeid=i","cat":293234},{"id":12391,"n":"Sirop Frucci Fraise - 1L","p":3.5,"u":"3,50 €/L","img":"https://fd13-photos.leclercdrive.fr/image.ashx?id=2955662&use=l&cat=p&typeid=i","cat":295020},{"id":12394,"n":"Nectar Jafaden Abricot - 4x20cl","p":2.68,"u":"3,35 €/L","img":"https://fd13-photos.leclercdrive.fr/image.ashx?id=2955674&use=l&cat=p&typeid=i","cat":284524},{"id":12397,"n":"Vin mousseux d'Union Européenne Brut Blazer - 75 cl","p":3.15,"u":"4,20 €/L","img":"https://fd13-photos.leclercdrive.fr/image.ashx?id=2074969&use=l&cat=p&typeid=i","cat":284544},{"id":12399,"n":"Apéritif anisé Cantanis Sans alcool - 1L","p":2.25,"u":"2,25 €/L","img":"https://fd13-photos.leclercdrive.fr/image.ashx?id=2081035&use=l&cat=p&typeid=i","cat":284549},{"id":12402,"n":"Crème de mûres Auguste Muniot 15%vol. - 50cl","p":4.58,"u":"9,16 €/L","img":"https://fd13-photos.leclercdrive.fr/image.ashx?id=2541525&use=l&cat=p&typeid=i","cat":286032},{"id":12422,"n":"Jus de citron vert Rustica 2x12,5cll","p":1.31,"u":"5,24 €/L","img":"https://fd13-photos.leclercdrive.fr/image.ashx?id=2974789&use=l&cat=p&typeid=i","cat":288383},{"id":12437,"n":"Sel fin de l'île de Ré NRT 250g","p":1.35,"u":"5,40 €/KG","img":"https://fd13-photos.leclercdrive.fr/image.ashx?id=2644909&use=l&cat=p&typeid=i","cat":284457},{"id":12438,"n":"Vinaigre Balsamique MAILLE Velours de Modène - 25cl","p":3.34,"u":"13,36 €/L","img":"https://fd13-photos.leclercdrive.fr/image.ashx?id=2889994&use=l&cat=p&typeid=i","cat":298543},{"id":12441,"n":"Moutarde Amora Fine et douce  - 435g","p":1.74,"u":"4,00 €/KG","img":"https://fd13-photos.leclercdrive.fr/image.ashx?id=2507608&use=l&cat=p&typeid=i","cat":288850},{"id":12453,"n":"Soda Jean's Cola sans Caféine Zéro - Bouteille - 1,5L","p":0.96,"u":"0,64 €/L","img":"https://fd13-photos.leclercdrive.fr/image.ashx?id=2637865&use=l&cat=p&typeid=i","cat":284530},{"id":12464,"n":"Soda Jean's Cola Zéro Bouteille - 1,5L","p":0.45,"u":"0,30 €/L","img":"https://fd13-photos.leclercdrive.fr/image.ashx?id=2637883&use=l&cat=p&typeid=i","cat":284530},{"id":12467,"n":"Jus multifruits Jafaden Pur jus - 1L","p":1.99,"u":"1,99 €/L","img":"https://fd13-photos.leclercdrive.fr/image.ashx?id=2956035&use=l&cat=p&typeid=i","cat":284917},{"id":12469,"n":"100% Pur jus d'orange Jafaden  Sans pulpe - 1L","p":1.99,"u":"1,99 €/L","img":"https://fd13-photos.leclercdrive.fr/image.ashx?id=2496884&use=l&cat=p&typeid=i","cat":284521},{"id":12470,"n":"Pur Jus de raisin Bio Village Bio - 1L","p":2.29,"u":"2,29 €/L","img":"https://fd13-photos.leclercdrive.fr/image.ashx?id=2901518&use=l&cat=p&typeid=i","cat":284915},{"id":12471,"n":"Thon entier Pêche Océan Huile de tournesol - 160g","p":1.63,"u":"10,19 €/KG","img":"https://fd13-photos.leclercdrive.fr/image.ashx?id=2476116&use=l&cat=p&typeid=i","cat":303867},{"id":12477,"n":"Cassoulet Saucisse de Toulouse Côté Table - 420g","p":2.11,"u":"5,02 €/KG","img":"https://fd13-photos.leclercdrive.fr/image.ashx?id=2977861&use=l&cat=p&typeid=i","cat":284440},{"id":12501,"n":"Café soluble Plantation Sélection - 200g","p":4.53,"u":"22,65 €/KG","img":"https://fd13-photos.leclercdrive.fr/image.ashx?id=1034044&use=l&cat=p&typeid=i","cat":284843},{"id":12506,"n":"Marshmallows Copains Copines Vanille 300g","p":1.25,"u":"4,17 €/KG","img":"https://fd13-photos.leclercdrive.fr/image.ashx?id=1965083&use=l&cat=p&typeid=i","cat":304250},{"id":12513,"n":"Cornichons Maille Malossol A la russe 440g","p":3.37,"u":"7,66 €/KG","img":"https://fd13-photos.leclercdrive.fr/image.ashx?id=2076023&use=l&cat=p&typeid=i","cat":284458},{"id":12521,"n":"Miettes de thon Pêche Océan Huile de tournesol - 3x80g","p":2.35,"u":"9,79 €/KG","img":"https://fd13-photos.leclercdrive.fr/image.ashx?id=2943608&use=l&cat=p&typeid=i","cat":303867},{"id":12532,"n":"Café en grains Plantation Tradition - 1kg","p":10.15,"u":"10,15 €/KG","img":"https://fd13-photos.leclercdrive.fr/image.ashx?id=1900276&use=l&cat=p&typeid=i","cat":293237},{"id":12549,"n":"Rasoirs jetables Venus Gillette Simply Venus 2 - x10","p":3.48,"u":"0,35 €/P","img":"https://fd13-photos.leclercdrive.fr/image.ashx?id=2881789&use=l&cat=p&typeid=i","cat":325352},{"id":12551,"n":"Raviolis légumes Bio Village Bio - 700g","p":2.53,"u":"3,61 €/KG","img":"https://fd13-photos.leclercdrive.fr/image.ashx?id=2485107&use=l&cat=p&typeid=i","cat":284442},{"id":12557,"n":"Vinaigrette Rustica Echalote - 50cl","p":1.27,"u":"2,54 €/L","img":"https://fd13-photos.leclercdrive.fr/image.ashx?id=1972901&use=l&cat=p&typeid=i","cat":284456},{"id":12564,"n":"Châtaignes Notre Jardin Entières - 420g","p":5.09,"u":"12,12 €/KG","img":"https://fd13-photos.leclercdrive.fr/image.ashx?id=1965527&use=l&cat=p&typeid=i","cat":312612},{"id":12565,"n":"Haricots beurre Notre Jardin Extra fins - 220g","p":1.88,"u":"8,55 €/KG","img":"https://fd13-photos.leclercdrive.fr/image.ashx?id=790574&use=l&cat=p&typeid=i","cat":312606},{"id":12573,"n":"Eponges Mamison salle de bain Décorées x2","p":0.99,"u":"0,50 €/P","img":"https://fd13-photos.leclercdrive.fr/image.ashx?id=2199055&use=l&cat=p&typeid=i","cat":284667},{"id":12581,"n":"Soupe Déshydratée Thaï KNORR Nouilles & Champignons - 70cl","p":1.32,"u":"1,89 €/L","img":"https://fd13-photos.leclercdrive.fr/image.ashx?id=2772554&use=l&cat=p&typeid=i","cat":284463},{"id":12584,"n":"Pain grillé bio Bio Village Blé complet x12 - 250g","p":1.77,"u":"7,08 €/KG","img":"https://fd13-photos.leclercdrive.fr/image.ashx?id=2124744&use=l&cat=p&typeid=i","cat":284479},{"id":12587,"n":"Compote Douceur du Verger Gourdes multivariétés - 12x90g","p":3.93,"u":"3,64 €/KG","img":"https://fd13-photos.leclercdrive.fr/image.ashx?id=2837039&use=l&cat=p&typeid=i","cat":284508},{"id":12588,"n":"Sel régénérant Visior Lave-vaisselle - 4x1kg","p":2.69,"u":"0,67 €/KG","img":"https://fd13-photos.leclercdrive.fr/image.ashx?id=2463401&use=l&cat=p&typeid=i","cat":284657},{"id":12591,"n":"Soupe déshydratée Knorr 9 légumes - 75cl","p":0.94,"u":"1,25 €/L","img":"https://fd13-photos.leclercdrive.fr/image.ashx?id=2790585&use=l&cat=p&typeid=i","cat":284463},{"id":12593,"n":"Soupe déshydratée Knorr 9 légumes - 105g","p":0.93,"u":"8,86 €/KG","img":"https://fd13-photos.leclercdrive.fr/image.ashx?id=2875930&use=l&cat=p&typeid=i","cat":284463},{"id":12605,"n":"Cornichons Maille Le Mini 210g","p":2.92,"u":"13,90 €/KG","img":"https://fd13-photos.leclercdrive.fr/image.ashx?id=2877310&use=l&cat=p&typeid=i","cat":284458},{"id":12606,"n":"Marmite bouillon Knorr Poule - 224g","p":1.92,"u":"8,57 €/KG","img":"https://fd13-photos.leclercdrive.fr/image.ashx?id=2960288&use=l&cat=p&typeid=i","cat":288379},{"id":12611,"n":"Crozets au Sarrasin NRT 400g","p":2.3,"u":"5,75 €/KG","img":"https://fd13-photos.leclercdrive.fr/image.ashx?id=2856220&use=l&cat=p&typeid=i","cat":284427},{"id":12634,"n":"Olives de Nyons AOP NRT Noires - 230g","p":3.48,"u":"15,13 €/KG","img":"https://fd13-photos.leclercdrive.fr/image.ashx?id=2704888&use=l&cat=p&typeid=i","cat":284458},{"id":12669,"n":"Sauce Burger AMORA 260g","p":1.57,"u":"6,04 €/KG","img":"https://fd13-photos.leclercdrive.fr/image.ashx?id=2893853&use=l&cat=p&typeid=i","cat":318431},{"id":12674,"n":"Nids d'Alsace NRT 250g","p":1.39,"u":"5,56 €/KG","img":"https://fd13-photos.leclercdrive.fr/image.ashx?id=2839968&use=l&cat=p&typeid=i","cat":284427},{"id":12676,"n":"Pizza Cuite sur pierre Turini Chorizo - 400g","p":2.69,"u":"6,73 €/KG","img":"https://fd13-photos.leclercdrive.fr/image.ashx?id=2815226&use=l&cat=p&typeid=i","cat":284256},{"id":12680,"n":"Filets d'Anchois Pêche Océan Marinés à l'Orientale - 100g","p":1.99,"u":"19,90 €/KG","img":"https://fd13-photos.leclercdrive.fr/image.ashx?id=1671726&use=l&cat=p&typeid=i","cat":285190},{"id":12684,"n":"Filets d'Anchois Pêche Océan Marinés à la provençale - 100g","p":1.99,"u":"19,90 €/KG","img":"https://fd13-photos.leclercdrive.fr/image.ashx?id=1671655&use=l&cat=p&typeid=i","cat":285190},{"id":12685,"n":"Biscuit P'tit Beurres chocolait P'tit Déli 268g","p":2.69,"u":"10,04 €/KG","img":"https://fd13-photos.leclercdrive.fr/image.ashx?id=2473975&use=l&cat=p&typeid=i","cat":284488},{"id":12690,"n":"Velouté Liebig PurSoup' Cresson - 1L","p":2.67,"u":"2,67 €/L","img":"https://fd13-photos.leclercdrive.fr/image.ashx?id=2917720&use=l&cat=p&typeid=i","cat":284462},{"id":12702,"n":"Poisson pané Pêche Océan Tomate - MSC - x8 - 600g","p":4.29,"u":"7,15 €/KG","img":"https://fd13-photos.leclercdrive.fr/image.ashx?id=2930111&use=l&cat=p&typeid=i","cat":319788},{"id":12706,"n":"Dentifrice Dentamyl Soin complet 75ml","p":0.76,"u":"10,13 €/L","img":"https://fd13-photos.leclercdrive.fr/image.ashx?id=2276480&use=l&cat=p&typeid=i","cat":284612},{"id":12712,"n":"Sauce Poivrons Aubergine Turini 190g","p":1.79,"u":"9,42 €/KG","img":"https://fd13-photos.leclercdrive.fr/image.ashx?id=2478474&use=l&cat=p&typeid=i","cat":287599},{"id":12729,"n":"Pânés poulet Le Gaulois x2 -  200g","p":2.13,"u":"10,65 €/KG","img":"https://fd13-photos.leclercdrive.fr/image.ashx?id=2261660&use=l&cat=p&typeid=i","cat":333684},{"id":12733,"n":"Bacon Herta superposé x15 150g","p":2.08,"u":"13,87 €/KG","img":"https://fd13-photos.leclercdrive.fr/image.ashx?id=2889325&use=l&cat=p&typeid=i","cat":316007},{"id":12739,"n":"Friand viande Côté Table 2x110g","p":1.65,"u":"7,50 €/KG","img":"https://fd13-photos.leclercdrive.fr/image.ashx?id=2611717&use=l&cat=p&typeid=i","cat":333671},{"id":12752,"n":"Filet Poulet blanc LR X2  IGP Volailles du Maine  - 240g","p":6.63,"u":"27,63 €/KG","img":"https://fd13-photos.leclercdrive.fr/image.ashx?id=2250558&use=l&cat=p&typeid=i","cat":284336},{"id":12769,"n":"Collants mousse Tissaia Elasthanne beige foncé T1 - x2","p":2.6,"u":"1,30 €/P","img":"https://fd13-photos.leclercdrive.fr/image.ashx?id=2193096&use=l&cat=p&typeid=i","cat":334130},{"id":12772,"n":"Boisson Jafaden Cranberry - 1L","p":1.92,"u":"1,92 €/L","img":"https://fd13-photos.leclercdrive.fr/image.ashx?id=2591394&use=l&cat=p&typeid=i","cat":284915},{"id":12816,"n":"Dentifrice blancheur Dentamyl Soin complet 75ml","p":0.98,"u":"13,07 €/L","img":"https://fd13-photos.leclercdrive.fr/image.ashx?id=2489110&use=l&cat=p&typeid=i","cat":284612},{"id":12838,"n":"Foie de volaille Le Gaulois Confit - 300g","p":3.45,"u":"11,50 €/KG","img":"https://fd13-photos.leclercdrive.fr/image.ashx?id=2732719&use=l&cat=p&typeid=i","cat":284715},{"id":12916,"n":"Infusion bio Bio Village Digestion x20 - 30g","p":1.55,"u":"51,67 €/KG","img":"https://fd13-photos.leclercdrive.fr/image.ashx?id=2339915&use=l&cat=p&typeid=i","cat":293234},{"id":12917,"n":"Infusion bio Bio Village Pour le soir x20 - 30g","p":1.75,"u":"58,33 €/KG","img":"https://fd13-photos.leclercdrive.fr/image.ashx?id=2553926&use=l&cat=p&typeid=i","cat":293234},{"id":12926,"n":"Caviar d'aubergines NRT à la provençale - 90g","p":2.09,"u":"23,22 €/KG","img":"https://fd13-photos.leclercdrive.fr/image.ashx?id=2084868&use=l&cat=p&typeid=i","cat":315999},{"id":12930,"n":"Mélange forestier Notre Jardin 450g","p":2.56,"u":"5,69 €/KG","img":"https://fd13-photos.leclercdrive.fr/image.ashx?id=825783&use=l&cat=p&typeid=i","cat":319823},{"id":12965,"n":"Crêpes dentelles chocolat NRT 100g","p":1.82,"u":"18,20 €/KG","img":"https://fd13-photos.leclercdrive.fr/image.ashx?id=2770265&use=l&cat=p&typeid=i","cat":284490},{"id":12966,"n":"Assortiment biscuits fins P'tit Déli 200g","p":2.39,"u":"11,95 €/KG","img":"https://fd13-photos.leclercdrive.fr/image.ashx?id=2554578&use=l&cat=p&typeid=i","cat":284490},{"id":13207,"n":"Crayon à papier HB Eco+ x10","p":0.41,"img":"https://fd13-photos.leclercdrive.fr/image.ashx?id=1929747&use=l&cat=p&typeid=i","cat":284696},{"id":13210,"n":"Porte-mines Esquisse Rechargeable","p":1.27,"img":"https://fd13-photos.leclercdrive.fr/image.ashx?id=591433&use=l&cat=p&typeid=i","cat":284696},{"id":13253,"n":"Crayons de couleur Esquisse x18","p":1.45,"u":"0,08 €/P","img":"https://fd13-photos.leclercdrive.fr/image.ashx?id=2943169&use=l&cat=p&typeid=i","cat":284696},{"id":13254,"n":"Pinceaux Esquisse Taille 2-8 et 12 - x3","p":0.99,"u":"0,33 €/P","img":"https://fd13-photos.leclercdrive.fr/image.ashx?id=981363&use=l&cat=p&typeid=i","cat":334133},{"id":13271,"n":"Equerre aluminium Esquisse 45° 25cm","p":2.59,"img":"https://fd13-photos.leclercdrive.fr/image.ashx?id=1678676&use=l&cat=p&typeid=i","cat":334133},{"id":13300,"n":"Tube de colle liquide Esquisse Transparente gel - 30ml","p":1.1,"u":"36,67 €/L","img":"https://fd13-photos.leclercdrive.fr/image.ashx?id=1928779&use=l&cat=p&typeid=i","cat":334133},{"id":13307,"n":"Sous chemises Esquisse 22x32cm - x50","p":3.59,"img":"https://fd13-photos.leclercdrive.fr/image.ashx?id=1928800&use=l&cat=p&typeid=i","cat":284745},{"id":13308,"n":"Chemises Esquisse 24x32cm x15","p":3.3,"img":"https://fd13-photos.leclercdrive.fr/image.ashx?id=1678706&use=l&cat=p&typeid=i","cat":284745},{"id":13310,"n":"Chemise 3 rabats Eco+ A4 - x10","p":3.99,"u":"0,40 €/P","img":"https://fd13-photos.leclercdrive.fr/image.ashx?id=2131176&use=l&cat=p&typeid=i","cat":284745},{"id":13321,"n":"Stylo bille Bic 4 couleurs - x1","p":1.27,"img":"https://fd13-photos.leclercdrive.fr/image.ashx?id=2730874&use=l&cat=p&typeid=i","cat":284696},{"id":13342,"n":"Thon entier Le Savoureux Huile d'olive - 160g","p":3.23,"u":"20,19 €/KG","img":"https://fd13-photos.leclercdrive.fr/image.ashx?id=2960159&use=l&cat=p&typeid=i","cat":303867},{"id":13356,"n":"IGP Fleur de sel Le Guérandais Tradition -  125g","p":2.87,"u":"22,96 €/KG","img":"https://fd13-photos.leclercdrive.fr/image.ashx?id=2457881&use=l&cat=p&typeid=i","cat":284457},{"id":13364,"n":"Agrafes n°10 Maped x2000","p":1.62,"img":"https://fd13-photos.leclercdrive.fr/image.ashx?id=2962254&use=l&cat=p&typeid=i","cat":334133},{"id":13371,"n":"Gomme dessin blanche Maped x1","p":0.77,"img":"https://fd13-photos.leclercdrive.fr/image.ashx?id=2384235&use=l&cat=p&typeid=i","cat":334133},{"id":13381,"n":"Brosse effaçable Maped Pour ardoise pierre et blanches","p":0.99,"img":"https://fd13-photos.leclercdrive.fr/image.ashx?id=2508954&use=l&cat=p&typeid=i","cat":334133},{"id":13434,"n":"Dessert Empresure Malo Chocolat - 4x125g","p":1.9,"u":"3,80 €/KG","img":"https://fd13-photos.leclercdrive.fr/image.ashx?id=2842684&use=l&cat=p&typeid=i","cat":285041},{"id":13440,"n":"Purée de fruit NATURNES Fruits du verger 6M+ - 4x130g","p":2.25,"u":"4,33 €/KG","img":"https://fd13-photos.leclercdrive.fr/image.ashx?id=2478387&use=l&cat=p&typeid=i","cat":312388},{"id":13464,"n":"Tripoux aveyronnais NRT 400g","p":5.46,"u":"13,65 €/KG","img":"https://fd13-photos.leclercdrive.fr/image.ashx?id=1647754&use=l&cat=p&typeid=i","cat":284441},{"id":13503,"n":"Biscottes bio Bio Village Au germe de blé x36 - 300g","p":1.99,"u":"6,63 €/KG","img":"https://fd13-photos.leclercdrive.fr/image.ashx?id=1960425&use=l&cat=p&typeid=i","cat":284479},{"id":13532,"n":"Purée pomme de terre Pom'lisse Saveur d'antan - 4x125g - 500g","p":2.49,"u":"4,98 €/KG","img":"https://fd13-photos.leclercdrive.fr/image.ashx?id=2929867&use=l&cat=p&typeid=i","cat":284431},{"id":13579,"n":"Nettoyant biberons Tigex 300ml","p":4.79,"u":"15,97 €/L","img":"https://fd13-photos.leclercdrive.fr/image.ashx?id=2689835&use=l&cat=p&typeid=i","cat":284742},{"id":13589,"n":"Fromage Brillat Savarin NRT  IGP - 200g","p":3.39,"u":"16,95 €/KG","img":"https://fd13-photos.leclercdrive.fr/image.ashx?id=2771064&use=l&cat=p&typeid=i","cat":329558},{"id":13598,"n":"Mouche bébé Tigex Double protection +6mois","p":8.2,"img":"https://fd13-photos.leclercdrive.fr/image.ashx?id=2979710&use=l&cat=p&typeid=i","cat":289435},{"id":13604,"n":"Poissons panés au fromage Pêche Océan MSC - 180g","p":1.89,"u":"10,50 €/KG","img":"https://fd13-photos.leclercdrive.fr/image.ashx?id=2953608&use=l&cat=p&typeid=i","cat":284344},{"id":13605,"n":"Panés de colin Pêche Océan Colin d'Alaska - 200g","p":1.99,"u":"9,95 €/KG","img":"https://fd13-photos.leclercdrive.fr/image.ashx?id=2953605&use=l&cat=p&typeid=i","cat":284344},{"id":13614,"n":"Feuilles simples Eco+ x400 Seyes - 21x29.7cm","p":2.29,"img":"https://fd13-photos.leclercdrive.fr/image.ashx?id=1928704&use=l&cat=p&typeid=i","cat":284697},{"id":13636,"n":"Cuisse Poulet Blanc LR x2  IGP Volailles du Maine  - 480g","p":5.7,"u":"11,88 €/KG","img":"https://fd13-photos.leclercdrive.fr/image.ashx?id=2250552&use=l&cat=p&typeid=i","cat":284336},{"id":13637,"n":"Aiguillette poulet Le Gaulois Blanc - 210g","p":3.5,"u":"16,67 €/KG","img":"https://fd13-photos.leclercdrive.fr/image.ashx?id=2239564&use=l&cat=p&typeid=i","cat":284336},{"id":13643,"n":"Biscuits nappés Bio Village Bio Chocolat au lait 200g","p":2.43,"u":"12,15 €/KG","img":"https://fd13-photos.leclercdrive.fr/image.ashx?id=1937516&use=l&cat=p&typeid=i","cat":284488},{"id":13648,"n":"Biscuit Croc Break P'tit Déli Lait et goût chocolat - 300g","p":1.24,"u":"4,13 €/KG","img":"https://fd13-photos.leclercdrive.fr/image.ashx?id=1993182&use=l&cat=p&typeid=i","cat":284488},{"id":13678,"n":"Croûtons salade Epi d'Or Ail et fines herbes - 60g","p":0.6,"u":"10,00 €/KG","img":"https://fd13-photos.leclercdrive.fr/image.ashx?id=2606040&use=l&cat=p&typeid=i","cat":284464},{"id":13679,"n":"Croûtons salade Epi d'Or Nature - 60g","p":0.6,"u":"10,00 €/KG","img":"https://fd13-photos.leclercdrive.fr/image.ashx?id=2084937&use=l&cat=p&typeid=i","cat":284464},{"id":13681,"n":"Pâté pur porc Côtés Table 2 Foie 1 campagne - 3x78g","p":1.9,"u":"8,12 €/KG","img":"https://fd13-photos.leclercdrive.fr/image.ashx?id=1986261&use=l&cat=p&typeid=i","cat":305149},{"id":13682,"n":"Pâté de campagne Côté Table Pur porc - 3x78g","p":1.85,"u":"7,91 €/KG","img":"https://fd13-photos.leclercdrive.fr/image.ashx?id=2478763&use=l&cat=p&typeid=i","cat":305149},{"id":13683,"n":"Pâté de foie Côté Table Pur porc - 3x78g","p":1.99,"u":"8,50 €/KG","img":"https://fd13-photos.leclercdrive.fr/image.ashx?id=2518502&use=l&cat=p&typeid=i","cat":305149},{"id":13685,"n":"Bouillon de volaille Rustica Cubes - 12x10g","p":0.8,"u":"6,67 €/KG","img":"https://fd13-photos.leclercdrive.fr/image.ashx?id=1880027&use=l&cat=p&typeid=i","cat":288379},{"id":13689,"n":"Pop corn caramélisé Tokapi 100g","p":0.71,"u":"7,10 €/KG","img":"https://fd13-photos.leclercdrive.fr/image.ashx?id=2920175&use=l&cat=p&typeid=i","cat":304249},{"id":13694,"n":"Riz long Comptoir du Grain 500g","p":1.47,"u":"2,94 €/KG","img":"https://fd13-photos.leclercdrive.fr/image.ashx?id=2886534&use=l&cat=p&typeid=i","cat":284428},{"id":13696,"n":"Soufflés Snack's Tokapi Cacahuète - 90g","p":0.47,"u":"5,22 €/KG","img":"https://fd13-photos.leclercdrive.fr/image.ashx?id=2677026&use=l&cat=p&typeid=i","cat":284449},{"id":13698,"n":"Légumes couscous Notre Jardin 400g","p":1.43,"u":"3,58 €/KG","img":"https://fd13-photos.leclercdrive.fr/image.ashx?id=2854216&use=l&cat=p&typeid=i","cat":312612},{"id":13700,"n":"Gaufrettes fourrées Tokapi Fromage - 75g","p":0.95,"u":"12,67 €/KG","img":"https://fd13-photos.leclercdrive.fr/image.ashx?id=2067929&use=l&cat=p&typeid=i","cat":297000},{"id":13701,"n":"Riz Thaï Comptoir du Grain Sélection Riz long - 500g","p":1.79,"u":"3,58 €/KG","img":"https://fd13-photos.leclercdrive.fr/image.ashx?id=2565610&use=l&cat=p&typeid=i","cat":284428},{"id":13703,"n":"Petits pois Notre Jardin A l'étuvée - Très fins - 560g","p":1.29,"u":"2,30 €/KG","img":"https://fd13-photos.leclercdrive.fr/image.ashx?id=2691018&use=l&cat=p&typeid=i","cat":312607},{"id":13715,"n":"Croquettes chat Purina One Stérilisé - Boeuf/Blé-1.5kg","p":6.97,"u":"4,65 €/KG","img":"https://fd13-photos.leclercdrive.fr/image.ashx?id=2488040&use=l&cat=p&typeid=i","cat":284680},{"id":13719,"n":"Croquettes chat Purina One Adulte - Poulet/Céréales -1.5kg","p":6.52,"u":"4,35 €/KG","img":"https://fd13-photos.leclercdrive.fr/image.ashx?id=2537682&use=l&cat=p&typeid=i","cat":284680},{"id":13731,"n":"Barquettes chats Gourmet Gold Les mousselines - 12x85g","p":5.48,"u":"5,37 €/KG","img":"https://fd13-photos.leclercdrive.fr/image.ashx?id=2967046&use=l&cat=p&typeid=i","cat":285286},{"id":13733,"n":"Barquettes chats Gourmet Gold Les terrines - 12x85g","p":5.62,"u":"5,51 €/KG","img":"https://fd13-photos.leclercdrive.fr/image.ashx?id=2979069&use=l&cat=p&typeid=i","cat":285286},{"id":13770,"n":"Croissants surgelés Epi d'Or Cuisson four - 6x60g","p":2.58,"u":"7,17 €/KG","img":"https://fd13-photos.leclercdrive.fr/image.ashx?id=1983595&use=l&cat=p&typeid=i","cat":284267},{"id":13776,"n":"Mouchoirs blancs 3 plis Caresse Boîte - x110","p":1.35,"u":"0,01 €/P","img":"https://fd13-photos.leclercdrive.fr/image.ashx?id=2858784&use=l&cat=p&typeid=i","cat":284638},{"id":13777,"n":"Lingettes bébé Eco+ Epaisses - x72","p":0.72,"u":"0,01 €/P","img":"https://fd13-photos.leclercdrive.fr/image.ashx?id=1898880&use=l&cat=p&typeid=i","cat":284738},{"id":13781,"n":"Salade Notre Jardin Laitue iceberg - 450g","p":1.33,"u":"2,96 €/KG","img":"https://fd13-photos.leclercdrive.fr/image.ashx?id=2113919&use=l&cat=p&typeid=i","cat":284353},{"id":13782,"n":"Déodorant Manava anti-traces 200ml","p":1.29,"u":"6,45 €/L","img":"https://fd13-photos.leclercdrive.fr/image.ashx?id=1993179&use=l&cat=p&typeid=i","cat":284595},{"id":13785,"n":"Shampooing Vitanove Réparateur - 250ml","p":1.45,"u":"5,80 €/L","img":"https://fd13-photos.leclercdrive.fr/image.ashx?id=1879257&use=l&cat=p&typeid=i","cat":284606},{"id":13787,"n":"Shampooing Vitanove Extra Color - 250ml","p":1.56,"u":"6,24 €/L","img":"https://fd13-photos.leclercdrive.fr/image.ashx?id=1889779&use=l&cat=p&typeid=i","cat":284606},{"id":13788,"n":"Après-shampooing Vitanove Extra color - 200ml","p":1.38,"u":"6,90 €/L","img":"https://fd13-photos.leclercdrive.fr/image.ashx?id=2618302&use=l&cat=p&typeid=i","cat":284607},{"id":13811,"n":"Nettoyant visage Argile Garnier Peaux à imperfections - 150ml","p":4.28,"u":"28,53 €/L","img":"https://fd13-photos.leclercdrive.fr/image.ashx?id=2867548&use=l&cat=p&typeid=i","cat":284603},{"id":13975,"n":"Salade Notre Jardin Mâche - 200g","p":1.52,"u":"7,60 €/KG","img":"https://fd13-photos.leclercdrive.fr/image.ashx?id=2718799&use=l&cat=p&typeid=i","cat":284353},{"id":13977,"n":"Salade Notre Jardin Coeurs de laitue - 320g","p":1.58,"u":"4,94 €/KG","img":"https://fd13-photos.leclercdrive.fr/image.ashx?id=1678616&use=l&cat=p&typeid=i","cat":284353},{"id":13987,"n":"Bande cohésive Primoplast 2.5m x 6cm","p":2.75,"img":"https://fd13-photos.leclercdrive.fr/image.ashx?id=2955677&use=l&cat=p&typeid=i","cat":284630},{"id":13992,"n":"Recharge savon mains Manava Gel lavande - 250ml","p":0.69,"u":"2,76 €/L","img":"https://fd13-photos.leclercdrive.fr/image.ashx?id=2333766&use=l&cat=p&typeid=i","cat":284597},{"id":13998,"n":"Pâte feuilletée Eco+ A dérouler - 230g","p":0.53,"u":"2,30 €/KG","img":"https://fd13-photos.leclercdrive.fr/image.ashx?id=2794178&use=l&cat=p&typeid=i","cat":333681},{"id":14007,"n":"Jambon de Bayonne IGP NRT 4 Grandes Tranches - 120g","p":3.63,"u":"30,25 €/KG","img":"https://fd13-photos.leclercdrive.fr/image.ashx?id=2670428&use=l&cat=p&typeid=i","cat":316007},{"id":14018,"n":"Chocolat Pâtissier Tablette dOr Noir corsé - 64% cacao - 200g","p":2.09,"u":"10,45 €/KG","img":"https://fd13-photos.leclercdrive.fr/image.ashx?id=2049226&use=l&cat=p&typeid=i","cat":285562},{"id":14023,"n":"Rasoir Carré Homme 3 lames - x1","p":3.99,"img":"https://fd13-photos.leclercdrive.fr/image.ashx?id=2704618&use=l&cat=p&typeid=i","cat":284616},{"id":14027,"n":"Lingettes Hygiène intime Doulys x20","p":1.8,"img":"https://fd13-photos.leclercdrive.fr/image.ashx?id=1760077&use=l&cat=p&typeid=i","cat":284627},{"id":14033,"n":"Crochets anti-mites Insectivor Cèdre 2x3ml","p":1.99,"u":"331,67 €/L","img":"https://fd13-photos.leclercdrive.fr/image.ashx?id=2849575&use=l&cat=p&typeid=i","cat":298368},{"id":14038,"n":"Cassoulet au confit canard NRT - 420g","p":2.75,"u":"6,55 €/KG","img":"https://fd13-photos.leclercdrive.fr/image.ashx?id=2723222&use=l&cat=p&typeid=i","cat":284440},{"id":14046,"n":"Calvados pays d'auge NRT  40%vol. - 70cl","p":22.99,"u":"32,84 €/L","img":"https://fd13-photos.leclercdrive.fr/image.ashx?id=1647892&use=l&cat=p&typeid=i","cat":286032},{"id":14050,"n":"Rhum blanc Réunion 49%vol NRT 1L","p":14.62,"u":"14,62 €/L","img":"https://fd13-photos.leclercdrive.fr/image.ashx?id=1208791&use=l&cat=p&typeid=i","cat":284550},{"id":14051,"n":"Confiture extra bio Bio Village Myrtilles - 370g","p":2.29,"u":"6,19 €/KG","img":"https://fd13-photos.leclercdrive.fr/image.ashx?id=2965620&use=l&cat=p&typeid=i","cat":284480},{"id":14061,"n":"Confiture poires williams NRT De la Valée du Rhône - 315g","p":2.83,"u":"8,98 €/KG","img":"https://fd13-photos.leclercdrive.fr/image.ashx?id=2699792&use=l&cat=p&typeid=i","cat":284480},{"id":14063,"n":"Préparation NRT Agrumes de Corse - 315g","p":2.82,"u":"8,95 €/KG","img":"https://fd13-photos.leclercdrive.fr/image.ashx?id=779352&use=l&cat=p&typeid=i","cat":284480},{"id":14064,"n":"Préparation NRT Abricots d'Occitanie - 315g","p":2.87,"u":"9,11 €/KG","img":"https://fd13-photos.leclercdrive.fr/image.ashx?id=2590466&use=l&cat=p&typeid=i","cat":284480},{"id":14068,"n":"Miel Nid d'Abeille A tartiner - 500 g","p":3.19,"u":"6,38 €/KG","img":"https://fd13-photos.leclercdrive.fr/image.ashx?id=2520834&use=l&cat=p&typeid=i","cat":287643},{"id":14075,"n":"Lait de coco Tables du monde 400ml","p":1.52,"u":"3,80 €/L","img":"https://fd13-photos.leclercdrive.fr/image.ashx?id=1960758&use=l&cat=p&typeid=i","cat":288992},{"id":14076,"n":"Fromage Mimolette Vieille NRT En dés - 150g","p":2.99,"u":"19,93 €/KG","img":"https://fd13-photos.leclercdrive.fr/image.ashx?id=2934826&use=l&cat=p&typeid=i","cat":314027},{"id":14081,"n":"Ratatouille Bio Village Bio A la provençale - 650g","p":2.35,"u":"3,62 €/KG","img":"https://fd13-photos.leclercdrive.fr/image.ashx?id=2762513&use=l&cat=p&typeid=i","cat":312612},{"id":14082,"n":"Miel de fleurs bio Bio Village 500g","p":4.99,"u":"9,98 €/KG","img":"https://fd13-photos.leclercdrive.fr/image.ashx?id=751557&use=l&cat=p&typeid=i","cat":287643},{"id":14087,"n":"Quenelles de veau Coté Table Sauce financière 400g","p":1.85,"u":"4,63 €/KG","img":"https://fd13-photos.leclercdrive.fr/image.ashx?id=2977864&use=l&cat=p&typeid=i","cat":284441},{"id":14088,"n":"Garnit bouchée reine Coté Table 400g","p":1.79,"u":"4,48 €/KG","img":"https://fd13-photos.leclercdrive.fr/image.ashx?id=2977150&use=l&cat=p&typeid=i","cat":284441},{"id":14090,"n":"Aïoli de méditerranée NRT 90g","p":1.95,"u":"21,67 €/KG","img":"https://fd13-photos.leclercdrive.fr/image.ashx?id=2489143&use=l&cat=p&typeid=i","cat":284382},{"id":14094,"n":"Confiture pêches de vigne NRT De la Valée du Rhône - 315g","p":3.03,"u":"9,62 €/KG","img":"https://fd13-photos.leclercdrive.fr/image.ashx?id=2657286&use=l&cat=p&typeid=i","cat":284480},{"id":14099,"n":"Spray nettoyant Eco+ avec Javel 750ml","p":0.87,"u":"1,16 €/L","img":"https://fd13-photos.leclercdrive.fr/image.ashx?id=2837003&use=l&cat=p&typeid=i","cat":325357},{"id":14104,"n":"Gâteau breton fourré NRT Pruneaux - 400g","p":4.49,"u":"11,23 €/KG","img":"https://fd13-photos.leclercdrive.fr/image.ashx?id=2622305&use=l&cat=p&typeid=i","cat":293600},{"id":14107,"n":"Tielles sétoises NRT x2 - 220g","p":2.93,"u":"13,32 €/KG","img":"https://fd13-photos.leclercdrive.fr/image.ashx?id=2247325&use=l&cat=p&typeid=i","cat":285340},{"id":14111,"n":"Houmous Tables du Monde 200g","p":1.43,"u":"7,15 €/KG","img":"https://fd13-photos.leclercdrive.fr/image.ashx?id=2872258&use=l&cat=p&typeid=i","cat":315999},{"id":14114,"n":"Brosse à dents Dentamyl Médium x4","p":0.99,"u":"0,25 €/P","img":"https://fd13-photos.leclercdrive.fr/image.ashx?id=2790922&use=l&cat=p&typeid=i","cat":284614},{"id":14118,"n":"Carottes râpées Eco+ Assaisonnées - 500g","p":0.84,"u":"1,68 €/KG","img":"https://fd13-photos.leclercdrive.fr/image.ashx?id=2042397&use=l&cat=p&typeid=i","cat":333657},{"id":14122,"n":"Bâtonnets crâbe Eco+ x24 - 400g","p":1.25,"u":"3,13 €/KG","img":"https://fd13-photos.leclercdrive.fr/image.ashx?id=2865239&use=l&cat=p&typeid=i","cat":285189},{"id":14124,"n":"Rosette pur porc Eco+ 12 tranches - 150g","p":1.24,"u":"8,27 €/KG","img":"https://fd13-photos.leclercdrive.fr/image.ashx?id=2728222&use=l&cat=p&typeid=i","cat":316007},{"id":14131,"n":"Désodorisant Visior Lave-vaisselle Citron - x2","p":1.29,"u":"0,65 €/P","img":"https://fd13-photos.leclercdrive.fr/image.ashx?id=2951119&use=l&cat=p&typeid=i","cat":284657},{"id":14132,"n":"Bloc wc javel Syphon 2x40g","p":1.46,"u":"18,25 €/KG","img":"https://fd13-photos.leclercdrive.fr/image.ashx?id=2302540&use=l&cat=p&typeid=i","cat":284662},{"id":14140,"n":"Savon extra-doux Manava Douceur d'amande 6x100g","p":3.16,"u":"5,27 €/KG","img":"https://fd13-photos.leclercdrive.fr/image.ashx?id=2331312&use=l&cat=p&typeid=i","cat":284597},{"id":14144,"n":"Lingettes bébé Mots d'Enfants Débarbouillantes - x40","p":1.47,"u":"0,04 €/P","img":"https://fd13-photos.leclercdrive.fr/image.ashx?id=2856471&use=l&cat=p&typeid=i","cat":284738},{"id":14158,"n":"Fromage Mystère du Prieuré Lait pasteurisé - 340g","p":2.65,"u":"7,79 €/KG","img":"https://fd13-photos.leclercdrive.fr/image.ashx?id=2804172&use=l&cat=p&typeid=i","cat":329184},{"id":14167,"n":"Brosse à dents Dentamyl Extra souple x1","p":0.85,"img":"https://fd13-photos.leclercdrive.fr/image.ashx?id=2790925&use=l&cat=p&typeid=i","cat":284614},{"id":14170,"n":"Nettoyant lave-vaisselle Visior 250ml","p":2.65,"u":"10,60 €/L","img":"https://fd13-photos.leclercdrive.fr/image.ashx?id=776479&use=l&cat=p&typeid=i","cat":284657},{"id":14190,"n":"Savon mains en crème Manava nourrissante à l'amande - 300ml","p":0.9,"u":"3,00 €/L","img":"https://fd13-photos.leclercdrive.fr/image.ashx?id=2935471&use=l&cat=p&typeid=i","cat":284597},{"id":14196,"n":"Après-shampooing Vitanove Réparateur - 200ml","p":1.43,"u":"7,15 €/L","img":"https://fd13-photos.leclercdrive.fr/image.ashx?id=2618311&use=l&cat=p&typeid=i","cat":284607},{"id":14201,"n":"Filets de Morue Ronde des Mers Prêt à cuisiner 400g","p":7.99,"u":"19,98 €/KG","img":"https://fd13-photos.leclercdrive.fr/image.ashx?id=2694221&use=l&cat=p&typeid=i","cat":284342},{"id":14211,"n":"Lotion après-rasage Carré Homme Boisée tonifiant 100ml","p":2.61,"u":"26,10 €/L","img":"https://fd13-photos.leclercdrive.fr/image.ashx?id=2854222&use=l&cat=p&typeid=i","cat":288147},{"id":14212,"n":"Lotion après-rasage Carré Homme Marine tonifiant 100ml","p":2.61,"u":"26,10 €/L","img":"https://fd13-photos.leclercdrive.fr/image.ashx?id=2854219&use=l&cat=p&typeid=i","cat":288147},{"id":14217,"n":"Crème pieds Primoplast Nutri-réparatrice - 75ml","p":1.49,"u":"19,87 €/L","img":"https://fd13-photos.leclercdrive.fr/image.ashx?id=2832930&use=l&cat=p&typeid=i","cat":325354},{"id":14218,"n":"Dentifrice enfant Dentamyl Bubble gum - 3 à 6 ans - 50ml","p":0.89,"u":"17,80 €/L","img":"https://fd13-photos.leclercdrive.fr/image.ashx?id=2075185&use=l&cat=p&typeid=i","cat":288898},{"id":14219,"n":"Dentifrice enfant Dentamyl Menthe - 7 à 13 ans - 75ml","p":0.74,"u":"9,87 €/L","img":"https://fd13-photos.leclercdrive.fr/image.ashx?id=2489113&use=l&cat=p&typeid=i","cat":288898},{"id":14224,"n":"Gel wc Syphon surpuissant 750ml","p":1.07,"u":"1,43 €/L","img":"https://fd13-photos.leclercdrive.fr/image.ashx?id=2558790&use=l&cat=p&typeid=i","cat":284662},{"id":14243,"n":"Pain de mie nature Epi d'Or Grandes tranches - 825g","p":1.59,"u":"1,93 €/KG","img":"https://fd13-photos.leclercdrive.fr/image.ashx?id=2320713&use=l&cat=p&typeid=i","cat":284477},{"id":14258,"n":"Ravioles de la Drôme NRT Chèvre - 240g","p":3.39,"u":"14,13 €/KG","img":"https://fd13-photos.leclercdrive.fr/image.ashx?id=1671271&use=l&cat=p&typeid=i","cat":333682},{"id":14259,"n":"Ravioles de la Drôme NRT Basilic - 240g","p":3.39,"u":"14,13 €/KG","img":"https://fd13-photos.leclercdrive.fr/image.ashx?id=2523730&use=l&cat=p&typeid=i","cat":333682},{"id":14260,"n":"Crottin Chavignol NRT AOP  Fromage de chèvre - 2x60g","p":3.75,"u":"31,25 €/KG","img":"https://fd13-photos.leclercdrive.fr/image.ashx?id=2519432&use=l&cat=p&typeid=i","cat":314031},{"id":14271,"n":"Crème de marrons NRT De l'Ardèche - 325g","p":3.03,"u":"9,32 €/KG","img":"https://fd13-photos.leclercdrive.fr/image.ashx?id=1173619&use=l&cat=p&typeid=i","cat":284481},{"id":14273,"n":"Fromage Pont-l'Evêque AOP  Nos Régions ont du Talent 220g","p":2.65,"u":"12,05 €/KG","img":"https://fd13-photos.leclercdrive.fr/image.ashx?id=2356344&use=l&cat=p&typeid=i","cat":329558},{"id":14276,"n":"Cassoulet au confit canard NRT - 840g","p":4.99,"u":"5,94 €/KG","img":"https://fd13-photos.leclercdrive.fr/image.ashx?id=2723213&use=l&cat=p&typeid=i","cat":284440},{"id":14280,"n":"Bûche Sainte Maure Touraine NRT AOP - Fromage de chèvre - 250g","p":5.07,"u":"20,28 €/KG","img":"https://fd13-photos.leclercdrive.fr/image.ashx?id=2422608&use=l&cat=p&typeid=i","cat":314031},{"id":14285,"n":"Fromage Emmental Eco+ Râpé - 200g","p":1.5,"u":"7,50 €/KG","img":"https://fd13-photos.leclercdrive.fr/image.ashx?id=2387301&use=l&cat=p&typeid=i","cat":314035},{"id":14292,"n":"Eau aromatisée Volvic Zest  Citron - 1,5L","p":1.07,"u":"0,71 €/L","img":"https://fd13-photos.leclercdrive.fr/image.ashx?id=2730253&use=l&cat=p&typeid=i","cat":284537},{"id":14293,"n":"Eau aromatisée Volvic Zest Citron - 6x50cl","p":3.36,"u":"1,12 €/L","img":"https://fd13-photos.leclercdrive.fr/image.ashx?id=2730256&use=l&cat=p&typeid=i","cat":284537},{"id":14311,"n":"IGT Lambrusco vin italien Vilaveroni Secco rouge - 75cl","p":3.8,"u":"5,07 €/L","img":"https://fd13-photos.leclercdrive.fr/image.ashx?id=2333018&use=l&cat=p&typeid=i","cat":289556},{"id":14327,"n":"Poêlée Côté Table Franc-Comtoise - 900g","p":4.19,"u":"4,66 €/KG","img":"https://fd13-photos.leclercdrive.fr/image.ashx?id=2048440&use=l&cat=p&typeid=i","cat":319823},{"id":14330,"n":"Poêlée de légumes Notre Jardin Légumes grillés - 750g","p":3.11,"u":"4,15 €/KG","img":"https://fd13-photos.leclercdrive.fr/image.ashx?id=2771369&use=l&cat=p&typeid=i","cat":319823},{"id":14334,"n":"Ratatouille Notre Jardin Cuisinée 750g","p":2.85,"u":"3,80 €/KG","img":"https://fd13-photos.leclercdrive.fr/image.ashx?id=2328959&use=l&cat=p&typeid=i","cat":319823},{"id":14336,"n":"Pavé saumon Pêche Océan ASC Atlantique -  500g","p":11.19,"u":"22,38 €/KG","img":"https://fd13-photos.leclercdrive.fr/image.ashx?id=2953728&use=l&cat=p&typeid=i","cat":319786},{"id":14344,"n":"Pain de mie Nature Harrys Longue conservation - 550g","p":2.07,"u":"3,76 €/KG","img":"https://fd13-photos.leclercdrive.fr/image.ashx?id=2518109&use=l&cat=p&typeid=i","cat":284477},{"id":14358,"n":"Spécialité au soja Nat & Vie Fruits rouges - 4x100g","p":1.29,"u":"3,23 €/KG","img":"https://fd13-photos.leclercdrive.fr/image.ashx?id=2901440&use=l&cat=p&typeid=i","cat":316071},{"id":14359,"n":"Change complet Chorys Taille L - x20","p":10.7,"u":"0,54 €/P","img":"https://fd13-photos.leclercdrive.fr/image.ashx?id=2946163&use=l&cat=p&typeid=i","cat":284628},{"id":14360,"n":"Yaourts à boire Délisse Petits Délis fruits - 8x100g","p":3.2,"u":"4,00 €/KG","img":"https://fd13-photos.leclercdrive.fr/image.ashx?id=2754886&use=l&cat=p&typeid=i","cat":284415},{"id":14371,"n":"Mousse à la crème Duodélisse Nature - 4x100g","p":1.49,"u":"3,73 €/KG","img":"https://fd13-photos.leclercdrive.fr/image.ashx?id=2387334&use=l&cat=p&typeid=i","cat":284409},{"id":14376,"n":"Dés de fromage Les Croisés Ail et fines herbes - 120g","p":1.54,"u":"12,83 €/KG","img":"https://fd13-photos.leclercdrive.fr/image.ashx?id=2741616&use=l&cat=p&typeid=i","cat":314027},{"id":14378,"n":"Dés de fromage Les Croisés Basilic ciboulette - 120g","p":1.69,"u":"14,08 €/KG","img":"https://fd13-photos.leclercdrive.fr/image.ashx?id=2741619&use=l&cat=p&typeid=i","cat":314027},{"id":14381,"n":"Palets bretons NRT 100g","p":1.83,"u":"18,30 €/KG","img":"https://fd13-photos.leclercdrive.fr/image.ashx?id=2622299&use=l&cat=p&typeid=i","cat":284487},{"id":14389,"n":"Abricots Maitre Prunille Moelleux - 250g","p":3.61,"u":"14,44 €/KG","img":"https://fd13-photos.leclercdrive.fr/image.ashx?id=1747031&use=l&cat=p&typeid=i","cat":284357},{"id":14426,"n":"Whisky Lagavulin 16ans - 43%vol. - 70cl","p":110.93,"u":"158,47 €/L","img":"https://fd13-photos.leclercdrive.fr/image.ashx?id=1868167&use=l&cat=p&typeid=i","cat":284547},{"id":14427,"n":"Pastis Ricard Anisé 45% vol - 70cl","p":15.27,"u":"21,81 €/L","img":"https://fd13-photos.leclercdrive.fr/image.ashx?id=2976776&use=l&cat=p&typeid=i","cat":284548},{"id":14428,"n":"Whisky Clan Campbell Blended Scotch 40% vol - 1L","p":22.69,"u":"22,69 €/L","img":"https://fd13-photos.leclercdrive.fr/image.ashx?id=2868921&use=l&cat=p&typeid=i","cat":284547},{"id":14429,"n":"Eau de vie Auguste Mugniot Poire Williams - 40%vol. - 50cl","p":19.99,"u":"39,98 €/L","img":"https://fd13-photos.leclercdrive.fr/image.ashx?id=857588&use=l&cat=p&typeid=i","cat":286032},{"id":14431,"n":"Rhum Lagoa 40%vol - 1L","p":13.59,"u":"13,59 €/L","img":"https://fd13-photos.leclercdrive.fr/image.ashx?id=2966481&use=l&cat=p&typeid=i","cat":284550},{"id":14434,"n":"Pastis de Marseille Vivalis 45%vol - 70cl","p":12.88,"u":"18,40 €/L","img":"https://fd13-photos.leclercdrive.fr/image.ashx?id=2590406&use=l&cat=p&typeid=i","cat":284548},{"id":14440,"n":"Bière blonde Desquiles Canette - 5.9%vol. - 50cl","p":1.35,"u":"2,70 €/L","img":"https://fd13-photos.leclercdrive.fr/image.ashx?id=2646991&use=l&cat=p&typeid=i","cat":334853},{"id":14447,"n":"Sirop Frucci Thé Pêche - 75cl","p":3.2,"u":"4,27 €/L","img":"https://fd13-photos.leclercdrive.fr/image.ashx?id=764952&use=l&cat=p&typeid=i","cat":295020},{"id":14451,"n":"Sirop Frucci Menthe - 1L","p":2.46,"u":"2,46 €/L","img":"https://fd13-photos.leclercdrive.fr/image.ashx?id=2954067&use=l&cat=p&typeid=i","cat":295020},{"id":14458,"n":"Biscuits tablette Eco+ Chocolat au lait - 150g","p":0.98,"u":"6,53 €/KG","img":"https://fd13-photos.leclercdrive.fr/image.ashx?id=2682750&use=l&cat=p&typeid=i","cat":284488},{"id":14494,"n":"Coquilles Saint-Jacques Tipiak À la bretonne - 4x90g","p":6.59,"u":"18,31 €/KG","img":"https://fd13-photos.leclercdrive.fr/image.ashx?id=2559754&use=l&cat=p&typeid=i","cat":319775},{"id":14512,"n":"Sachets glaçons Elembal x15","p":0.8,"img":"https://fd13-photos.leclercdrive.fr/image.ashx?id=2671810&use=l&cat=p&typeid=i","cat":334134},{"id":14536,"n":"Escalope Fine Dinde LR x2  IGP Volailles du Maine  - 240g","p":5.46,"u":"22,75 €/KG","img":"https://fd13-photos.leclercdrive.fr/image.ashx?id=2250567&use=l&cat=p&typeid=i","cat":284337},{"id":14543,"n":"Serviettes papier Homeside Double épaisseur 33x33cm - x100","p":2.29,"img":"https://fd13-photos.leclercdrive.fr/image.ashx?id=1659678&use=l&cat=p&typeid=i","cat":334134},{"id":14544,"n":"Serviettes papier Homeside Triple épaisseur 40x40 x50","p":2.99,"u":"0,06 €/P","img":"https://fd13-photos.leclercdrive.fr/image.ashx?id=1659681&use=l&cat=p&typeid=i","cat":334134},{"id":14563,"n":"Serviettes Eco+ papier blanc x200","p":1.23,"u":"0,01 €/P","img":"https://fd13-photos.leclercdrive.fr/image.ashx?id=1413111&use=l&cat=p&typeid=i","cat":334134},{"id":14570,"n":"Nappe Eco+ papier blanche 25m","p":4.77,"u":"0,19 €/MT","img":"https://fd13-photos.leclercdrive.fr/image.ashx?id=1300431&use=l&cat=p&typeid=i","cat":334134},{"id":14575,"n":"Serviette incontinence Chorys Mini - x20","p":1.99,"u":"0,10 €/P","img":"https://fd13-photos.leclercdrive.fr/image.ashx?id=2448409&use=l&cat=p&typeid=i","cat":284628},{"id":14582,"n":"Bandes de cire froide Siliss Corps - Peaux sensibles - x40","p":2.21,"u":"0,06 €/P","img":"https://fd13-photos.leclercdrive.fr/image.ashx?id=2699426&use=l&cat=p&typeid=i","cat":325351},{"id":14625,"n":"Boisson énergétique Powerade Ice storm - 50cl","p":1.05,"u":"2,10 €/L","img":"https://fd13-photos.leclercdrive.fr/image.ashx?id=2970756&use=l&cat=p&typeid=i","cat":284533},{"id":14626,"n":"Boisson aux fruits Oasis Saveur Pêche Abricot - 2L","p":2.35,"u":"1,18 €/L","img":"https://fd13-photos.leclercdrive.fr/image.ashx?id=2688635&use=l&cat=p&typeid=i","cat":295018},{"id":14636,"n":"Soda Jean's Cola Zéro Canette - 6x33cl","p":1.98,"u":"1,00 €/L","img":"https://fd13-photos.leclercdrive.fr/image.ashx?id=2346165&use=l&cat=p&typeid=i","cat":284530},{"id":14637,"n":"Biscuits P'tit Déli ronds Chocolat noir 200g","p":1.34,"u":"6,70 €/KG","img":"https://fd13-photos.leclercdrive.fr/image.ashx?id=2884207&use=l&cat=p&typeid=i","cat":284488},{"id":14654,"n":"Soupe liquide Liebig  Potiron - Brique 1L","p":2.81,"u":"2,81 €/L","img":"https://fd13-photos.leclercdrive.fr/image.ashx?id=2785355&use=l&cat=p&typeid=i","cat":284462},{"id":14661,"n":"Lingettes Hygiène Intime Usage Quotidien Intima Hamamélis x20","p":2.1,"u":"0,11 €/P","img":"https://fd13-photos.leclercdrive.fr/image.ashx?id=2886675&use=l&cat=p&typeid=i","cat":284627},{"id":14675,"n":"boisson végétale lait d'amande  bio bjorg intense - 1L","p":2.82,"u":"2,82 €/L","img":"https://fd13-photos.leclercdrive.fr/image.ashx?id=2970918&use=l&cat=p&typeid=i","cat":316067},{"id":14680,"n":"Céréales muesli vitaminé fruits bjorg bio 750g","p":3.99,"u":"5,32 €/KG","img":"https://fd13-photos.leclercdrive.fr/image.ashx?id=2906160&use=l&cat=p&typeid=i","cat":309512},{"id":14688,"n":"Biscuits Bjorg Fourrés Chocolat lait bio 225g","p":2.94,"u":"13,07 €/KG","img":"https://fd13-photos.leclercdrive.fr/image.ashx?id=2970927&use=l&cat=p&typeid=i","cat":284488},{"id":14691,"n":"Chocolat Alter Eco Noir Absolu Pérou 85% cacao bio - 100g","p":2.77,"u":"27,70 €/KG","img":"https://fd13-photos.leclercdrive.fr/image.ashx?id=2906535&use=l&cat=p&typeid=i","cat":284956},{"id":14693,"n":"chocolat noir  eclats d'amandes alter eco bio - 100g","p":2.53,"u":"25,30 €/KG","img":"https://fd13-photos.leclercdrive.fr/image.ashx?id=2906529&use=l&cat=p&typeid=i","cat":284956},{"id":14694,"n":"Chocolat lait Bio Alter Eco Noisettes Max Havelaar - 100g","p":2.58,"u":"25,80 €/KG","img":"https://fd13-photos.leclercdrive.fr/image.ashx?id=2967292&use=l&cat=p&typeid=i","cat":284497},{"id":14713,"n":"Rasoirs jetables Bic Twin Lady x8","p":1.54,"u":"0,19 €/P","img":"https://fd13-photos.leclercdrive.fr/image.ashx?id=2887569&use=l&cat=p&typeid=i","cat":325352},{"id":14764,"n":"Piles TechPlus Foxter AAA/LR3 - x4","p":1.99,"img":"https://fd13-photos.leclercdrive.fr/image.ashx?id=2162162&use=l&cat=p&typeid=i","cat":300572},{"id":14765,"n":"Pile alcaline Tech+ Foxter 9V/6LP3146","p":2.49,"img":"https://fd13-photos.leclercdrive.fr/image.ashx?id=2162180&use=l&cat=p&typeid=i","cat":300572},{"id":14769,"n":"Piles alcalines Tech+  Foxter D/LR20 - x2","p":2.39,"u":"1,20 €/P","img":"https://fd13-photos.leclercdrive.fr/image.ashx?id=2162186&use=l&cat=p&typeid=i","cat":300572},{"id":14827,"n":"Bloc notes adhésif Esquisse  76mmx76mm - 2x100","p":1.25,"img":"https://fd13-photos.leclercdrive.fr/image.ashx?id=1678694&use=l&cat=p&typeid=i","cat":334133},{"id":14836,"n":"Crayon à papier HB  Eco+ + gomme - x4","p":0.19,"u":"0,05 €/P","img":"https://fd13-photos.leclercdrive.fr/image.ashx?id=1699678&use=l&cat=p&typeid=i","cat":284696},{"id":14837,"n":"Stylos bille assortis Eco+ x4","p":0.25,"img":"https://fd13-photos.leclercdrive.fr/image.ashx?id=1699675&use=l&cat=p&typeid=i","cat":284696},{"id":14846,"n":"Cartouches d'encre Eco+ Bleu Courtes - x30","p":0.57,"u":"0,02 €/P","img":"https://fd13-photos.leclercdrive.fr/image.ashx?id=1699681&use=l&cat=p&typeid=i","cat":284696},{"id":14854,"n":"Crayons de couleur Eco+ x12","p":0.37,"img":"https://fd13-photos.leclercdrive.fr/image.ashx?id=1929756&use=l&cat=p&typeid=i","cat":284696},{"id":14873,"n":"Pastilles javel La Croix x40","p":1.85,"u":"13,81 €/KG","img":"https://fd13-photos.leclercdrive.fr/image.ashx?id=2679693&use=l&cat=p&typeid=i","cat":284661},{"id":14880,"n":"Compote Charles & Alice Pommes Mangues - 4x100g","p":1.44,"u":"3,60 €/KG","img":"https://fd13-photos.leclercdrive.fr/image.ashx?id=2757347&use=l&cat=p&typeid=i","cat":284416},{"id":14887,"n":"Compote Charles & Alice Pommes - 4x100g","p":1.46,"u":"3,65 €/KG","img":"https://fd13-photos.leclercdrive.fr/image.ashx?id=2757677&use=l&cat=p&typeid=i","cat":284416},{"id":14888,"n":"Compote Charles & Alice Pommes Poires - 4x100g","p":1.45,"u":"3,63 €/KG","img":"https://fd13-photos.leclercdrive.fr/image.ashx?id=2936902&use=l&cat=p&typeid=i","cat":284416},{"id":14901,"n":"Mozzarella di Buffala AOP Les Croisés - 125g","p":1.65,"u":"13,20 €/KG","img":"https://fd13-photos.leclercdrive.fr/image.ashx?id=2146137&use=l&cat=p&typeid=i","cat":314026},{"id":14904,"n":"Fromage frais nature Bio Bio village - 3.5% MG - 500g","p":1.75,"u":"3,50 €/KG","img":"https://fd13-photos.leclercdrive.fr/image.ashx?id=2839944&use=l&cat=p&typeid=i","cat":284409},{"id":14911,"n":"Bloc WC cuvette Harpic  Eau Bleue - x2","p":1.33,"u":"17,50 €/KG","img":"https://fd13-photos.leclercdrive.fr/image.ashx?id=2264743&use=l&cat=p&typeid=i","cat":284662},{"id":14918,"n":"Dessert fruitier framboise Douceur du Verger s/sucre 4x97g","p":1.49,"u":"3,84 €/KG","img":"https://fd13-photos.leclercdrive.fr/image.ashx?id=3009785&use=l&cat=p&typeid=i","cat":284416},{"id":14919,"n":"Compote Douceur du Verger Pomme Abricot - 4x97g","p":1.23,"u":"3,17 €/KG","img":"https://fd13-photos.leclercdrive.fr/image.ashx?id=2406396&use=l&cat=p&typeid=i","cat":284416},{"id":14923,"n":"Brocolis fleurettes Bio Village Bio - 600g","p":2.21,"u":"3,68 €/KG","img":"https://fd13-photos.leclercdrive.fr/image.ashx?id=2891788&use=l&cat=p&typeid=i","cat":319805},{"id":14924,"n":"Lasagnes chèvre épinards Côté Table - 500g","p":2.95,"u":"5,90 €/KG","img":"https://fd13-photos.leclercdrive.fr/image.ashx?id=1408097&use=l&cat=p&typeid=i","cat":284254},{"id":14931,"n":"Rhum blanc Old Nick 40%vol - 1L","p":14.94,"u":"14,94 €/L","img":"https://fd13-photos.leclercdrive.fr/image.ashx?id=2483750&use=l&cat=p&typeid=i","cat":284550},{"id":14932,"n":"Rhum blanc Saint James 40% vol - 70cl","p":11.78,"u":"16,83 €/L","img":"https://fd13-photos.leclercdrive.fr/image.ashx?id=2970948&use=l&cat=p&typeid=i","cat":284550},{"id":14934,"n":"Gin Gibson 37.5%vol - 70cl","p":11.65,"u":"16,64 €/L","img":"https://fd13-photos.leclercdrive.fr/image.ashx?id=2755396&use=l&cat=p&typeid=i","cat":284550},{"id":14938,"n":"Anis gras Floranis 45%vol - 70cl","p":14.51,"u":"20,73 €/L","img":"https://fd13-photos.leclercdrive.fr/image.ashx?id=2282550&use=l&cat=p&typeid=i","cat":284548},{"id":14945,"n":"Whisky Johnnie Walker Red Blended Scotch 40%vol - 70cl","p":16.37,"u":"23,39 €/L","img":"https://fd13-photos.leclercdrive.fr/image.ashx?id=2457446&use=l&cat=p&typeid=i","cat":284547},{"id":14965,"n":"Bas-armagnac AOC 40%vol. - 50cl","p":19.84,"u":"39,68 €/L","img":"https://fd13-photos.leclercdrive.fr/image.ashx?id=2663305&use=l&cat=p&typeid=i","cat":286032},{"id":14976,"n":"Vodka Novotna  Pure grain 37.5%vol - 1,5L","p":22.07,"u":"14,71 €/L","img":"https://fd13-photos.leclercdrive.fr/image.ashx?id=784852&use=l&cat=p&typeid=i","cat":284550},{"id":14978,"n":"Liqueur de whisky Baird's Irish cream 17%vol. - 70cl","p":6.69,"u":"9,56 €/L","img":"https://fd13-photos.leclercdrive.fr/image.ashx?id=1654895&use=l&cat=p&typeid=i","cat":286032},{"id":14982,"n":"Cocktail Punch coco Lagoa 15%vol - 70cl","p":4.99,"u":"7,13 €/L","img":"https://fd13-photos.leclercdrive.fr/image.ashx?id=2958308&use=l&cat=p&typeid=i","cat":284551},{"id":14984,"n":"Guignolet Auguste Mugniot Kirsch - 15%vol. - 1L","p":7.12,"u":"7,12 €/L","img":"https://fd13-photos.leclercdrive.fr/image.ashx?id=745118&use=l&cat=p&typeid=i","cat":286032},{"id":14985,"n":"Liqueur de gentiane Boliane 15%vol. 1L","p":4.42,"u":"4,42 €/L","img":"https://fd13-photos.leclercdrive.fr/image.ashx?id=2081669&use=l&cat=p&typeid=i","cat":284913},{"id":14987,"n":"Scotch Whisky Baird's 40%vol - 1,5L","p":22.93,"u":"15,29 €/L","img":"https://fd13-photos.leclercdrive.fr/image.ashx?id=2913660&use=l&cat=p&typeid=i","cat":284547},{"id":14993,"n":"Bière blonde Leffe Rituel 9% - 6x25cl","p":5.77,"u":"3,85 €/L","img":"https://fd13-photos.leclercdrive.fr/image.ashx?id=2548285&use=l&cat=p&typeid=i","cat":334852},{"id":15007,"n":"Protège-slips Doulys Ultra-mince Normal Plié - x30","p":1.19,"u":"0,04 €/P","img":"https://fd13-photos.leclercdrive.fr/image.ashx?id=2691087&use=l&cat=p&typeid=i","cat":284625},{"id":15016,"n":"AOP Crémant d'Alsace Wolfberger Brut - 75cl","p":7.58,"u":"10,11 €/L","img":"https://fd13-photos.leclercdrive.fr/image.ashx?id=2323502&use=l&cat=p&typeid=i","cat":284544},{"id":15022,"n":"Jus de pamplemousse rose Bio Bio Village - 1L","p":3.82,"u":"3,82 €/L","img":"https://fd13-photos.leclercdrive.fr/image.ashx?id=2901524&use=l&cat=p&typeid=i","cat":284914},{"id":15025,"n":"Nectar Jafaden Pomme kiwi - 1L","p":2.35,"u":"2,35 €/L","img":"https://fd13-photos.leclercdrive.fr/image.ashx?id=2895771&use=l&cat=p&typeid=i","cat":284915},{"id":15036,"n":"Huile sèche corps bio Bio Naïa Spray - 100ml","p":4.59,"u":"45,90 €/L","img":"https://fd13-photos.leclercdrive.fr/image.ashx?id=2610196&use=l&cat=p&typeid=i","cat":325349},{"id":15039,"n":"Crème visage bio Bio Naïa Hydratante 50ml","p":1.99,"u":"39,80 €/L","img":"https://fd13-photos.leclercdrive.fr/image.ashx?id=1729317&use=l&cat=p&typeid=i","cat":325345},{"id":15048,"n":"Pain précuit Bio Village Demi-baguette x2 - 250g","p":2.29,"u":"9,16 €/KG","img":"https://fd13-photos.leclercdrive.fr/image.ashx?id=2375458&use=l&cat=p&typeid=i","cat":325069},{"id":15053,"n":"Déodorant Manava Grenade - 200ml","p":1.39,"u":"6,95 €/L","img":"https://fd13-photos.leclercdrive.fr/image.ashx?id=1848058&use=l&cat=p&typeid=i","cat":284595},{"id":15058,"n":"Biscuits tablettes Bio Village Bio Chocolat au lait 150g","p":2.38,"u":"15,87 €/KG","img":"https://fd13-photos.leclercdrive.fr/image.ashx?id=2650819&use=l&cat=p&typeid=i","cat":284488},{"id":15059,"n":"Gaufrettes P'tit Déli Praliné chocolat au lait - 175g","p":1.85,"u":"10,57 €/KG","img":"https://fd13-photos.leclercdrive.fr/image.ashx?id=2817157&use=l&cat=p&typeid=i","cat":284488},{"id":15060,"n":"Biscuits tablettes Bio Village Bio Chocolat noir 150g","p":2.39,"u":"15,93 €/KG","img":"https://fd13-photos.leclercdrive.fr/image.ashx?id=2708943&use=l&cat=p&typeid=i","cat":284488},{"id":15095,"n":"Boisson végétale Noisette Bio  Bjorg- 1L","p":2.61,"u":"2,61 €/L","img":"https://fd13-photos.leclercdrive.fr/image.ashx?id=2972970&use=l&cat=p&typeid=i","cat":316067},{"id":15130,"n":"Gâteaux fourrés P'tit Déli Abricot x7 - 196g","p":2.69,"u":"13,72 €/KG","img":"https://fd13-photos.leclercdrive.fr/image.ashx?id=2046047&use=l&cat=p&typeid=i","cat":284495},{"id":15145,"n":"Champignons Tables du Monde Noirs déshydratés 25g","p":2.49,"u":"99,60 €/KG","img":"https://fd13-photos.leclercdrive.fr/image.ashx?id=2920166&use=l&cat=p&typeid=i","cat":288992},{"id":15149,"n":"Petit Beurre P'tit Déli Pépites chocolat x24 200g","p":1.87,"u":"9,35 €/KG","img":"https://fd13-photos.leclercdrive.fr/image.ashx?id=2072060&use=l&cat=p&typeid=i","cat":284487},{"id":15159,"n":"Fécule de maïs Tablier Blanc 400g","p":1.19,"u":"2,98 €/KG","img":"https://fd13-photos.leclercdrive.fr/image.ashx?id=2487443&use=l&cat=p&typeid=i","cat":288382},{"id":15163,"n":"Sablés fourrés P'tit Déli Noisette 125g","p":1.92,"u":"15,36 €/KG","img":"https://fd13-photos.leclercdrive.fr/image.ashx?id=2426770&use=l&cat=p&typeid=i","cat":284487},{"id":15181,"n":"Boisson aux fruits Oasis Saveur Fraise Framboise - 2L","p":2.44,"u":"1,22 €/L","img":"https://fd13-photos.leclercdrive.fr/image.ashx?id=2677819&use=l&cat=p&typeid=i","cat":295018},{"id":15256,"n":"Barre chocolat au lait Lion x6 barres - 252g","p":2.49,"u":"9,88 €/KG","img":"https://fd13-photos.leclercdrive.fr/image.ashx?id=2736991&use=l&cat=p&typeid=i","cat":284498},{"id":15288,"n":"Mouchoirs blancs 4 plis Caresse Mini étuis x15","p":1.16,"u":"0,08 €/P","img":"https://fd13-photos.leclercdrive.fr/image.ashx?id=2032309&use=l&cat=p&typeid=i","cat":284638},{"id":15342,"n":"Chocolat Eco+ Noir - 5x100g","p":3.78,"u":"7,56 €/KG","img":"https://fd13-photos.leclercdrive.fr/image.ashx?id=2183083&use=l&cat=p&typeid=i","cat":284956},{"id":15384,"n":"Wings party Mexicain Maître Coq 400g","p":4.83,"u":"12,08 €/KG","img":"https://fd13-photos.leclercdrive.fr/image.ashx?id=2094307&use=l&cat=p&typeid=i","cat":333685},{"id":15433,"n":"Hachés de poulet rotis  Maître Coq - 180g","p":2.59,"u":"14,39 €/KG","img":"https://fd13-photos.leclercdrive.fr/image.ashx?id=1884310&use=l&cat=p&typeid=i","cat":316010},{"id":15450,"n":"Cuisse de dinde Maître Coq Végétal x1 - 650g","p":5.07,"u":"7,80 €/KG","img":"https://fd13-photos.leclercdrive.fr/image.ashx?id=2773415&use=l&cat=p&typeid=i","cat":284337},{"id":15451,"n":"Escalope de dinde Maître Coq Fine x2 - 240g","p":3.47,"u":"14,46 €/KG","img":"https://fd13-photos.leclercdrive.fr/image.ashx?id=2770088&use=l&cat=p&typeid=i","cat":284337},{"id":15452,"n":"Escalope dinde Maître Coq 600g","p":8.02,"u":"13,37 €/KG","img":"https://fd13-photos.leclercdrive.fr/image.ashx?id=2773421&use=l&cat=p&typeid=i","cat":284337},{"id":15453,"n":"Osso bucco de dinde Maître Coq Végétal - 800g","p":5.15,"u":"6,44 €/KG","img":"https://fd13-photos.leclercdrive.fr/image.ashx?id=2773418&use=l&cat=p&typeid=i","cat":284337},{"id":15476,"n":"Eau nettoyante Mots d'Enfants Hydratante - 250ml","p":1.93,"u":"7,72 €/L","img":"https://fd13-photos.leclercdrive.fr/image.ashx?id=3015048&use=l&cat=p&typeid=i","cat":284741},{"id":15513,"n":"Gâteau cacao Oreo Lu Rouleaux Vanille - 154g","p":1.05,"u":"6,82 €/KG","img":"https://fd13-photos.leclercdrive.fr/image.ashx?id=3002282&use=l&cat=p&typeid=i","cat":284488},{"id":15525,"n":"Mini gâches briochettes NRT Chocolat noir x8 - 360g","p":2.79,"u":"7,75 €/KG","img":"https://fd13-photos.leclercdrive.fr/image.ashx?id=2670440&use=l&cat=p&typeid=i","cat":284478},{"id":15544,"n":"Crackers Tokapi  Fromage et graines - 65g","p":1.34,"u":"20,62 €/KG","img":"https://fd13-photos.leclercdrive.fr/image.ashx?id=2075247&use=l&cat=p&typeid=i","cat":297000},{"id":15564,"n":"Chips paysannes Pom'lisse Nature - 150g","p":0.99,"u":"6,60 €/KG","img":"https://fd13-photos.leclercdrive.fr/image.ashx?id=2927854&use=l&cat=p&typeid=i","cat":284447},{"id":15590,"n":"pain complet 3 céréales bio  bjorg 500g","p":2.42,"u":"4,84 €/KG","img":"https://fd13-photos.leclercdrive.fr/image.ashx?id=2752951&use=l&cat=p&typeid=i","cat":325069},{"id":15592,"n":"Fromage enfant Ficello Nature à effilocher x8 - 168g","p":3.41,"u":"20,30 €/KG","img":"https://fd13-photos.leclercdrive.fr/image.ashx?id=2375376&use=l&cat=p&typeid=i","cat":314030},{"id":15602,"n":"Bière La Goudale 7.2%vol. - 75cl","p":2.35,"u":"3,13 €/L","img":"https://fd13-photos.leclercdrive.fr/image.ashx?id=2830153&use=l&cat=p&typeid=i","cat":334852},{"id":15615,"n":"Multifruits Jafaden 100% Pur jus - 1,5L","p":1.99,"u":"1,33 €/L","img":"https://fd13-photos.leclercdrive.fr/image.ashx?id=2890000&use=l&cat=p&typeid=i","cat":284917},{"id":15626,"n":"Salade maxi Florette Laitue iceberg - 450g","p":2.49,"u":"5,53 €/KG","img":"https://fd13-photos.leclercdrive.fr/image.ashx?id=2090039&use=l&cat=p&typeid=i","cat":284353},{"id":15629,"n":"Salade maxi Florette Mâche - 200g","p":2.47,"u":"12,35 €/KG","img":"https://fd13-photos.leclercdrive.fr/image.ashx?id=2228849&use=l&cat=p&typeid=i","cat":284353},{"id":15635,"n":"Jeunes pousses douces  Florette - 175g","p":2.36,"u":"13,49 €/KG","img":"https://fd13-photos.leclercdrive.fr/image.ashx?id=2844070&use=l&cat=p&typeid=i","cat":284353},{"id":15637,"n":"Ciboulette Florette 11g","p":1.65,"u":"150,00 €/KG","img":"https://fd13-photos.leclercdrive.fr/image.ashx?id=2633017&use=l&cat=p&typeid=i","cat":293607},{"id":15642,"n":"Coriandre Florette 11g","p":1.73,"u":"157,27 €/KG","img":"https://fd13-photos.leclercdrive.fr/image.ashx?id=2633020&use=l&cat=p&typeid=i","cat":293607},{"id":15646,"n":"Saumon Atlantique Connétable 112g","p":4.89,"u":"43,66 €/KG","img":"https://fd13-photos.leclercdrive.fr/image.ashx?id=2960162&use=l&cat=p&typeid=i","cat":305147},{"id":15647,"n":"Soupe Paysanne Légumes Knorr Déshydratée - Au lard - 97g","p":1.5,"u":"15,46 €/KG","img":"https://fd13-photos.leclercdrive.fr/image.ashx?id=2768870&use=l&cat=p&typeid=i","cat":284463},{"id":15741,"n":"Tampons Doulys Compact Super - x20","p":2.35,"u":"0,12 €/P","img":"https://fd13-photos.leclercdrive.fr/image.ashx?id=2965470&use=l&cat=p&typeid=i","cat":284626},{"id":15746,"n":"Soupe Liquide Liebig  Bisque de Homard - 300g","p":2.47,"u":"8,23 €/KG","img":"https://fd13-photos.leclercdrive.fr/image.ashx?id=2651390&use=l&cat=p&typeid=i","cat":287366},{"id":15801,"n":"IGP Pays d'Oc rosé Cinsault Syrah Ormes de Cambras 12% 75cl","p":2.82,"u":"3,76 €/L","img":"https://fd13-photos.leclercdrive.fr/image.ashx?id=2105158&use=l&cat=p&typeid=i","cat":289558},{"id":15805,"n":"Boisson énergisante Red Bull sans sucres, 4x250ml","p":4.26,"u":"4,26 €/L","img":"https://fd13-photos.leclercdrive.fr/image.ashx?id=3009371&use=l&cat=p&typeid=i","cat":284533},{"id":15806,"n":"Boisson énergisante Red Bull Sans Sucres , 250ml","p":1.09,"u":"4,36 €/L","img":"https://fd13-photos.leclercdrive.fr/image.ashx?id=2551618&use=l&cat=p&typeid=i","cat":284533},{"id":15807,"n":"Boisson aux fruits Oasis Goût Pomme Cassis Framboise 2L","p":2.49,"u":"1,25 €/L","img":"https://fd13-photos.leclercdrive.fr/image.ashx?id=3014452&use=l&cat=p&typeid=i","cat":295018},{"id":15808,"n":"AOC Côtes du Rhône rosé Prestige Cellier Dauphins 75cl","p":3.42,"u":"4,56 €/L","img":"https://fd13-photos.leclercdrive.fr/image.ashx?id=2829988&use=l&cat=p&typeid=i","cat":289558},{"id":15875,"n":"Eau de Cologne Bien Etre Naturelle - 250ml","p":4.45,"u":"17,80 €/L","img":"https://fd13-photos.leclercdrive.fr/image.ashx?id=2353665&use=l&cat=p&typeid=i","cat":291525},{"id":15895,"n":"Soin cheveux nutrition Garnier Cheveu bouclé à frisé - 200ml","p":2.35,"u":"11,75 €/L","img":"https://fd13-photos.leclercdrive.fr/image.ashx?id=2985354&use=l&cat=p&typeid=i","cat":284608},{"id":15909,"n":"Shampooing Pétrol Hahn Anti-chûte 250ml","p":2.66,"u":"10,64 €/L","img":"https://fd13-photos.leclercdrive.fr/image.ashx?id=2450649&use=l&cat=p&typeid=i","cat":284606},{"id":15910,"n":"Lait de toilette Mixa Bébé  Très Doux - 400ml","p":3.54,"u":"8,85 €/L","img":"https://fd13-photos.leclercdrive.fr/image.ashx?id=2548672&use=l&cat=p&typeid=i","cat":284740},{"id":15919,"n":"Soin hydratant L'Oréal Paris Men Expert Anti-fatigue - 50ml","p":5.69,"u":"113,80 €/L","img":"https://fd13-photos.leclercdrive.fr/image.ashx?id=2811278&use=l&cat=p&typeid=i","cat":284622},{"id":15969,"n":"Gel nettoyant canalisations  Destop Javel Agrumes - 750ml","p":2.6,"u":"3,47 €/L","img":"https://fd13-photos.leclercdrive.fr/image.ashx?id=2885956&use=l&cat=p&typeid=i","cat":284908},{"id":16025,"n":"Yaourts Lait entier Bio Village Bio Fraise morceaux - 4x125g","p":1.5,"u":"3,00 €/KG","img":"https://fd13-photos.leclercdrive.fr/image.ashx?id=2841968&use=l&cat=p&typeid=i","cat":284410},{"id":16029,"n":"Carottes Bio Bio Village En rondelles - 600g","p":1.79,"u":"2,98 €/KG","img":"https://fd13-photos.leclercdrive.fr/image.ashx?id=2891806&use=l&cat=p&typeid=i","cat":319805},{"id":16033,"n":"Choux-fleurs Bio Bio Village En fleurettes - 600g","p":1.99,"u":"3,32 €/KG","img":"https://fd13-photos.leclercdrive.fr/image.ashx?id=2891794&use=l&cat=p&typeid=i","cat":319805},{"id":16042,"n":"Bâtonnets Trium Café x4 - 280g","p":3.11,"u":"11,11 €/KG","img":"https://fd13-photos.leclercdrive.fr/image.ashx?id=2071086&use=l&cat=p&typeid=i","cat":284265},{"id":16043,"n":"Crevettes cuites Pêche Océan Décortiquées - MSC - 200g","p":3.49,"u":"17,45 €/KG","img":"https://fd13-photos.leclercdrive.fr/image.ashx?id=2478766&use=l&cat=p&typeid=i","cat":319787},{"id":16046,"n":"Fromage de chèvre Les Croisés Frais rond - 200g","p":1.89,"u":"9,45 €/KG","img":"https://fd13-photos.leclercdrive.fr/image.ashx?id=2281099&use=l&cat=p&typeid=i","cat":314031},{"id":16061,"n":"Sauce Tomates Barilla Basilic - 400g","p":1.64,"u":"4,10 €/KG","img":"https://fd13-photos.leclercdrive.fr/image.ashx?id=2832518&use=l&cat=p&typeid=i","cat":287599},{"id":16062,"n":"Sauce Pesto Genovese Barilla Au basilic frais - 190g","p":1.97,"u":"10,37 €/KG","img":"https://fd13-photos.leclercdrive.fr/image.ashx?id=2737585&use=l&cat=p&typeid=i","cat":287599},{"id":16063,"n":"Sauce Pesto Barilla Rosso - 200g","p":1.94,"u":"9,70 €/KG","img":"https://fd13-photos.leclercdrive.fr/image.ashx?id=2308348&use=l&cat=p&typeid=i","cat":287599},{"id":16065,"n":"Bouillon de boeuf Maggi 8 tablettes 80g","p":0.88,"u":"11,00 €/KG","img":"https://fd13-photos.leclercdrive.fr/image.ashx?id=2729932&use=l&cat=p&typeid=i","cat":288379},{"id":16074,"n":"Sauce Italienne à la viande Zapetti - 2x190g","p":2.18,"u":"5,74 €/KG","img":"https://fd13-photos.leclercdrive.fr/image.ashx?id=2579969&use=l&cat=p&typeid=i","cat":288384},{"id":16075,"n":"Sauce tomate cuisinée Zapetti - 2x190g","p":1.7,"u":"4,47 €/KG","img":"https://fd13-photos.leclercdrive.fr/image.ashx?id=2579972&use=l&cat=p&typeid=i","cat":288384},{"id":16076,"n":"Sauce Italienne Zapetti 3x95g","p":2.2,"u":"7,72 €/KG","img":"https://fd13-photos.leclercdrive.fr/image.ashx?id=2579978&use=l&cat=p&typeid=i","cat":288384},{"id":16077,"n":"Sauce tomate cuisinée Zapetti 3x95g","p":1.59,"u":"5,58 €/KG","img":"https://fd13-photos.leclercdrive.fr/image.ashx?id=2579981&use=l&cat=p&typeid=i","cat":288384},{"id":16153,"n":"Biscuits petit déj Bio Village Bio Chocolat / Noisettes - 200g","p":2.08,"u":"10,40 €/KG","img":"https://fd13-photos.leclercdrive.fr/image.ashx?id=2371560&use=l&cat=p&typeid=i","cat":284491},{"id":16159,"n":"Brume d'eau pure Inell 400ml","p":1.65,"u":"4,13 €/L","img":"https://fd13-photos.leclercdrive.fr/image.ashx?id=806289&use=l&cat=p&typeid=i","cat":290295},{"id":16171,"n":"Riz Thaï Bio Village Bio - 500g","p":2.45,"u":"4,90 €/KG","img":"https://fd13-photos.leclercdrive.fr/image.ashx?id=2441510&use=l&cat=p&typeid=i","cat":284428},{"id":16231,"n":"Porto Tawny Dorrao 20%vol - 75cl","p":11.65,"u":"15,53 €/L","img":"https://fd13-photos.leclercdrive.fr/image.ashx?id=754183&use=l&cat=p&typeid=i","cat":284913},{"id":16233,"n":"AOC Banyuls Traditionnel Guillaume d'Arria - 75cl","p":6.41,"u":"8,55 €/L","img":"https://fd13-photos.leclercdrive.fr/image.ashx?id=2974750&use=l&cat=p&typeid=i","cat":289556},{"id":16254,"n":"Câpres surfines Rustica Au vinaigre - 60g","p":1.23,"u":"20,50 €/KG","img":"https://fd13-photos.leclercdrive.fr/image.ashx?id=1677666&use=l&cat=p&typeid=i","cat":284458},{"id":16271,"n":"Maïs Géant Vert extra croquant sans résidu pesticides - 285g","p":1.16,"u":"4,07 €/KG","img":"https://fd13-photos.leclercdrive.fr/image.ashx?id=2754267&use=l&cat=p&typeid=i","cat":312611},{"id":16303,"n":"Petits oignons Rustica Vinaigre doux - 190g","p":0.79,"u":"4,16 €/KG","img":"https://fd13-photos.leclercdrive.fr/image.ashx?id=2034109&use=l&cat=p&typeid=i","cat":284458},{"id":16317,"n":"Estragon Ducros 5g","p":0.86,"u":"172,00 €/KG","img":"https://fd13-photos.leclercdrive.fr/image.ashx?id=2486934&use=l&cat=p&typeid=i","cat":298297},{"id":16429,"n":"Oeufs frais plein air Bio Bio village - x10","p":3.41,"u":"0,34 €/P","img":"https://fd13-photos.leclercdrive.fr/image.ashx?id=1520552&use=l&cat=p&typeid=i","cat":284378},{"id":16430,"n":"Lait de coco bio Jardin Bio Bio - 400ml","p":2.39,"u":"5,98 €/L","img":"https://fd13-photos.leclercdrive.fr/image.ashx?id=2790132&use=l&cat=p&typeid=i","cat":288992},{"id":16432,"n":"Pâte brisée Bio  Bio village - 230g","p":1.99,"u":"8,65 €/KG","img":"https://fd13-photos.leclercdrive.fr/image.ashx?id=2274177&use=l&cat=p&typeid=i","cat":333681},{"id":16433,"n":"Pâte feuilletée Bio Bio village - 230g","p":1.65,"u":"7,17 €/KG","img":"https://fd13-photos.leclercdrive.fr/image.ashx?id=2969006&use=l&cat=p&typeid=i","cat":333681},{"id":16436,"n":"Pâtes torsades Bio Village Bio -  500g","p":0.85,"u":"1,70 €/KG","img":"https://fd13-photos.leclercdrive.fr/image.ashx?id=2625367&use=l&cat=p&typeid=i","cat":284427},{"id":16438,"n":"Riz long Bio Village Bio - 500g","p":1.94,"u":"3,88 €/KG","img":"https://fd13-photos.leclercdrive.fr/image.ashx?id=2582996&use=l&cat=p&typeid=i","cat":284428},{"id":16439,"n":"Riz Basmati Bio Village Bio - 500g","p":1.5,"u":"3,00 €/KG","img":"https://fd13-photos.leclercdrive.fr/image.ashx?id=795814&use=l&cat=p&typeid=i","cat":284428},{"id":16490,"n":"Yaourt nature 0% MG Bio Bio village - 4x125g","p":1.34,"u":"2,68 €/KG","img":"https://fd13-photos.leclercdrive.fr/image.ashx?id=2077427&use=l&cat=p&typeid=i","cat":315000},{"id":16491,"n":"Yaourts Lait brebis Bio Village Bio Vanille - 2x125g","p":1.89,"u":"7,56 €/KG","img":"https://fd13-photos.leclercdrive.fr/image.ashx?id=2646994&use=l&cat=p&typeid=i","cat":314998},{"id":16492,"n":"Légumes pour couscous bio Jardin Bio - 660g","p":2.64,"u":"3,67 €/L","img":"https://fd13-photos.leclercdrive.fr/image.ashx?id=2534887&use=l&cat=p&typeid=i","cat":312612},{"id":16493,"n":"Pâte à tartiner bio Jardin Bio Cacao noisettes - 350g","p":3.74,"u":"10,69 €/KG","img":"https://fd13-photos.leclercdrive.fr/image.ashx?id=2918844&use=l&cat=p&typeid=i","cat":284481},{"id":16520,"n":"Mayonnaise Eco+ Bocal - 470g","p":1.17,"u":"2,49 €/KG","img":"https://fd13-photos.leclercdrive.fr/image.ashx?id=1672975&use=l&cat=p&typeid=i","cat":298295},{"id":16522,"n":"Soufflés cacahuète Eco+ 100g","p":0.34,"u":"3,40 €/KG","img":"https://fd13-photos.leclercdrive.fr/image.ashx?id=2678785&use=l&cat=p&typeid=i","cat":284449},{"id":16524,"n":"Pâtes Eco+ Spaghetti - 1kg","p":1.02,"u":"1,02 €/KG","img":"https://fd13-photos.leclercdrive.fr/image.ashx?id=2757494&use=l&cat=p&typeid=i","cat":284427},{"id":16525,"n":"Purée de pommes de terre Eco+ Déshydratée 4x125g","p":1.39,"u":"2,78 €/KG","img":"https://fd13-photos.leclercdrive.fr/image.ashx?id=2929858&use=l&cat=p&typeid=i","cat":284431},{"id":16526,"n":"Assortiment biscuits salés Eco+ 350g","p":1.06,"u":"3,03 €/KG","img":"https://fd13-photos.leclercdrive.fr/image.ashx?id=2613255&use=l&cat=p&typeid=i","cat":297000},{"id":16547,"n":"Barquette chiens Eco+ A la Volaille - 300g","p":0.52,"u":"1,73 €/KG","img":"https://fd13-photos.leclercdrive.fr/image.ashx?id=2052727&use=l&cat=p&typeid=i","cat":284673},{"id":16548,"n":"Barquette pour chats Eco+ Riche en volaille - 100g","p":0.24,"u":"2,40 €/KG","img":"https://fd13-photos.leclercdrive.fr/image.ashx?id=2992711&use=l&cat=p&typeid=i","cat":285286},{"id":16550,"n":"Limonade Eco+ 1,5L","p":0.38,"u":"0,25 €/L","img":"https://fd13-photos.leclercdrive.fr/image.ashx?id=2245752&use=l&cat=p&typeid=i","cat":284531},{"id":16552,"n":"Jus de pomme abc Eco+ 1L","p":0.85,"u":"0,85 €/L","img":"https://fd13-photos.leclercdrive.fr/image.ashx?id=2275721&use=l&cat=p&typeid=i","cat":284522},{"id":16554,"n":"Soda cola light 1,5l","p":0.4,"u":"0,27 €/L","img":"https://fd13-photos.leclercdrive.fr/image.ashx?id=2071234&use=l&cat=p&typeid=i","cat":284530},{"id":16555,"n":"Boisson aromatisée Eco+ Exotique 2L","p":0.97,"u":"0,49 €/L","img":"https://fd13-photos.leclercdrive.fr/image.ashx?id=2982574&use=l&cat=p&typeid=i","cat":295018},{"id":16558,"n":"Thé glacé pêche Eco  2L","p":1.25,"u":"0,63 €/L","img":"https://fd13-photos.leclercdrive.fr/image.ashx?id=2764955&use=l&cat=p&typeid=i","cat":295019},{"id":16569,"n":"Mini pâté en croute Eco+ 450g","p":1.97,"u":"4,38 €/KG","img":"https://fd13-photos.leclercdrive.fr/image.ashx?id=2724541&use=l&cat=p&typeid=i","cat":316003},{"id":16570,"n":"Saucisse sèche droite Eco+ 250g","p":1.78,"u":"7,12 €/KG","img":"https://fd13-photos.leclercdrive.fr/image.ashx?id=2114409&use=l&cat=p&typeid=i","cat":316006},{"id":16577,"n":"Crème sous pression Eco+ Crème légère et sucrée - 250g","p":1.69,"u":"6,76 €/KG","img":"https://fd13-photos.leclercdrive.fr/image.ashx?id=2856242&use=l&cat=p&typeid=i","cat":284382},{"id":16582,"n":"Pommes frites Eco+ 2,5kg","p":2.81,"u":"1,12 €/KG","img":"https://fd13-photos.leclercdrive.fr/image.ashx?id=2660523&use=l&cat=p&typeid=i","cat":319791},{"id":16583,"n":"Pommes rissolées surgelées Eco+ 1kg","p":1.11,"u":"1,11 €/KG","img":"https://fd13-photos.leclercdrive.fr/image.ashx?id=2085934&use=l&cat=p&typeid=i","cat":319792},{"id":16642,"n":"Génoises fourrées P'tit Déli Agrumes - 150g","p":1.09,"u":"7,27 €/KG","img":"https://fd13-photos.leclercdrive.fr/image.ashx?id=2482502&use=l&cat=p&typeid=i","cat":284489},{"id":16737,"n":"Viande hachée 15% MG Férial 500g","p":7.29,"u":"14,58 €/KG","img":"https://fd13-photos.leclercdrive.fr/image.ashx?id=2904013&use=l&cat=p&typeid=i","cat":284332},{"id":16741,"n":"Viande hachée 5% MG Férial 350g","p":5.71,"u":"16,31 €/KG","img":"https://fd13-photos.leclercdrive.fr/image.ashx?id=2904010&use=l&cat=p&typeid=i","cat":284332},{"id":16742,"n":"Steak haché Férial 15%mg - 800g","p":11.15,"u":"13,94 €/KG","img":"https://fd13-photos.leclercdrive.fr/image.ashx?id=2904004&use=l&cat=p&typeid=i","cat":284332},{"id":16747,"n":"Viande hachée 15% MG Férial 350g","p":5.59,"u":"15,97 €/KG","img":"https://fd13-photos.leclercdrive.fr/image.ashx?id=2904007&use=l&cat=p&typeid=i","cat":284332},{"id":16765,"n":"Steak haché Férial pur boeuf 5%mg - 250g","p":4.74,"u":"18,96 €/KG","img":"https://fd13-photos.leclercdrive.fr/image.ashx?id=2903998&use=l&cat=p&typeid=i","cat":284332},{"id":16766,"n":"Viande hachée 20% MG Férial 700g","p":9.45,"u":"13,50 €/KG","img":"https://fd13-photos.leclercdrive.fr/image.ashx?id=2904016&use=l&cat=p&typeid=i","cat":284332},{"id":16767,"n":"Steak haché Férial  5%mg - 400g","p":7.59,"u":"18,98 €/KG","img":"https://fd13-photos.leclercdrive.fr/image.ashx?id=2598722&use=l&cat=p&typeid=i","cat":284332},{"id":16782,"n":"Steak haché Férial 15%mg 250g","p":3.99,"u":"15,96 €/KG","img":"https://fd13-photos.leclercdrive.fr/image.ashx?id=2904001&use=l&cat=p&typeid=i","cat":284332},{"id":16783,"n":"AOP Saumur brut Les Caractères - 75cl","p":4.49,"u":"5,99 €/L","img":"https://fd13-photos.leclercdrive.fr/image.ashx?id=2895774&use=l&cat=p&typeid=i","cat":284544},{"id":16805,"n":"Viande bovine Férial steak ** à griller - 280g","p":5.79,"u":"20,68 €/KG","img":"https://fd13-photos.leclercdrive.fr/image.ashx?id=2483557&use=l&cat=p&typeid=i","cat":284328},{"id":16841,"n":"Génoises fourrées P'tit Déli Framboise cassis - 150g","p":1.06,"u":"7,07 €/KG","img":"https://fd13-photos.leclercdrive.fr/image.ashx?id=2473981&use=l&cat=p&typeid=i","cat":284489},{"id":16842,"n":"Spéculoos P'tit Déli 2x250g","p":1.47,"u":"2,94 €/KG","img":"https://fd13-photos.leclercdrive.fr/image.ashx?id=2046364&use=l&cat=p&typeid=i","cat":284487},{"id":16847,"n":"Chewing-gum Freedent white Menthe douce 70g","p":2.19,"u":"31,29 €/KG","img":"https://fd13-photos.leclercdrive.fr/image.ashx?id=2237289&use=l&cat=p&typeid=i","cat":304251},{"id":16849,"n":"Chewing-gum Freedent white Menthe forte 70g","p":2.19,"u":"31,29 €/KG","img":"https://fd13-photos.leclercdrive.fr/image.ashx?id=2237292&use=l&cat=p&typeid=i","cat":304251},{"id":16916,"n":"Croquette Tous Mes Amis Vitalité - viande de boeuf 10kg","p":12.99,"u":"1,30 €/KG","img":"https://fd13-photos.leclercdrive.fr/image.ashx?id=2078635&use=l&cat=p&typeid=i","cat":284672},{"id":16917,"n":"Steak haché Férial 15%mg - 250g","p":4.85,"u":"19,40 €/KG","img":"https://fd13-photos.leclercdrive.fr/image.ashx?id=2627233&use=l&cat=p&typeid=i","cat":284332},{"id":16920,"n":"Coeurs d'artichaut Notre Jardin 240g","p":2.49,"u":"10,38 €/KG","img":"https://fd13-photos.leclercdrive.fr/image.ashx?id=2501994&use=l&cat=p&typeid=i","cat":312611},{"id":16996,"n":"Liquide de rinçage Visior Lave-vaisselle - 750ml","p":0.89,"u":"1,19 €/L","img":"https://fd13-photos.leclercdrive.fr/image.ashx?id=2158206&use=l&cat=p&typeid=i","cat":284657},{"id":17014,"n":"Fromage apéritif Apéricube Sélection festive 48 cubes","p":4.17,"u":"16,68 €/KG","img":"https://fd13-photos.leclercdrive.fr/image.ashx?id=2882665&use=l&cat=p&typeid=i","cat":314027},{"id":17036,"n":"Mouchoirs blancs 3 plis Caresse Boîte mouchoirs papier x90","p":1.04,"u":"0,01 €/P","img":"https://fd13-photos.leclercdrive.fr/image.ashx?id=1286020&use=l&cat=p&typeid=i","cat":284638},{"id":17037,"n":"Rasoir Carré Homme 5 lames - x1","p":4.69,"img":"https://fd13-photos.leclercdrive.fr/image.ashx?id=2704654&use=l&cat=p&typeid=i","cat":284616},{"id":17104,"n":"Tuiles Tokapi  Nature - 170g","p":1.35,"u":"7,94 €/KG","img":"https://fd13-photos.leclercdrive.fr/image.ashx?id=2119537&use=l&cat=p&typeid=i","cat":287899},{"id":17105,"n":"Chips Tuiles Tokapi Crème oignon - 170g","p":1.35,"u":"7,94 €/KG","img":"https://fd13-photos.leclercdrive.fr/image.ashx?id=2081681&use=l&cat=p&typeid=i","cat":287899},{"id":17108,"n":"Brume d'eau pure Inell 150ml","p":1.25,"u":"8,33 €/L","img":"https://fd13-photos.leclercdrive.fr/image.ashx?id=2712980&use=l&cat=p&typeid=i","cat":290295},{"id":17147,"n":"Baguette de pain           200g","p":0.29,"u":"1,45 €/KG","img":"https://fd13-photos.leclercdrive.fr/image.ashx?id=2062930&use=l&cat=p&typeid=i","cat":284359},{"id":17152,"n":"Pains aux céréales  300g","p":1.45,"u":"4,83 €/KG","img":"https://fd13-photos.leclercdrive.fr/image.ashx?id=2657163&use=l&cat=p&typeid=i","cat":284359},{"id":17165,"n":"Poulet blanc Maître coq Eleveur de nos régions - 1,3kg","p":6.69,"u":"5,15 €/KG","img":"https://fd13-photos.leclercdrive.fr/image.ashx?id=2926359&use=l&cat=p&typeid=i","cat":284336},{"id":17167,"n":"Paupiettes de dinde Maître Coq Nature x4 - 520g","p":8.37,"u":"16,10 €/KG","img":"https://fd13-photos.leclercdrive.fr/image.ashx?id=2569482&use=l&cat=p&typeid=i","cat":284337},{"id":17189,"n":"Biscuit petit dej P'tit Déli Miel/pépites chocolat - 400g","p":2.15,"u":"5,38 €/KG","img":"https://fd13-photos.leclercdrive.fr/image.ashx?id=2999502&use=l&cat=p&typeid=i","cat":284491},{"id":17218,"n":"Tétines silicone Mots D'enfants + 6 mois bout rond x2","p":1.45,"u":"0,73 €/P","img":"https://fd13-photos.leclercdrive.fr/image.ashx?id=597566&use=l&cat=p&typeid=i","cat":284743},{"id":17220,"n":"Nettoyant spray Clair Anti-calcaire 750ml","p":0.94,"u":"1,25 €/L","img":"https://fd13-photos.leclercdrive.fr/image.ashx?id=597569&use=l&cat=p&typeid=i","cat":325362},{"id":17223,"n":"Mouchoirs blancs 3 plis Caresse Boîte déco décor aléatoire x70","p":1.52,"u":"0,02 €/P","img":"https://fd13-photos.leclercdrive.fr/image.ashx?id=2380806&use=l&cat=p&typeid=i","cat":284638},{"id":17241,"n":"Quenelle nature Giraudet Pur beurre - 16x20g","p":4.12,"u":"12,88 €/KG","img":"https://fd13-photos.leclercdrive.fr/image.ashx?id=2533481&use=l&cat=p&typeid=i","cat":333682},{"id":17252,"n":"Faisselle La Bressane - 6,5%mg - 6x100g","p":2.9,"pp":1.93,"u":"3,22 €/KG","img":"https://fd13-photos.leclercdrive.fr/image.ashx?id=2733403&use=l&cat=p&typeid=i","cat":284409},{"id":17287,"n":"Pâtes Alpina Savoie Nouilles Savoisiennes - 500g","p":1.42,"u":"2,84 €/KG","img":"https://fd13-photos.leclercdrive.fr/image.ashx?id=2789850&use=l&cat=p&typeid=i","cat":284427},{"id":17290,"n":"Pâtes Alpina Avoine - 500g","p":1.53,"u":"3,06 €/KG","img":"https://fd13-photos.leclercdrive.fr/image.ashx?id=2789856&use=l&cat=p&typeid=i","cat":284427},{"id":17293,"n":"Génoise mix milk Balconi Pâtissier x10 280g","p":1.86,"u":"10,33 €/KG","img":"https://fd13-photos.leclercdrive.fr/image.ashx?id=2878411&use=l&cat=p&typeid=i","cat":284495},{"id":17294,"n":"Pâtes crozets nature Alpina 400g","p":2.63,"u":"6,58 €/KG","img":"https://fd13-photos.leclercdrive.fr/image.ashx?id=2795072&use=l&cat=p&typeid=i","cat":284427},{"id":17295,"n":"Pâtes crozets Alpina Savoie Au sarrasin - 400g","p":2.68,"u":"6,70 €/KG","img":"https://fd13-photos.leclercdrive.fr/image.ashx?id=2795075&use=l&cat=p&typeid=i","cat":284427},{"id":17303,"n":"Gros sel de mer iodé Baleine 1kg","p":0.63,"u":"0,63 €/KG","img":"https://fd13-photos.leclercdrive.fr/image.ashx?id=2788526&use=l&cat=p&typeid=i","cat":284457},{"id":17338,"n":"Feutres de coloriage Esquisse Lavable - Pointe moyenne x24","p":2.3,"img":"https://fd13-photos.leclercdrive.fr/image.ashx?id=2727659&use=l&cat=p&typeid=i","cat":284696},{"id":17348,"n":"Lanières poivrons Notre Jardin 600g","p":2.15,"u":"3,58 €/KG","img":"https://fd13-photos.leclercdrive.fr/image.ashx?id=2048443&use=l&cat=p&typeid=i","cat":319805},{"id":17362,"n":"Moules ASC Pêche Océan Décortiquées - 500g","p":3.38,"u":"6,76 €/KG","img":"https://fd13-photos.leclercdrive.fr/image.ashx?id=2860070&use=l&cat=p&typeid=i","cat":319787},{"id":17390,"n":"Tampon à récurer Mamison x3","p":0.68,"u":"0,23 €/P","img":"https://fd13-photos.leclercdrive.fr/image.ashx?id=2216957&use=l&cat=p&typeid=i","cat":284667},{"id":17392,"n":"Mouchoirs blanc 4 plis Univert Etuis x15 - Ecolabel","p":1.95,"u":"0,13 €/P","img":"https://fd13-photos.leclercdrive.fr/image.ashx?id=1972540&use=l&cat=p&typeid=i","cat":284638},{"id":17409,"n":"Lotion capillaire Carré Homme Cheveux blancs et gris 400ml","p":1.99,"u":"4,98 €/L","img":"https://fd13-photos.leclercdrive.fr/image.ashx?id=1961961&use=l&cat=p&typeid=i","cat":284621},{"id":17413,"n":"Sacs congélation zip Elembal Petit modèle x25","p":1.45,"u":"0,06 €/P","img":"https://fd13-photos.leclercdrive.fr/image.ashx?id=2113031&use=l&cat=p&typeid=i","cat":334134},{"id":17421,"n":"Sirop Frucci Anis - 1L","p":4.16,"u":"4,16 €/L","img":"https://fd13-photos.leclercdrive.fr/image.ashx?id=2954082&use=l&cat=p&typeid=i","cat":295020},{"id":17422,"n":"IGP Pays d'Oc Syrah vin rouge Vieux Carion -75 cl","p":2.25,"u":"3,00 €/L","img":"https://fd13-photos.leclercdrive.fr/image.ashx?id=2231199&use=l&cat=p&typeid=i","cat":289556},{"id":17425,"n":"Fromage blanc Délisse Vanille 2,5%MG - 8x100g","p":2.82,"u":"3,53 €/KG","img":"https://fd13-photos.leclercdrive.fr/image.ashx?id=3012827&use=l&cat=p&typeid=i","cat":284409},{"id":17469,"n":"Biscuits P'tit Déli Bâtonnets Chocolat blanc 150g","p":1.7,"u":"11,33 €/KG","img":"https://fd13-photos.leclercdrive.fr/image.ashx?id=2470195&use=l&cat=p&typeid=i","cat":284488},{"id":17476,"n":"Boudins noirs aux oignons Tradilège x3 - 375g","p":2.65,"u":"7,07 €/KG","img":"https://fd13-photos.leclercdrive.fr/image.ashx?id=2930754&use=l&cat=p&typeid=i","cat":316012},{"id":17571,"n":"Crème entière fluide UHT Délisse - Brique 30%mg - 1L","p":4.25,"u":"4,25 €/L","img":"https://fd13-photos.leclercdrive.fr/image.ashx?id=2509980&use=l&cat=p&typeid=i","cat":284381},{"id":17584,"n":"Dissolvant Maybelline New York Manucure Express - 125ml","p":3.16,"u":"25,28 €/L","img":"https://fd13-photos.leclercdrive.fr/image.ashx?id=2348367&use=l&cat=p&typeid=i","cat":325347},{"id":17625,"n":"Bûche glacée Eskiss Fruits rouges et biscuit - 564g","p":3.71,"u":"6,58 €/KG","img":"https://fd13-photos.leclercdrive.fr/image.ashx?id=1516639&use=l&cat=p&typeid=i","cat":284266},{"id":17627,"n":"Mini bûches glacées Eskiss Assortiment - 311g","p":2.29,"u":"7,36 €/KG","img":"https://fd13-photos.leclercdrive.fr/image.ashx?id=2614458&use=l&cat=p&typeid=i","cat":284266},{"id":17645,"n":"Whisky Jameson 40%vol - 1L","p":28.96,"u":"28,96 €/L","img":"https://fd13-photos.leclercdrive.fr/image.ashx?id=2880922&use=l&cat=p&typeid=i","cat":284547},{"id":17653,"n":"Fromage apéritif Apéricube Best of des saveurs 48 cubes","p":4.17,"u":"16,68 €/KG","img":"https://fd13-photos.leclercdrive.fr/image.ashx?id=2882662&use=l&cat=p&typeid=i","cat":314027},{"id":17694,"n":"Couches bébé Mots d'Enfants T4+ Ultra confort - 9/20kg - x144","p":20.5,"u":"0,14 €/P","img":"https://fd13-photos.leclercdrive.fr/image.ashx?id=1981459&use=l&cat=p&typeid=i","cat":284737},{"id":17709,"n":"Sauce au poivre Knorr A la crème fraiche - 30cl","p":1.36,"u":"4,53 €/L","img":"https://fd13-photos.leclercdrive.fr/image.ashx?id=2985096&use=l&cat=p&typeid=i","cat":288381},{"id":17710,"n":"Sauce Hollandaise Knorr Au jus de citron - 30cl","p":1.5,"u":"5,00 €/L","img":"https://fd13-photos.leclercdrive.fr/image.ashx?id=2985099&use=l&cat=p&typeid=i","cat":288381},{"id":17717,"n":"Blanc de poulet Tradilège x4 160g","p":1.36,"u":"8,50 €/KG","img":"https://fd13-photos.leclercdrive.fr/image.ashx?id=2925738&use=l&cat=p&typeid=i","cat":316010},{"id":17718,"n":"Blanc de dinde Tradilège 4 tranches 160g","p":1.65,"u":"10,31 €/KG","img":"https://fd13-photos.leclercdrive.fr/image.ashx?id=2989787&use=l&cat=p&typeid=i","cat":316010},{"id":17768,"n":"Boudins blancs au porto Tradilège x3 - 375g","p":3.89,"u":"10,37 €/KG","img":"https://fd13-photos.leclercdrive.fr/image.ashx?id=2252040&use=l&cat=p&typeid=i","cat":316012},{"id":17823,"n":"Tarama oeufs de cabillaud Blini Maxi format - 330g","p":3.49,"u":"10,58 €/KG","img":"https://fd13-photos.leclercdrive.fr/image.ashx?id=2298589&use=l&cat=p&typeid=i","cat":315999},{"id":17824,"n":"Tzatziki blini Maxi format - 330g","p":2.79,"u":"8,45 €/KG","img":"https://fd13-photos.leclercdrive.fr/image.ashx?id=2298592&use=l&cat=p&typeid=i","cat":315999},{"id":17825,"n":"Blinis cocktail Blini 2x170g","p":2.99,"u":"8,79 €/KG","img":"https://fd13-photos.leclercdrive.fr/image.ashx?id=2974620&use=l&cat=p&typeid=i","cat":285191},{"id":17845,"n":"Saumon crème fraîche Marie Fondue poireaux 400g","p":5.07,"u":"12,68 €/KG","img":"https://fd13-photos.leclercdrive.fr/image.ashx?id=2996785&use=l&cat=p&typeid=i","cat":319786},{"id":17899,"n":"Knacks pur porc Tradilège Fumées au bois x10 - 350g","p":1.52,"u":"4,34 €/KG","img":"https://fd13-photos.leclercdrive.fr/image.ashx?id=2448321&use=l&cat=p&typeid=i","cat":316012},{"id":17901,"n":"Macaroni d'Alsace NRT 250g","p":1.39,"u":"5,56 €/KG","img":"https://fd13-photos.leclercdrive.fr/image.ashx?id=2839989&use=l&cat=p&typeid=i","cat":284427},{"id":17917,"n":"Nettoyant canalisations Ouragan Fraîcheur mentholée - 1L","p":3.45,"u":"3,45 €/L","img":"https://fd13-photos.leclercdrive.fr/image.ashx?id=2367544&use=l&cat=p&typeid=i","cat":284662},{"id":17931,"n":"Soupe Crème de potiron Knorr Déshydratée - 1L","p":1.45,"u":"1,45 €/L","img":"https://fd13-photos.leclercdrive.fr/image.ashx?id=2790813&use=l&cat=p&typeid=i","cat":284463},{"id":17932,"n":"Soupe forestière Knorr Déshydratée - 750ml","p":1.06,"u":"1,41 €/L","img":"https://fd13-photos.leclercdrive.fr/image.ashx?id=2790810&use=l&cat=p&typeid=i","cat":284463},{"id":17938,"n":"Flan nappé caramel Bio Bio Village - 4x125g","p":1.99,"u":"3,98 €/KG","img":"https://fd13-photos.leclercdrive.fr/image.ashx?id=1079077&use=l&cat=p&typeid=i","cat":284420},{"id":17969,"n":"Purée de fruit NATURNES Pomme pêche 4M+ - 4x130g","p":2.15,"u":"4,13 €/KG","img":"https://fd13-photos.leclercdrive.fr/image.ashx?id=2629644&use=l&cat=p&typeid=i","cat":312387},{"id":18000,"n":"Lait céréales Blédidej 12 mois Chocolat biscuité - 4x250ml","p":3.58,"u":"3,58 €/L","img":"https://fd13-photos.leclercdrive.fr/image.ashx?id=2921028&use=l&cat=p&typeid=i","cat":312226},{"id":18002,"n":"Lait céréales Blédidej 12 mois Biscuité vanille - 4x250ml","p":3.39,"u":"3,39 €/L","img":"https://fd13-photos.leclercdrive.fr/image.ashx?id=2921034&use=l&cat=p&typeid=i","cat":312226},{"id":18003,"n":"Lait céréales Blédidej 12 mois Vanille chocolat - 4x250ml","p":3.48,"u":"3,48 €/L","img":"https://fd13-photos.leclercdrive.fr/image.ashx?id=2921031&use=l&cat=p&typeid=i","cat":312226},{"id":18066,"n":"Nouilles chinoises Suzi Wan En nid - 250g","p":1.61,"u":"6,44 €/KG","img":"https://fd13-photos.leclercdrive.fr/image.ashx?id=2886253&use=l&cat=p&typeid=i","cat":288992},{"id":18070,"n":"Fromage frais bio Bio Village Fruits panachés - 12x50g","p":2.76,"u":"4,60 €/KG","img":"https://fd13-photos.leclercdrive.fr/image.ashx?id=2992630&use=l&cat=p&typeid=i","cat":284409},{"id":18100,"n":"Lait céréales bébé Blédiner 12m Légumes soir - 2x250ml","p":1.82,"u":"3,64 €/L","img":"https://fd13-photos.leclercdrive.fr/image.ashx?id=2960144&use=l&cat=p&typeid=i","cat":312239},{"id":18124,"n":"Pêche poire cerise  Douceur du Verger - 4x70g","p":2.79,"u":"9,96 €/KG","img":"https://fd13-photos.leclercdrive.fr/image.ashx?id=2149378&use=l&cat=p&typeid=i","cat":284507},{"id":18207,"n":"Lingettes démaquillantes Inell x25","p":1.34,"u":"0,05 €/P","img":"https://fd13-photos.leclercdrive.fr/image.ashx?id=2769579&use=l&cat=p&typeid=i","cat":284603},{"id":18208,"n":"Lingettes démaquillantes Inell x25","p":1.34,"u":"0,05 €/P","img":"https://fd13-photos.leclercdrive.fr/image.ashx?id=2752622&use=l&cat=p&typeid=i","cat":284603},{"id":18218,"n":"Chipolatas Férial x6 - 330g","p":3.49,"u":"10,58 €/KG","img":"https://fd13-photos.leclercdrive.fr/image.ashx?id=2590523&use=l&cat=p&typeid=i","cat":284334},{"id":18219,"n":"Merguez Férial x6 - 330g","p":4.19,"u":"12,70 €/KG","img":"https://fd13-photos.leclercdrive.fr/image.ashx?id=2590532&use=l&cat=p&typeid=i","cat":284334},{"id":18220,"n":"Chair à saucisses porc Férial 800g","p":7.19,"u":"8,99 €/KG","img":"https://fd13-photos.leclercdrive.fr/image.ashx?id=2831263&use=l&cat=p&typeid=i","cat":284332},{"id":18221,"n":"Lardons supérieurs Tradilège Nature - 2x100g","p":1.85,"u":"9,25 €/KG","img":"https://fd13-photos.leclercdrive.fr/image.ashx?id=2933340&use=l&cat=p&typeid=i","cat":316011},{"id":18223,"n":"Lardons supérieurs Tradilège Fumés - 2x100g","p":1.85,"u":"9,25 €/KG","img":"https://fd13-photos.leclercdrive.fr/image.ashx?id=2933343&use=l&cat=p&typeid=i","cat":316011},{"id":18224,"n":"Allumettes Tradilège Nature - 2x100g","p":1.75,"u":"8,75 €/KG","img":"https://fd13-photos.leclercdrive.fr/image.ashx?id=2933349&use=l&cat=p&typeid=i","cat":316011},{"id":18225,"n":"Allumettes Tradilège Fumées - 2x100g","p":1.75,"u":"8,75 €/KG","img":"https://fd13-photos.leclercdrive.fr/image.ashx?id=2933346&use=l&cat=p&typeid=i","cat":316011},{"id":18227,"n":"Lardons supérieurs Tradilège Nature - 160g","p":1.5,"u":"9,38 €/KG","img":"https://fd13-photos.leclercdrive.fr/image.ashx?id=2751949&use=l&cat=p&typeid=i","cat":316011},{"id":18230,"n":"Lardons supérieurs Tradilège Fumés - 160g","p":1.5,"u":"9,38 €/KG","img":"https://fd13-photos.leclercdrive.fr/image.ashx?id=2816636&use=l&cat=p&typeid=i","cat":316011},{"id":18233,"n":"Poitrine Fumée Tradilège Tranches fines - 2x7T - 200g","p":2.48,"u":"12,40 €/KG","img":"https://fd13-photos.leclercdrive.fr/image.ashx?id=2852267&use=l&cat=p&typeid=i","cat":316011},{"id":18238,"n":"Mousse de canard Tradilège 180g","p":1.16,"u":"6,44 €/KG","img":"https://fd13-photos.leclercdrive.fr/image.ashx?id=2925729&use=l&cat=p&typeid=i","cat":316008},{"id":18240,"n":"Mousse de canard Tradilège 2x50g","p":1.09,"u":"10,90 €/KG","img":"https://fd13-photos.leclercdrive.fr/image.ashx?id=2840404&use=l&cat=p&typeid=i","cat":316008},{"id":18245,"n":"Rillettes du Mans Tradilège 220g","p":1.45,"u":"6,59 €/KG","img":"https://fd13-photos.leclercdrive.fr/image.ashx?id=2548124&use=l&cat=p&typeid=i","cat":316008},{"id":18246,"n":"Rillettes du Mans Tradilège 400g","p":2.32,"u":"5,80 €/KG","img":"https://fd13-photos.leclercdrive.fr/image.ashx?id=2221347&use=l&cat=p&typeid=i","cat":316008},{"id":18250,"n":"Saucisses Francfort Tradilège x4 240g","p":2.07,"u":"8,63 €/KG","img":"https://fd13-photos.leclercdrive.fr/image.ashx?id=2905955&use=l&cat=p&typeid=i","cat":316012},{"id":18252,"n":"Knacks Tradilège Fumées au bois - x6 - 210g","p":1.38,"u":"6,57 €/KG","img":"https://fd13-photos.leclercdrive.fr/image.ashx?id=2448318&use=l&cat=p&typeid=i","cat":316012},{"id":18257,"n":"Saucisses Cocktail Tradilège 400g","p":2.82,"u":"7,05 €/KG","img":"https://fd13-photos.leclercdrive.fr/image.ashx?id=2659082&use=l&cat=p&typeid=i","cat":316012},{"id":18258,"n":"Saucisse Tradilège Mini Knacks Pot micro ondable 200g","p":2.59,"u":"12,95 €/KG","img":"https://fd13-photos.leclercdrive.fr/image.ashx?id=2930921&use=l&cat=p&typeid=i","cat":316012},{"id":18262,"n":"Cervelas supérieur Tradilège 300g","p":2.1,"u":"7,00 €/KG","img":"https://fd13-photos.leclercdrive.fr/image.ashx?id=2421636&use=l&cat=p&typeid=i","cat":316012},{"id":18266,"n":"Dés de jambon Tradilège 2x75g","p":1.49,"u":"9,93 €/KG","img":"https://fd13-photos.leclercdrive.fr/image.ashx?id=2925732&use=l&cat=p&typeid=i","cat":316011},{"id":18267,"n":"Allumettes de jambon Tradilège 2x75g","p":1.05,"u":"7,00 €/KG","img":"https://fd13-photos.leclercdrive.fr/image.ashx?id=2925716&use=l&cat=p&typeid=i","cat":316011},{"id":18268,"n":"Rôti de porc Tradilège 4 tranches 160g","p":2.14,"u":"13,38 €/KG","img":"https://fd13-photos.leclercdrive.fr/image.ashx?id=2984173&use=l&cat=p&typeid=i","cat":316009},{"id":18279,"n":"Dés de poulet Tradilège 2x75g","p":2.82,"u":"18,80 €/KG","img":"https://fd13-photos.leclercdrive.fr/image.ashx?id=2984185&use=l&cat=p&typeid=i","cat":316011},{"id":18287,"n":"Céréales Extra Kellogg's Chocolat au lait - 500g","p":3.25,"u":"6,50 €/KG","img":"https://fd13-photos.leclercdrive.fr/image.ashx?id=2692707&use=l&cat=p&typeid=i","cat":309512},{"id":18347,"n":"Porc : Paupiette Férial x6 780g","p":7.78,"u":"9,97 €/KG","img":"https://fd13-photos.leclercdrive.fr/image.ashx?id=2852291&use=l&cat=p&typeid=i","cat":284331},{"id":18351,"n":"Fromage à tartiner Les Croisés Nature - 25%mg - 150g","p":1.24,"u":"8,27 €/KG","img":"https://fd13-photos.leclercdrive.fr/image.ashx?id=1671226&use=l&cat=p&typeid=i","cat":314029},{"id":18353,"n":"Mini viennoiseries 12p","p":2.99,"u":"0,25 €/P","img":"https://fd13-photos.leclercdrive.fr/image.ashx?id=599241&use=l&cat=p&typeid=i","cat":284984},{"id":18362,"n":"Biscuit bébé Blédina 10 mois Boudoir - 120g","p":1.77,"u":"14,75 €/KG","img":"https://fd13-photos.leclercdrive.fr/image.ashx?id=2801114&use=l&cat=p&typeid=i","cat":312227},{"id":18363,"n":"Pots bébé bio Babybio Maïs poulet - 8 mois - 2x200g","p":2.85,"u":"7,13 €/KG","img":"https://fd13-photos.leclercdrive.fr/image.ashx?id=2827461&use=l&cat=p&typeid=i","cat":312236},{"id":18364,"n":"Haricots rouges D'aucy  250g","p":1.15,"u":"4,60 €/KG","img":"https://fd13-photos.leclercdrive.fr/image.ashx?id=2538434&use=l&cat=p&typeid=i","cat":312606},{"id":18374,"n":"Petits pois d'aucy  Extra-fins - 280g","p":1.03,"u":"3,68 €/KG","img":"https://fd13-photos.leclercdrive.fr/image.ashx?id=2503434&use=l&cat=p&typeid=i","cat":312607},{"id":18375,"n":"Petits pois carottes d''Aucy Extra fins - 265g","p":1.07,"u":"4,04 €/KG","img":"https://fd13-photos.leclercdrive.fr/image.ashx?id=2475324&use=l&cat=p&typeid=i","cat":312607},{"id":18381,"n":"Cannelle moulue Ducros 39g","p":1.16,"u":"29,74 €/KG","img":"https://fd13-photos.leclercdrive.fr/image.ashx?id=2983204&use=l&cat=p&typeid=i","cat":298297},{"id":18387,"n":"Herbes de Provence Ducros Barbecue - 100g","p":1.3,"u":"13,00 €/KG","img":"https://fd13-photos.leclercdrive.fr/image.ashx?id=2414717&use=l&cat=p&typeid=i","cat":298297},{"id":18389,"n":"Poivre Ducros Spécial moulin - 100g","p":4.05,"u":"40,50 €/KG","img":"https://fd13-photos.leclercdrive.fr/image.ashx?id=2559439&use=l&cat=p&typeid=i","cat":284457},{"id":18393,"n":"Persil Ducros 17g","p":1.67,"u":"98,24 €/KG","img":"https://fd13-photos.leclercdrive.fr/image.ashx?id=2559436&use=l&cat=p&typeid=i","cat":298297},{"id":18394,"n":"Persil Ducros 30g","p":3.49,"u":"116,33 €/KG","img":"https://fd13-photos.leclercdrive.fr/image.ashx?id=2486554&use=l&cat=p&typeid=i","cat":298297},{"id":18399,"n":"Poivre gris moulu Ducros 2x18g","p":2.3,"u":"63,89 €/KG","img":"https://fd13-photos.leclercdrive.fr/image.ashx?id=2759454&use=l&cat=p&typeid=i","cat":298297},{"id":18403,"n":"Poivre saveur et épices Ducros Moulin - 30g","p":3.16,"u":"105,33 €/KG","img":"https://fd13-photos.leclercdrive.fr/image.ashx?id=2353698&use=l&cat=p&typeid=i","cat":284457},{"id":18404,"n":"Safran moulu Ducros 4 doses - 0.4g","p":4.43,"img":"https://fd13-photos.leclercdrive.fr/image.ashx?id=2580490&use=l&cat=p&typeid=i","cat":298297},{"id":18408,"n":"Thon entier Pêche Océan Naturel - 140g","p":1.9,"u":"13,57 €/KG","img":"https://fd13-photos.leclercdrive.fr/image.ashx?id=2942187&use=l&cat=p&typeid=i","cat":303867},{"id":18410,"n":"Pâtées chat Gold Gourmet Les noisettes -  12x85g","p":5.85,"u":"5,74 €/KG","img":"https://fd13-photos.leclercdrive.fr/image.ashx?id=2908318&use=l&cat=p&typeid=i","cat":285286},{"id":18437,"n":"Allumettes Bacon Tradilège Fumées - 2x100g","p":1.74,"u":"8,70 €/KG","img":"https://fd13-photos.leclercdrive.fr/image.ashx?id=2905952&use=l&cat=p&typeid=i","cat":316011},{"id":18521,"n":"Papier toilette Mimosa Blanc double épaisseur - x12","p":2.85,"u":"0,24 €/P","img":"https://fd13-photos.leclercdrive.fr/image.ashx?id=2073179&use=l&cat=p&typeid=i","cat":284634},{"id":18556,"n":"Feutres pour ardoise Velleda 1721 Fin bleu - Odeur neutre x2","p":1.25,"u":"0,63 €/P","img":"https://fd13-photos.leclercdrive.fr/image.ashx?id=2318465&use=l&cat=p&typeid=i","cat":334133},{"id":18562,"n":"Feuille papier calque Esquisse x12 21x29,7cm","p":1.19,"img":"https://fd13-photos.leclercdrive.fr/image.ashx?id=2943172&use=l&cat=p&typeid=i","cat":284697},{"id":18564,"n":"Papier millimétré Esquisse 21x29,7cm - x12","p":1.19,"img":"https://fd13-photos.leclercdrive.fr/image.ashx?id=2943175&use=l&cat=p&typeid=i","cat":284697},{"id":18577,"n":"Papier toilette Mimosa Blanc - Ultra doux - x24","p":4.33,"u":"0,18 €/P","img":"https://fd13-photos.leclercdrive.fr/image.ashx?id=2073197&use=l&cat=p&typeid=i","cat":284634},{"id":18589,"n":"Pastis Berger 45%vol - 1L","p":19.69,"u":"19,69 €/L","img":"https://fd13-photos.leclercdrive.fr/image.ashx?id=1898651&use=l&cat=p&typeid=i","cat":284548},{"id":18598,"n":"Yaourts à la Grecque Délisse Mûre Framboise - 4x150g","p":1.99,"u":"3,32 €/KG","img":"https://fd13-photos.leclercdrive.fr/image.ashx?id=2699441&use=l&cat=p&typeid=i","cat":314999},{"id":18669,"n":"Snacks Tokapi 4 saveurs - 100g","p":0.87,"u":"8,70 €/KG","img":"https://fd13-photos.leclercdrive.fr/image.ashx?id=2588932&use=l&cat=p&typeid=i","cat":284449},{"id":18670,"n":"Tuiles Tokapi Bacon - 170g","p":1.39,"u":"8,18 €/KG","img":"https://fd13-photos.leclercdrive.fr/image.ashx?id=2081678&use=l&cat=p&typeid=i","cat":287899},{"id":18671,"n":"Tuiles Tokapi Paprika - 170g","p":1.35,"u":"7,94 €/KG","img":"https://fd13-photos.leclercdrive.fr/image.ashx?id=2294653&use=l&cat=p&typeid=i","cat":287899},{"id":18695,"n":"IGP Ail blanc de Lomagne  Nos Régions ont du Talent 320g","p":3.99,"u":"12,47 €/KG","img":"https://fd13-photos.leclercdrive.fr/image.ashx?id=2039593&use=l&cat=p&typeid=i","cat":284352},{"id":18748,"n":"Pavés de boeuf marinés nature F x2 - 240g","p":4.99,"u":"20,79 €/KG","img":"https://fd13-photos.leclercdrive.fr/image.ashx?id=2854270&use=l&cat=p&typeid=i","cat":284328},{"id":18754,"n":"Boulettes nature Férial x12 - 300g","p":4.09,"u":"13,63 €/KG","img":"https://fd13-photos.leclercdrive.fr/image.ashx?id=2816624&use=l&cat=p&typeid=i","cat":284332},{"id":18876,"n":"Lait solaire IP30 Mixa 200ml","p":9.32,"u":"46,60 €/L","img":"https://fd13-photos.leclercdrive.fr/image.ashx?id=2010188&use=l&cat=p&typeid=i","cat":325355},{"id":18953,"n":"Thon entier Pêche Océan Naturel - 186g","p":2.5,"u":"13,44 €/KG","img":"https://fd13-photos.leclercdrive.fr/image.ashx?id=2284949&use=l&cat=p&typeid=i","cat":303867},{"id":18968,"n":"Gâteaux mini marbrés P'tit Déli Chocolat x7 - 189g","p":1.59,"u":"8,41 €/KG","img":"https://fd13-photos.leclercdrive.fr/image.ashx?id=1947360&use=l&cat=p&typeid=i","cat":284495},{"id":18983,"n":"Crème glacée Eskiss Noix de coco - 494g","p":2.82,"u":"5,71 €/KG","img":"https://fd13-photos.leclercdrive.fr/image.ashx?id=2982607&use=l&cat=p&typeid=i","cat":284263},{"id":18996,"n":"Confiture Bonne Maman 4 fruits rouges - 370g","p":2.4,"u":"6,49 €/KG","img":"https://fd13-photos.leclercdrive.fr/image.ashx?id=2547474&use=l&cat=p&typeid=i","cat":284480},{"id":19023,"n":"Sirop Frucci Citron - 1L","p":2.04,"u":"2,04 €/L","img":"https://fd13-photos.leclercdrive.fr/image.ashx?id=2955656&use=l&cat=p&typeid=i","cat":295020},{"id":19066,"n":"Vodka Poliakov 37,5%vol - 1L","p":15.93,"u":"15,93 €/L","img":"https://fd13-photos.leclercdrive.fr/image.ashx?id=2576916&use=l&cat=p&typeid=i","cat":284550},{"id":19098,"n":"Cookies gros éclats Granola Chocolat - 184g","p":1.78,"u":"9,67 €/KG","img":"https://fd13-photos.leclercdrive.fr/image.ashx?id=2996413&use=l&cat=p&typeid=i","cat":325066},{"id":19102,"n":"Croquettes chat Purina One Stérilisé-Saumon/Céréales-1,5kg","p":6.85,"u":"4,57 €/KG","img":"https://fd13-photos.leclercdrive.fr/image.ashx?id=2541268&use=l&cat=p&typeid=i","cat":284680},{"id":19110,"n":"Boeuf Bourguignon Côté Table 300g","p":2.04,"u":"6,80 €/KG","img":"https://fd13-photos.leclercdrive.fr/image.ashx?id=2517679&use=l&cat=p&typeid=i","cat":284953},{"id":19112,"n":"Thé vert Bio Ethiquable Gingembre Citron vert x20 - 36g","p":2.32,"u":"64,44 €/KG","img":"https://fd13-photos.leclercdrive.fr/image.ashx?id=2870842&use=l&cat=p&typeid=i","cat":293233},{"id":19119,"n":"Pains au lait La Boulangère Bio x8 - 280g","p":2.05,"u":"7,32 €/KG","img":"https://fd13-photos.leclercdrive.fr/image.ashx?id=2972460&use=l&cat=p&typeid=i","cat":293505},{"id":19138,"n":"Semoule Couscous Bio Village Semi complet Bio - 500g","p":1.95,"u":"3,90 €/KG","img":"https://fd13-photos.leclercdrive.fr/image.ashx?id=2149381&use=l&cat=p&typeid=i","cat":284429},{"id":19146,"n":"Cappelletti bio Céréal Bio tofu et Chèvre express-220g","p":1.97,"u":"8,95 €/KG","img":"https://fd13-photos.leclercdrive.fr/image.ashx?id=2642372&use=l&cat=p&typeid=i","cat":287600},{"id":19155,"n":"Farine de blé Bio Francine 1kg","p":1.91,"u":"1,91 €/KG","img":"https://fd13-photos.leclercdrive.fr/image.ashx?id=2989117&use=l&cat=p&typeid=i","cat":284503},{"id":19199,"n":"Pain de mie La Boulangère à la  Farine complète Bio - 500g","p":2.01,"u":"4,02 €/KG","img":"https://fd13-photos.leclercdrive.fr/image.ashx?id=2912386&use=l&cat=p&typeid=i","cat":284477},{"id":19202,"n":"Galettes bio Bio Village 4 céréales x17 - 130g","p":0.99,"u":"7,62 €/KG","img":"https://fd13-photos.leclercdrive.fr/image.ashx?id=1208779&use=l&cat=p&typeid=i","cat":318651},{"id":19210,"n":"Flageolets Préparés Cassegrain Extra Fins 265g","p":1.74,"u":"6,57 €/KG","img":"https://fd13-photos.leclercdrive.fr/image.ashx?id=2983084&use=l&cat=p&typeid=i","cat":312606},{"id":19211,"n":"Lentilles Préparées Cassegrain Tendres et Fondants 265g","p":1.65,"u":"6,23 €/KG","img":"https://fd13-photos.leclercdrive.fr/image.ashx?id=2952460&use=l&cat=p&typeid=i","cat":312609},{"id":19255,"n":"Croquettes chat Purina One Light Adulte -Poulet/Blé -1,5kg","p":7.19,"u":"4,79 €/KG","img":"https://fd13-photos.leclercdrive.fr/image.ashx?id=2432010&use=l&cat=p&typeid=i","cat":284680},{"id":19257,"n":"Croquettes chat Purina One Sensible Adulte-Dinde/Riz-450g","p":2.62,"u":"5,82 €/KG","img":"https://fd13-photos.leclercdrive.fr/image.ashx?id=2459658&use=l&cat=p&typeid=i","cat":284680},{"id":19258,"n":"Croquettes chat Plénima Premium Stérilisé - 450g","p":1.75,"u":"3,89 €/KG","img":"https://fd13-photos.leclercdrive.fr/image.ashx?id=1943373&use=l&cat=p&typeid=i","cat":284680},{"id":19279,"n":"Sucre de canne Daddy En morceaux - 1kg","p":2.23,"u":"2,23 €/KG","img":"https://fd13-photos.leclercdrive.fr/image.ashx?id=2908576&use=l&cat=p&typeid=i","cat":284502},{"id":19285,"n":"Sauce crudités Rustica Fines herbes - 50cl","p":0.88,"u":"1,76 €/L","img":"https://fd13-photos.leclercdrive.fr/image.ashx?id=1972916&use=l&cat=p&typeid=i","cat":284456},{"id":19293,"n":"Lait céréales bébé Blédiner 12m Carotte pois soir - 2x250ml","p":1.78,"u":"3,56 €/L","img":"https://fd13-photos.leclercdrive.fr/image.ashx?id=2949856&use=l&cat=p&typeid=i","cat":312239},{"id":19296,"n":"Gressins Tokapi Sésame - 125g","p":1.17,"u":"9,36 €/KG","img":"https://fd13-photos.leclercdrive.fr/image.ashx?id=1993574&use=l&cat=p&typeid=i","cat":297000},{"id":19297,"n":"Lait céréales bébé Blédiner 6m Potiron soir - 2x250ml","p":1.83,"u":"3,66 €/L","img":"https://fd13-photos.leclercdrive.fr/image.ashx?id=2960141&use=l&cat=p&typeid=i","cat":312239},{"id":19298,"n":"Gressins Tokapi  Huile d'olive romarin - 125g","p":1.41,"u":"11,28 €/KG","img":"https://fd13-photos.leclercdrive.fr/image.ashx?id=1993577&use=l&cat=p&typeid=i","cat":297000},{"id":19301,"n":"Céréales Tipiak Méditerranéennes 2x200g","p":1.97,"u":"4,93 €/KG","img":"https://fd13-photos.leclercdrive.fr/image.ashx?id=2766253&use=l&cat=p&typeid=i","cat":284429},{"id":19303,"n":"Mini penne Turini 500g","p":0.98,"u":"1,96 €/KG","img":"https://fd13-photos.leclercdrive.fr/image.ashx?id=3015063&use=l&cat=p&typeid=i","cat":284427},{"id":19304,"n":"Mini farfalle Turini 500g","p":1.26,"u":"2,52 €/KG","img":"https://fd13-photos.leclercdrive.fr/image.ashx?id=2607494&use=l&cat=p&typeid=i","cat":284427},{"id":19305,"n":"Pâtes Spaghetti Panzani 3 Minutes - 500G","p":1.2,"u":"2,40 €/KG","img":"https://fd13-photos.leclercdrive.fr/image.ashx?id=3008035&use=l&cat=p&typeid=i","cat":284427},{"id":19308,"n":"Epices pour guacamole Old el paso - 20g","p":1.12,"u":"56,00 €/KG","img":"https://fd13-photos.leclercdrive.fr/image.ashx?id=2858168&use=l&cat=p&typeid=i","cat":288993},{"id":19313,"n":"Tartelettes Bonne Maman A la framboise étui 135g","p":1.38,"u":"10,22 €/KG","img":"https://fd13-photos.leclercdrive.fr/image.ashx?id=2984383&use=l&cat=p&typeid=i","cat":284489},{"id":19319,"n":"Cookies Eco+ Pépites de chocolat - 200g","p":0.92,"u":"4,60 €/KG","img":"https://fd13-photos.leclercdrive.fr/image.ashx?id=2821875&use=l&cat=p&typeid=i","cat":325066},{"id":19356,"n":"Infusion bio Jardin Bio Thym Menthe - x20 sachets - 30g","p":1.79,"u":"59,67 €/KG","img":"https://fd13-photos.leclercdrive.fr/image.ashx?id=2792654&use=l&cat=p&typeid=i","cat":293234},{"id":19366,"n":"Barres céréales Grany Chocolat - 125g","p":1.8,"u":"14,40 €/KG","img":"https://fd13-photos.leclercdrive.fr/image.ashx?id=2773613&use=l&cat=p&typeid=i","cat":285869},{"id":19367,"n":"Chocolat au lait Alter Eco  fondant Bio - 100g","p":2.84,"u":"28,40 €/KG","img":"https://fd13-photos.leclercdrive.fr/image.ashx?id=2912353&use=l&cat=p&typeid=i","cat":284497},{"id":19368,"n":"Barres céréales Grany Noisettes - 125g","p":1.82,"u":"14,56 €/KG","img":"https://fd13-photos.leclercdrive.fr/image.ashx?id=2773607&use=l&cat=p&typeid=i","cat":285869},{"id":19386,"n":"Méli mélo céréales lég Tipiak 330g","p":2.24,"u":"6,79 €/KG","img":"https://fd13-photos.leclercdrive.fr/image.ashx?id=2563715&use=l&cat=p&typeid=i","cat":284429},{"id":19408,"n":"Soupe Velouté Bio Village Bio Légumes verts - 1L","p":2.42,"u":"2,42 €/L","img":"https://fd13-photos.leclercdrive.fr/image.ashx?id=732097&use=l&cat=p&typeid=i","cat":284462},{"id":19411,"n":"Compote Allégée en sucres Eco+ Coupelle pomme - 4x100g","p":0.55,"u":"1,38 €/KG","img":"https://fd13-photos.leclercdrive.fr/image.ashx?id=1961398&use=l&cat=p&typeid=i","cat":284508},{"id":19416,"n":"Dessert fruitier Andros Pomme allégé 730g","p":1.28,"u":"1,75 €/KG","img":"https://fd13-photos.leclercdrive.fr/image.ashx?id=2369930&use=l&cat=p&typeid=i","cat":284508},{"id":19418,"n":"Pâtes serpentini Turini 500g","p":0.84,"u":"1,68 €/KG","img":"https://fd13-photos.leclercdrive.fr/image.ashx?id=2744231&use=l&cat=p&typeid=i","cat":284427},{"id":19420,"n":"Pâtes Torsades Turini Nature tomate épinard - 500g","p":1.1,"u":"2,20 €/KG","img":"https://fd13-photos.leclercdrive.fr/image.ashx?id=2607485&use=l&cat=p&typeid=i","cat":284427},{"id":19424,"n":"Spaghetti Turini Au blé complet - 500g","p":0.95,"u":"1,90 €/KG","img":"https://fd13-photos.leclercdrive.fr/image.ashx?id=2607497&use=l&cat=p&typeid=i","cat":284427},{"id":19426,"n":"Gâteaux L'Ourson Lulu LU Chocolat - 150g","p":1.3,"u":"8,67 €/KG","img":"https://fd13-photos.leclercdrive.fr/image.ashx?id=3014425&use=l&cat=p&typeid=i","cat":284495},{"id":19427,"n":"Pâtes penne Turini Blé complet - 500g","p":1.0,"u":"2,00 €/KG","img":"https://fd13-photos.leclercdrive.fr/image.ashx?id=2607500&use=l&cat=p&typeid=i","cat":284427},{"id":19432,"n":"Pains au chocolat Eco+ x10 - 450g","p":1.55,"u":"3,44 €/KG","img":"https://fd13-photos.leclercdrive.fr/image.ashx?id=2093120&use=l&cat=p&typeid=i","cat":296366},{"id":19433,"n":"Pain au lait Eco+ x10 - 400g","p":0.99,"u":"2,48 €/KG","img":"https://fd13-photos.leclercdrive.fr/image.ashx?id=2643578&use=l&cat=p&typeid=i","cat":293505},{"id":19435,"n":"Barres de céréales Special K Kellogg's Chocolat lait - 6x20g","p":2.17,"u":"18,08 €/KG","img":"https://fd13-photos.leclercdrive.fr/image.ashx?id=2306366&use=l&cat=p&typeid=i","cat":285869},{"id":19440,"n":"Flageolets d'aucy  Extra-fins - 530g","p":1.88,"u":"3,55 €/KG","img":"https://fd13-photos.leclercdrive.fr/image.ashx?id=2486152&use=l&cat=p&typeid=i","cat":312606},{"id":19463,"n":"Sticks dentaires Lydog Moyen chien - x7 - 180g","p":1.39,"u":"7,72 €/KG","img":"https://fd13-photos.leclercdrive.fr/image.ashx?id=1878598&use=l&cat=p&typeid=i","cat":294527},{"id":19471,"n":"Mélange Le Sélect Vico Graines variées - 100g","p":2.26,"u":"22,60 €/KG","img":"https://fd13-photos.leclercdrive.fr/image.ashx?id=2569839&use=l&cat=p&typeid=i","cat":284448},{"id":19473,"n":"Assiettes rondes Homeside Biodégradables 23cm x25","p":2.99,"img":"https://fd13-photos.leclercdrive.fr/image.ashx?id=1659687&use=l&cat=p&typeid=i","cat":334134},{"id":19474,"n":"Assiettes Ardence Dessert carrées 15.5cm x25","p":2.3,"img":"https://fd13-photos.leclercdrive.fr/image.ashx?id=951295&use=l&cat=p&typeid=i","cat":334134},{"id":19475,"n":"Assiettes Ardence Biodégradables 26cm x10","p":2.99,"u":"0,30 €/P","img":"https://fd13-photos.leclercdrive.fr/image.ashx?id=951291&use=l&cat=p&typeid=i","cat":334134},{"id":19487,"n":"Cassoulet Toulousain   Raynal Et Roquelaure - 840g","p":3.96,"u":"4,71 €/KG","img":"https://fd13-photos.leclercdrive.fr/image.ashx?id=2928387&use=l&cat=p&typeid=i","cat":284440},{"id":19491,"n":"Couscous tunisien Côté Table Kefta merguez - 300g","p":2.19,"u":"7,30 €/KG","img":"https://fd13-photos.leclercdrive.fr/image.ashx?id=2476137&use=l&cat=p&typeid=i","cat":284953},{"id":19493,"n":"Colin d'alaska Côté Table Barquette micro-ondable 300g","p":1.99,"u":"6,63 €/KG","img":"https://fd13-photos.leclercdrive.fr/image.ashx?id=2149001&use=l&cat=p&typeid=i","cat":284953},{"id":19505,"n":"Olives vertes Crespo Dénoyautées 160g","p":1.98,"u":"12,38 €/KG","img":"https://fd13-photos.leclercdrive.fr/image.ashx?id=2616895&use=l&cat=p&typeid=i","cat":284458},{"id":19519,"n":"Enveloppes Eco+ 11,4x16,2cm - x100","p":1.53,"u":"0,02 €/P","img":"https://fd13-photos.leclercdrive.fr/image.ashx?id=1698592&use=l&cat=p&typeid=i","cat":284697},{"id":19542,"n":"Filets de saumon rose Findus Pacifique - MSC - x4 - 400g","p":11.28,"u":"28,20 €/KG","img":"https://fd13-photos.leclercdrive.fr/image.ashx?id=2735326&use=l&cat=p&typeid=i","cat":319786},{"id":19575,"n":"Lait démaquillant Inell Douceur 250ml","p":1.59,"u":"6,36 €/L","img":"https://fd13-photos.leclercdrive.fr/image.ashx?id=2691622&use=l&cat=p&typeid=i","cat":284603},{"id":19601,"n":"Gâteaux marbrés P'tit Déli x14 378g","p":2.97,"u":"7,86 €/KG","img":"https://fd13-photos.leclercdrive.fr/image.ashx?id=1947363&use=l&cat=p&typeid=i","cat":284495},{"id":19604,"n":"Gâteaux P'tit Déli A base de yaourt x7 - 189g","p":1.88,"u":"9,95 €/KG","img":"https://fd13-photos.leclercdrive.fr/image.ashx?id=2059086&use=l&cat=p&typeid=i","cat":294776},{"id":19609,"n":"Tuiles Tokapi Fromage - 170g","p":1.39,"u":"8,18 €/KG","img":"https://fd13-photos.leclercdrive.fr/image.ashx?id=2081684&use=l&cat=p&typeid=i","cat":287899},{"id":19611,"n":"Soupe Velouté Régal Soupe Tomates - 2x30cl","p":1.49,"u":"2,48 €/L","img":"https://fd13-photos.leclercdrive.fr/image.ashx?id=2623007&use=l&cat=p&typeid=i","cat":284462},{"id":19633,"n":"Soufflés Tornades Tokapi Nature - 85g","p":0.69,"u":"8,12 €/KG","img":"https://fd13-photos.leclercdrive.fr/image.ashx?id=2961683&use=l&cat=p&typeid=i","cat":284449},{"id":19644,"n":"Assiettes rondes Homeside Dessert Biodégradables 18cm x25","p":2.23,"img":"https://fd13-photos.leclercdrive.fr/image.ashx?id=1659684&use=l&cat=p&typeid=i","cat":334134},{"id":19645,"n":"Mini-crêpes fourrées Tokapi Cheddar - 65g","p":1.99,"u":"30,62 €/KG","img":"https://fd13-photos.leclercdrive.fr/image.ashx?id=2853889&use=l&cat=p&typeid=i","cat":297000},{"id":19659,"n":"Poêlée landaise Côté Table Surgelée - 900g","p":5.79,"u":"6,43 €/KG","img":"https://fd13-photos.leclercdrive.fr/image.ashx?id=2142367&use=l&cat=p&typeid=i","cat":319823},{"id":19684,"n":"tofu nature bio bjorg  - 2x200g","p":2.63,"u":"6,58 €/KG","img":"https://fd13-photos.leclercdrive.fr/image.ashx?id=2907979&use=l&cat=p&typeid=i","cat":284953},{"id":19702,"n":"Sucre en poudre Béghin Say 750g","p":1.72,"u":"2,29 €/KG","img":"https://fd13-photos.leclercdrive.fr/image.ashx?id=2866352&use=l&cat=p&typeid=i","cat":284502},{"id":19704,"n":"Sardines NRT St-Gilles Label Rouge à l'huile - 115g","p":2.25,"u":"19,57 €/KG","img":"https://fd13-photos.leclercdrive.fr/image.ashx?id=2775439&use=l&cat=p&typeid=i","cat":305146},{"id":19719,"n":"Yaourts Lait entier Bio Village Bio Vanille - 4x125g","p":1.27,"u":"2,54 €/KG","img":"https://fd13-photos.leclercdrive.fr/image.ashx?id=2032373&use=l&cat=p&typeid=i","cat":286006},{"id":19723,"n":"Sacs congélation zip Elembal Grand x15","p":1.8,"u":"0,12 €/P","img":"https://fd13-photos.leclercdrive.fr/image.ashx?id=2119127&use=l&cat=p&typeid=i","cat":334134},{"id":19729,"n":"Biscuit P'tit Déli Palmiers Chocolat au lait 110g","p":1.25,"u":"11,36 €/KG","img":"https://fd13-photos.leclercdrive.fr/image.ashx?id=2072340&use=l&cat=p&typeid=i","cat":284488},{"id":19732,"n":"Les p'tites spirales P'tit Déli Chocolat  x6 - 150g","p":1.35,"u":"9,00 €/KG","img":"https://fd13-photos.leclercdrive.fr/image.ashx?id=809737&use=l&cat=p&typeid=i","cat":284495},{"id":19743,"n":"Déodorant atomiseur Carré Homme Musc 200ml","p":1.35,"u":"6,75 €/L","img":"https://fd13-photos.leclercdrive.fr/image.ashx?id=2375998&use=l&cat=p&typeid=i","cat":284618},{"id":19744,"n":"Déodorant atomiseur Carré Homme Marine 200ml","p":1.35,"u":"6,75 €/L","img":"https://fd13-photos.leclercdrive.fr/image.ashx?id=2390707&use=l&cat=p&typeid=i","cat":284618},{"id":19750,"n":"Cotons Duo Démaquillants Inell Duo carré - Disques x50","p":1.24,"u":"0,02 €/P","img":"https://fd13-photos.leclercdrive.fr/image.ashx?id=1709937&use=l&cat=p&typeid=i","cat":285593},{"id":19758,"n":"Essuie-tout Bobine Uni Vert Compact - 500 feuilles x1","p":4.5,"img":"https://fd13-photos.leclercdrive.fr/image.ashx?id=2684826&use=l&cat=p&typeid=i","cat":284635},{"id":19788,"n":"Stick lèvres Inell Hydratant - 2 pièces","p":1.5,"u":"0,75 €/P","img":"https://fd13-photos.leclercdrive.fr/image.ashx?id=2776042&use=l&cat=p&typeid=i","cat":285485},{"id":19796,"n":"Papier aluminium Elembal 30m","p":2.76,"img":"https://fd13-photos.leclercdrive.fr/image.ashx?id=1732796&use=l&cat=p&typeid=i","cat":334134},{"id":19798,"n":"Dissolvant doux Inell Sans acétone - 150ml","p":1.42,"u":"9,47 €/L","img":"https://fd13-photos.leclercdrive.fr/image.ashx?id=2691640&use=l&cat=p&typeid=i","cat":325347},{"id":19815,"n":"Piles alcalines Foxter AAA/LR3 1,5V - x8","p":1.69,"img":"https://fd13-photos.leclercdrive.fr/image.ashx?id=2162153&use=l&cat=p&typeid=i","cat":300572},{"id":19856,"n":"Pâtes Barilla Coquillettes - 1kg","p":1.83,"u":"1,83 €/KG","img":"https://fd13-photos.leclercdrive.fr/image.ashx?id=2392230&use=l&cat=p&typeid=i","cat":284427},{"id":19874,"n":"Clafoutis La Laitière Aux cerises - 4x85g","p":2.61,"u":"7,68 €/KG","img":"https://fd13-photos.leclercdrive.fr/image.ashx?id=2628230&use=l&cat=p&typeid=i","cat":284419},{"id":19881,"n":"Dés Salakis herbes de Provence Fromage brebis - 300g","p":3.33,"u":"11,10 €/KG","img":"https://fd13-photos.leclercdrive.fr/image.ashx?id=2729686&use=l&cat=p&typeid=i","cat":314026},{"id":19898,"n":"Oeufs frais Matines x12","p":2.94,"u":"0,25 €/P","img":"https://fd13-photos.leclercdrive.fr/image.ashx?id=2796231&use=l&cat=p&typeid=i","cat":284378},{"id":19901,"n":"Oeufs De Nos Villages Plein air, moyen  - x12","p":3.37,"u":"0,28 €/P","img":"https://fd13-photos.leclercdrive.fr/image.ashx?id=2153942&use=l&cat=p&typeid=i","cat":284378},{"id":19906,"n":"Yaourts brassés aux fruits Bio Bio village - 12x125g","p":4.49,"u":"2,99 €/KG","img":"https://fd13-photos.leclercdrive.fr/image.ashx?id=2841971&use=l&cat=p&typeid=i","cat":284410},{"id":19909,"n":"Yaourts Lait entier Bio Village Bio Vanille - 12x125g","p":3.27,"u":"2,18 €/KG","img":"https://fd13-photos.leclercdrive.fr/image.ashx?id=2032376&use=l&cat=p&typeid=i","cat":286006},{"id":19913,"n":"Mousse liégeoise Viennois  Chocolat - 4x90g","p":1.63,"u":"4,53 €/KG","img":"https://fd13-photos.leclercdrive.fr/image.ashx?id=2785172&use=l&cat=p&typeid=i","cat":285042},{"id":19933,"n":"Pizza Crousti-moelleuse Marie Royale - 3x400g","p":6.88,"u":"5,73 €/KG","img":"https://fd13-photos.leclercdrive.fr/image.ashx?id=2996800&use=l&cat=p&typeid=i","cat":284256},{"id":19935,"n":"Pizza Crousti-moelleuse Marie 4 fromages - 3x390g","p":6.59,"u":"5,63 €/KG","img":"https://fd13-photos.leclercdrive.fr/image.ashx?id=2996803&use=l&cat=p&typeid=i","cat":284256},{"id":19941,"n":"Pur jus d'orange Jafaden Avec pulpe - 1L","p":2.45,"u":"2,45 €/L","img":"https://fd13-photos.leclercdrive.fr/image.ashx?id=2395258&use=l&cat=p&typeid=i","cat":285435},{"id":19957,"n":"Purée brocolis Notre Jardin Nature 750g","p":1.69,"u":"2,25 €/KG","img":"https://fd13-photos.leclercdrive.fr/image.ashx?id=2856163&use=l&cat=p&typeid=i","cat":319805},{"id":19960,"n":"Purée carottes Notre Jardin Nature 750g","p":2.43,"u":"3,24 €/KG","img":"https://fd13-photos.leclercdrive.fr/image.ashx?id=2856166&use=l&cat=p&typeid=i","cat":319805},{"id":19991,"n":"Fromage frais Délisse Fruits panachés - 6x100g","p":2.56,"u":"4,27 €/KG","img":"https://fd13-photos.leclercdrive.fr/image.ashx?id=2913669&use=l&cat=p&typeid=i","cat":284414},{"id":19993,"n":"Crème dessert Délisse Vanille sur lit chocolat 4x125g","p":1.42,"u":"2,84 €/KG","img":"https://fd13-photos.leclercdrive.fr/image.ashx?id=2441222&use=l&cat=p&typeid=i","cat":285041},{"id":20008,"n":"Compote Andros Pomme nature - 12x100g","p":3.15,"u":"2,63 €/KG","img":"https://fd13-photos.leclercdrive.fr/image.ashx?id=2989114&use=l&cat=p&typeid=i","cat":284416},{"id":20010,"n":"Yaourts lait entier nature Bio  Bio village - 12x125g","p":2.46,"u":"1,64 €/KG","img":"https://fd13-photos.leclercdrive.fr/image.ashx?id=2102992&use=l&cat=p&typeid=i","cat":284409},{"id":20012,"n":"Pack confiturier Le Parfait 6 x 385ml","p":9.9,"u":"4,29 €/L","img":"https://fd13-photos.leclercdrive.fr/image.ashx?id=2807486&use=l&cat=p&typeid=i","cat":284710},{"id":20016,"n":"Rondelle confiturier Le Parfait Universelle 85mns x10","p":2.6,"u":"0,26 €/P","img":"https://fd13-photos.leclercdrive.fr/image.ashx?id=2807492&use=l&cat=p&typeid=i","cat":284710},{"id":20032,"n":"Whisky Jack Daniel's Old N°7 1L","p":28.5,"pp":25.65,"u":"25,65 €/L","img":"https://fd13-photos.leclercdrive.fr/image.ashx?id=2805189&use=l&cat=p&typeid=i","cat":284547},{"id":20033,"n":"Bière brune Leffe 6,5% - 75cl","p":2.89,"u":"3,85 €/L","img":"https://fd13-photos.leclercdrive.fr/image.ashx?id=2457482&use=l&cat=p&typeid=i","cat":334852},{"id":20038,"n":"Crème aux œufs La Laitière lit de caramel - 4x100g","p":1.83,"u":"4,58 €/KG","img":"https://fd13-photos.leclercdrive.fr/image.ashx?id=2744593&use=l&cat=p&typeid=i","cat":284419},{"id":20044,"n":"Bière Leffe Ruby 5% - 75cl","p":2.97,"u":"3,96 €/L","img":"https://fd13-photos.leclercdrive.fr/image.ashx?id=1589629&use=l&cat=p&typeid=i","cat":334878},{"id":20050,"n":"Bière belge Duvel 8,5%vol. - 33cl","p":1.77,"u":"5,36 €/L","img":"https://fd13-photos.leclercdrive.fr/image.ashx?id=2389304&use=l&cat=p&typeid=i","cat":334872},{"id":20075,"n":"Corned beef Hereford 340g","p":3.46,"u":"10,18 €/KG","img":"https://fd13-photos.leclercdrive.fr/image.ashx?id=2896946&use=l&cat=p&typeid=i","cat":305149},{"id":20085,"n":"Bière bleue Chimay Brune - 9%vol. - 33cl","p":2.43,"u":"7,36 €/L","img":"https://fd13-photos.leclercdrive.fr/image.ashx?id=1758849&use=l&cat=p&typeid=i","cat":334872},{"id":20086,"n":"Bière brune Chimay Rouge - 7%vol. - 33cl","p":1.55,"u":"4,70 €/L","img":"https://fd13-photos.leclercdrive.fr/image.ashx?id=1758843&use=l&cat=p&typeid=i","cat":334872},{"id":20138,"n":"Chips Pom'Lisse Nature - 200g","p":1.19,"u":"5,95 €/KG","img":"https://fd13-photos.leclercdrive.fr/image.ashx?id=2441258&use=l&cat=p&typeid=i","cat":284447},{"id":20146,"n":"Brique de brebis Les Croisés 150g","p":2.45,"u":"16,33 €/KG","img":"https://fd13-photos.leclercdrive.fr/image.ashx?id=2645903&use=l&cat=p&typeid=i","cat":314031},{"id":20154,"n":"Pâtes Barilla Macaroni - 1kg","p":1.89,"u":"1,89 €/KG","img":"https://fd13-photos.leclercdrive.fr/image.ashx?id=2602317&use=l&cat=p&typeid=i","cat":284427},{"id":20172,"n":"Petits pots bébé P'TIT SOUPER Aubergine pâtes 8M+ - 2x200g","p":1.81,"u":"4,53 €/KG","img":"https://fd13-photos.leclercdrive.fr/image.ashx?id=2526511&use=l&cat=p&typeid=i","cat":312239},{"id":20175,"n":"Petits pots bébé P'TIT SOUPER  7 légumes 8M+ - 2x200g","p":1.75,"u":"4,38 €/KG","img":"https://fd13-photos.leclercdrive.fr/image.ashx?id=2526508&use=l&cat=p&typeid=i","cat":312239},{"id":20180,"n":"Crème Fraîche Elle&Vire Epaisse Légère - 12% MG - 33cl","p":1.66,"u":"5,03 €/L","img":"https://fd13-photos.leclercdrive.fr/image.ashx?id=2871949&use=l&cat=p&typeid=i","cat":284381},{"id":20183,"n":"Emmental français Entremont 45%mg - 250g","p":2.81,"u":"11,24 €/KG","img":"https://fd13-photos.leclercdrive.fr/image.ashx?id=2983138&use=l&cat=p&typeid=i","cat":314034},{"id":20195,"n":"Camembert Isigny Ste Mère Au lait cru - 250g","p":3.45,"u":"13,80 €/KG","img":"https://fd13-photos.leclercdrive.fr/image.ashx?id=2284415&use=l&cat=p&typeid=i","cat":314033},{"id":20213,"n":"Camembert Cœur de Lion  8 portions - 240g","p":2.85,"u":"11,88 €/KG","img":"https://fd13-photos.leclercdrive.fr/image.ashx?id=2767962&use=l&cat=p&typeid=i","cat":314033},{"id":20217,"n":"Préparation pour crème brûlée Délisse - 2x100g","p":1.45,"u":"7,25 €/KG","img":"https://fd13-photos.leclercdrive.fr/image.ashx?id=3001205&use=l&cat=p&typeid=i","cat":284419},{"id":20222,"n":"Ricotta Casa Azzurra 250g","p":1.57,"u":"6,28 €/KG","img":"https://fd13-photos.leclercdrive.fr/image.ashx?id=1849630&use=l&cat=p&typeid=i","cat":314026},{"id":20228,"n":"Crème aux oeufs Délisse Lit caramel - 4x100g","p":1.59,"u":"3,98 €/KG","img":"https://fd13-photos.leclercdrive.fr/image.ashx?id=2970616&use=l&cat=p&typeid=i","cat":284419},{"id":20239,"n":"Gâteaux fourrés P'tit Déli Chocolat x7 - 189g","p":2.18,"u":"11,53 €/KG","img":"https://fd13-photos.leclercdrive.fr/image.ashx?id=2554517&use=l&cat=p&typeid=i","cat":284495},{"id":20244,"n":"Compotes Pom'Potes Gourdes BIO  Pomme Nature - 12x90g","p":6.12,"u":"5,67 €/KG","img":"https://fd13-photos.leclercdrive.fr/image.ashx?id=2901608&use=l&cat=p&typeid=i","cat":284508},{"id":20267,"n":"Compote bio Bio Village Coupelle pomme poire - 4x100g","p":2.29,"u":"5,73 €/KG","img":"https://fd13-photos.leclercdrive.fr/image.ashx?id=2442710&use=l&cat=p&typeid=i","cat":284508},{"id":20288,"n":"Soufflés Snack's Tokapi Cacahuète - 55g","p":0.39,"u":"7,09 €/KG","img":"https://fd13-photos.leclercdrive.fr/image.ashx?id=1947495&use=l&cat=p&typeid=i","cat":284449},{"id":20291,"n":"Déodorant bille Manava Vanille 50ml","p":1.29,"u":"25,80 €/L","img":"https://fd13-photos.leclercdrive.fr/image.ashx?id=1865295&use=l&cat=p&typeid=i","cat":284595},{"id":20292,"n":"Déodorant bille Manava Anti traces 50ml","p":0.69,"u":"13,80 €/L","img":"https://fd13-photos.leclercdrive.fr/image.ashx?id=1744457&use=l&cat=p&typeid=i","cat":284595},{"id":20299,"n":"AOC Saint Mont rouge  Marquis de Seillan - 75cl","p":4.99,"pp":3.29,"u":"4,39 €/L","img":"https://fd13-photos.leclercdrive.fr/image.ashx?id=2753982&use=l&cat=p&typeid=i","cat":289556},{"id":20300,"n":"Tarte Tomates Chèvre Courgette Côté Table - 400g","p":2.81,"u":"7,03 €/KG","img":"https://fd13-photos.leclercdrive.fr/image.ashx?id=2791767&use=l&cat=p&typeid=i","cat":284257},{"id":20306,"n":"Rillettes crabe Ronde des Mers 150g","p":1.99,"u":"13,27 €/KG","img":"https://fd13-photos.leclercdrive.fr/image.ashx?id=2644882&use=l&cat=p&typeid=i","cat":285191},{"id":20309,"n":"Jambon supérieur Tradilège -25% de sel - Découenné x4-160g","p":1.95,"u":"12,19 €/KG","img":"https://fd13-photos.leclercdrive.fr/image.ashx?id=2991518&use=l&cat=p&typeid=i","cat":316009},{"id":20353,"n":"chocolat alter eco noir  ecorces d'orange bio - 100g","p":2.6,"u":"26,00 €/KG","img":"https://fd13-photos.leclercdrive.fr/image.ashx?id=2906532&use=l&cat=p&typeid=i","cat":284956},{"id":20362,"n":"Coeurs filets merlu Pêche Océan MSC 4 à 5 pièces 400g","p":5.3,"u":"13,25 €/KG","img":"https://fd13-photos.leclercdrive.fr/image.ashx?id=2953725&use=l&cat=p&typeid=i","cat":319786},{"id":20375,"n":"Saucisson Justin Bridou Bâton de Berger Noisette - 250g","p":4.61,"u":"18,44 €/KG","img":"https://fd13-photos.leclercdrive.fr/image.ashx?id=2948054&use=l&cat=p&typeid=i","cat":316006},{"id":20376,"n":"Colin d'Alaska Marie Beurre citron thym - 400g","p":4.27,"u":"10,68 €/KG","img":"https://fd13-photos.leclercdrive.fr/image.ashx?id=2996809&use=l&cat=p&typeid=i","cat":319786},{"id":20380,"n":"Jambon cru 6 tranches Aoste sans conservateur - 165g","p":4.69,"u":"28,42 €/KG","img":"https://fd13-photos.leclercdrive.fr/image.ashx?id=2950285&use=l&cat=p&typeid=i","cat":316007},{"id":20397,"n":"Tagliatelles Weight Watchers Poulet champignons 300g","p":3.31,"u":"11,03 €/KG","img":"https://fd13-photos.leclercdrive.fr/image.ashx?id=2960759&use=l&cat=p&typeid=i","cat":333665},{"id":20408,"n":"Déodorant bille Carré homme Anti traces et transpirant 50ml","p":0.69,"u":"13,80 €/L","img":"https://fd13-photos.leclercdrive.fr/image.ashx?id=2232583&use=l&cat=p&typeid=i","cat":284618},{"id":20447,"n":"Chips Pom'lisse Nature - 350g","p":1.89,"u":"5,40 €/KG","img":"https://fd13-photos.leclercdrive.fr/image.ashx?id=2441270&use=l&cat=p&typeid=i","cat":284447},{"id":20452,"n":"Paëlla Valenciana Fleury Michon 400g","p":3.54,"u":"8,85 €/KG","img":"https://fd13-photos.leclercdrive.fr/image.ashx?id=2656739&use=l&cat=p&typeid=i","cat":333665},{"id":20468,"n":"Blanc de poulet Fleury Michon -25% de sel - x2 - 80g","p":1.42,"u":"17,75 €/KG","img":"https://fd13-photos.leclercdrive.fr/image.ashx?id=2885971&use=l&cat=p&typeid=i","cat":316010},{"id":20476,"n":"Cocktail Punch Old Nick Coco 16%vol. - 70cl","p":5.79,"u":"8,27 €/L","img":"https://fd13-photos.leclercdrive.fr/image.ashx?id=2999213&use=l&cat=p&typeid=i","cat":284551},{"id":20484,"n":"AOP Cabernet d'Anjou rosé Plessis-Duval - 75cl","p":4.6,"u":"6,13 €/L","img":"https://fd13-photos.leclercdrive.fr/image.ashx?id=2941035&use=l&cat=p&typeid=i","cat":289558},{"id":20501,"n":"Yaourts aux fruits Délisse Fruits Jaunes - 8x125g","p":2.29,"u":"2,29 €/KG","img":"https://fd13-photos.leclercdrive.fr/image.ashx?id=2533319&use=l&cat=p&typeid=i","cat":284410},{"id":20545,"n":"Haricots verts Bio Bio Village 600g","p":1.46,"u":"2,43 €/KG","img":"https://fd13-photos.leclercdrive.fr/image.ashx?id=2891812&use=l&cat=p&typeid=i","cat":319805},{"id":20605,"n":"Compote bio Bio Village Coupelle pomme - 4x100g","p":1.67,"u":"4,18 €/KG","img":"https://fd13-photos.leclercdrive.fr/image.ashx?id=2085275&use=l&cat=p&typeid=i","cat":284508},{"id":20627,"n":"Chipolatas Férial x12 - 660g","p":7.09,"u":"10,74 €/KG","img":"https://fd13-photos.leclercdrive.fr/image.ashx?id=2590526&use=l&cat=p&typeid=i","cat":284334},{"id":20634,"n":"Lait céréales Blédidej 6 mois Vanille - 4x250ml","p":3.44,"u":"3,44 €/L","img":"https://fd13-photos.leclercdrive.fr/image.ashx?id=2921046&use=l&cat=p&typeid=i","cat":312226},{"id":20648,"n":"Maquereaux Pêche Océan Moutarde à l'ancienne - 169g","p":1.66,"u":"9,82 €/KG","img":"https://fd13-photos.leclercdrive.fr/image.ashx?id=2515676&use=l&cat=p&typeid=i","cat":303868},{"id":20683,"n":"Pommes duchesse Pom'lisse 750g","p":1.29,"u":"1,72 €/KG","img":"https://fd13-photos.leclercdrive.fr/image.ashx?id=2851577&use=l&cat=p&typeid=i","cat":319792},{"id":20684,"n":"Cordon bleu de poulet Eco+ 800g","p":3.9,"u":"4,88 €/KG","img":"https://fd13-photos.leclercdrive.fr/image.ashx?id=1760212&use=l&cat=p&typeid=i","cat":319780},{"id":20685,"n":"Purée 4 légumes Notre Jardin 750g","p":2.24,"u":"2,99 €/KG","img":"https://fd13-photos.leclercdrive.fr/image.ashx?id=2389518&use=l&cat=p&typeid=i","cat":319805},{"id":20686,"n":"Haricots plats Notre Jardin 1kg","p":1.79,"u":"1,79 €/KG","img":"https://fd13-photos.leclercdrive.fr/image.ashx?id=2431122&use=l&cat=p&typeid=i","cat":319805},{"id":20692,"n":"Filet de saumon Fleury Michon purée de brocolis - 300g","p":3.84,"u":"12,80 €/KG","img":"https://fd13-photos.leclercdrive.fr/image.ashx?id=3003278&use=l&cat=p&typeid=i","cat":333665},{"id":20700,"n":"Macaroni sauce tomate Marie Boulettes de viande 280g","p":2.84,"u":"10,14 €/KG","img":"https://fd13-photos.leclercdrive.fr/image.ashx?id=2980968&use=l&cat=p&typeid=i","cat":333665},{"id":20715,"n":"Betterave rouge Bio  Bio Village - 500g","p":1.25,"u":"2,50 €/KG","img":"https://fd13-photos.leclercdrive.fr/image.ashx?id=2888428&use=l&cat=p&typeid=i","cat":284352},{"id":20717,"n":"Sirop Frucci Cassis - 1L","p":3.11,"u":"3,11 €/L","img":"https://fd13-photos.leclercdrive.fr/image.ashx?id=2954079&use=l&cat=p&typeid=i","cat":295020},{"id":20724,"n":"Cheeseburger Charal 6x140g - 840g","p":8.94,"u":"10,64 €/KG","img":"https://fd13-photos.leclercdrive.fr/image.ashx?id=2741952&use=l&cat=p&typeid=i","cat":319822},{"id":20744,"n":"Philadelphia Nature - 150g","p":1.73,"u":"11,53 €/KG","img":"https://fd13-photos.leclercdrive.fr/image.ashx?id=1586142&use=l&cat=p&typeid=i","cat":314029},{"id":20753,"n":"Mouchoirs The Original Kleenex® Etuis mini x24","p":2.95,"u":"0,12 €/P","img":"https://fd13-photos.leclercdrive.fr/image.ashx?id=2840301&use=l&cat=p&typeid=i","cat":284638},{"id":20758,"n":"Riz cantonais Tables du Monde 900g","p":3.99,"u":"4,43 €/KG","img":"https://fd13-photos.leclercdrive.fr/image.ashx?id=2903953&use=l&cat=p&typeid=i","cat":284254},{"id":20760,"n":"Légumes vapeurs Notre Jardin 2x200g","p":2.47,"u":"6,18 €/KG","img":"https://fd13-photos.leclercdrive.fr/image.ashx?id=2900106&use=l&cat=p&typeid=i","cat":319805},{"id":20773,"n":"Anneaux d'encornets Pêche Océan 500g","p":6.55,"u":"13,10 €/KG","img":"https://fd13-photos.leclercdrive.fr/image.ashx?id=3012391&use=l&cat=p&typeid=i","cat":319787},{"id":20775,"n":"Carottes râpées Menu Fraîcheur  1kg","p":1.98,"u":"1,98 €/KG","img":"https://fd13-photos.leclercdrive.fr/image.ashx?id=2645918&use=l&cat=p&typeid=i","cat":333657},{"id":20776,"n":"Taboulé Menu Fraîcheur A l'orientale - 1kg","p":2.77,"u":"2,77 €/KG","img":"https://fd13-photos.leclercdrive.fr/image.ashx?id=2846559&use=l&cat=p&typeid=i","cat":333657},{"id":20777,"n":"Piémontaise Menu Fraîcheur  Au jambon - 1kg","p":4.27,"u":"4,27 €/KG","img":"https://fd13-photos.leclercdrive.fr/image.ashx?id=2965488&use=l&cat=p&typeid=i","cat":333657},{"id":20789,"n":"Déodorant Carré Homme Anti-transpirant 200ml","p":1.35,"u":"6,75 €/L","img":"https://fd13-photos.leclercdrive.fr/image.ashx?id=2610693&use=l&cat=p&typeid=i","cat":284618},{"id":20792,"n":"Cire Institut Siliss Professionnelle - 400g","p":5.6,"u":"14,00 €/KG","img":"https://fd13-photos.leclercdrive.fr/image.ashx?id=2699684&use=l&cat=p&typeid=i","cat":325351},{"id":20811,"n":"Couronne de crevettes Delpierre ASC Sauce cocktail - 130g","p":6.24,"u":"48,00 €/KG","img":"https://fd13-photos.leclercdrive.fr/image.ashx?id=2958851&use=l&cat=p&typeid=i","cat":327284},{"id":20818,"n":"Tomate cocktail en grappe Panier du Primeur - 500g","p":2.49,"u":"4,98 €/KG","img":"https://fd13-photos.leclercdrive.fr/image.ashx?id=2649897&use=l&cat=p&typeid=i","cat":284352},{"id":20834,"n":"AOP Saumur Champigny rouge Charles de Villeneuve - 75cl","p":5.95,"pp":4.46,"u":"5,95 €/L","img":"https://fd13-photos.leclercdrive.fr/image.ashx?id=2859275&use=l&cat=p&typeid=i","cat":289556},{"id":20840,"n":"Yaourts Mamie Nova Panaché de fruits - 6x150g","p":3.39,"u":"3,77 €/KG","img":"https://fd13-photos.leclercdrive.fr/image.ashx?id=2886954&use=l&cat=p&typeid=i","cat":284410},{"id":20858,"n":"Saucisses de Toulouse Férial x4 - 500g","p":4.16,"u":"8,32 €/KG","img":"https://fd13-photos.leclercdrive.fr/image.ashx?id=2590538&use=l&cat=p&typeid=i","cat":284334},{"id":20863,"n":"Allumettes de bacon Herta Fumées 200g","p":2.16,"u":"10,80 €/KG","img":"https://fd13-photos.leclercdrive.fr/image.ashx?id=2876242&use=l&cat=p&typeid=i","cat":316011},{"id":20882,"n":"Colin pané Alaska Cité Marine MSC - 200g","p":2.44,"u":"12,20 €/KG","img":"https://fd13-photos.leclercdrive.fr/image.ashx?id=2844142&use=l&cat=p&typeid=i","cat":284344},{"id":20888,"n":"Sauce beurre citron La Sablaise 170g","p":2.35,"u":"13,82 €/KG","img":"https://fd13-photos.leclercdrive.fr/image.ashx?id=2622657&use=l&cat=p&typeid=i","cat":284382},{"id":20891,"n":"Sauce beurre blanc La Sablaise - 170g","p":2.24,"u":"13,18 €/KG","img":"https://fd13-photos.leclercdrive.fr/image.ashx?id=2689580&use=l&cat=p&typeid=i","cat":284382},{"id":20986,"n":"Sauce Napolitaine Turini 190g","p":0.85,"u":"4,47 €/KG","img":"https://fd13-photos.leclercdrive.fr/image.ashx?id=2552430&use=l&cat=p&typeid=i","cat":287599},{"id":20987,"n":"Liqueur Litchi Soho 15%vol. - 70cl","p":8.5,"u":"12,14 €/L","img":"https://fd13-photos.leclercdrive.fr/image.ashx?id=2971927&use=l&cat=p&typeid=i","cat":286032},{"id":21017,"n":"Poisson Pané Findus  Colin d'Alaska - x10 - 510g","p":4.2,"u":"8,24 €/KG","img":"https://fd13-photos.leclercdrive.fr/image.ashx?id=2735332&use=l&cat=p&typeid=i","cat":319788},{"id":21040,"n":"Whisky Monkey Shoulder 40%vol - 70cl","p":25.69,"u":"36,70 €/L","img":"https://fd13-photos.leclercdrive.fr/image.ashx?id=2917528&use=l&cat=p&typeid=i","cat":284547},{"id":21076,"n":"Bière coffret Excellence Britt 6.07%vol. - 6x33cl","p":8.5,"u":"4,29 €/L","img":"https://fd13-photos.leclercdrive.fr/image.ashx?id=2678044&use=l&cat=p&typeid=i","cat":334872},{"id":21079,"n":"Bière ambrée corse Pietra 6° - 50cl canette","p":2.38,"u":"4,76 €/L","img":"https://fd13-photos.leclercdrive.fr/image.ashx?id=3011470&use=l&cat=p&typeid=i","cat":334853},{"id":21115,"n":"Lambrusco Rosato Vilaveroni 75cl","p":4.19,"u":"5,59 €/L","img":"https://fd13-photos.leclercdrive.fr/image.ashx?id=2333030&use=l&cat=p&typeid=i","cat":289558},{"id":21241,"n":"Spirales Insectivor Anti-moustiques - x10","p":1.73,"u":"0,17 €/P","img":"https://fd13-photos.leclercdrive.fr/image.ashx?id=1939040&use=l&cat=p&typeid=i","cat":298368},{"id":21246,"n":"Pièges Insectivor Anti-mites alimentaires - x2","p":2.76,"u":"1,38 €/P","img":"https://fd13-photos.leclercdrive.fr/image.ashx?id=2884237&use=l&cat=p&typeid=i","cat":298368},{"id":21271,"n":"Crème de jour Diadermine Expert rides 3D - 50ml","p":8.3,"pp":5.48,"u":"109,60 €/L","img":"https://fd13-photos.leclercdrive.fr/image.ashx?id=2500488&use=l&cat=p&typeid=i","cat":325345},{"id":21370,"n":"Emincés pour chat Tous mes amis Viande 4x390g","p":4.21,"u":"2,70 €/KG","img":"https://fd13-photos.leclercdrive.fr/image.ashx?id=776789&use=l&cat=p&typeid=i","cat":285601},{"id":21480,"n":"Moules farcies Ronde des Mers MSC - x24 - 250g","p":7.85,"u":"31,40 €/KG","img":"https://fd13-photos.leclercdrive.fr/image.ashx?id=1979674&use=l&cat=p&typeid=i","cat":319787},{"id":21572,"n":"Baguette La Boulangère Viennoise fendue 340g","p":1.42,"u":"4,18 €/KG","img":"https://fd13-photos.leclercdrive.fr/image.ashx?id=2912392&use=l&cat=p&typeid=i","cat":284985},{"id":21573,"n":"Bonbons LUTTI Arlequin Original 250g","p":1.42,"u":"5,68 €/KG","img":"https://fd13-photos.leclercdrive.fr/image.ashx?id=2817422&use=l&cat=p&typeid=i","cat":304252},{"id":21580,"n":"Steak haché Isla Délice 100% boeuf Halal x10 800g","p":11.36,"u":"14,20 €/KG","img":"https://fd13-photos.leclercdrive.fr/image.ashx?id=2349233&use=l&cat=p&typeid=i","cat":319778},{"id":21581,"n":"Burger Isla Délice  Halal  - x10 800g","p":9.9,"u":"12,38 €/KG","img":"https://fd13-photos.leclercdrive.fr/image.ashx?id=1587519&use=l&cat=p&typeid=i","cat":319778},{"id":21588,"n":"Semoule Floraline 500g","p":2.04,"u":"4,08 €/KG","img":"https://fd13-photos.leclercdrive.fr/image.ashx?id=2968187&use=l&cat=p&typeid=i","cat":284429},{"id":21592,"n":"Filets de cabillaud Findus MSC - x10 - 510g","p":7.49,"u":"14,69 €/KG","img":"https://fd13-photos.leclercdrive.fr/image.ashx?id=2735329&use=l&cat=p&typeid=i","cat":319788},{"id":21606,"n":"Cornichons Maille extra fins 380g","p":3.11,"u":"8,18 €/KG","img":"https://fd13-photos.leclercdrive.fr/image.ashx?id=2945826&use=l&cat=p&typeid=i","cat":284458},{"id":21609,"n":"Cornichons Extra-Fins MAILLE 220g","p":2.29,"u":"10,41 €/KG","img":"https://fd13-photos.leclercdrive.fr/image.ashx?id=2945823&use=l&cat=p&typeid=i","cat":284458},{"id":21610,"n":"Lotion fraîcheur Inell Tonique - 250ml","p":1.53,"u":"6,12 €/L","img":"https://fd13-photos.leclercdrive.fr/image.ashx?id=2694172&use=l&cat=p&typeid=i","cat":284603},{"id":21611,"n":"Lotion douceur Inell Tonique - 250ml","p":1.52,"u":"6,08 €/L","img":"https://fd13-photos.leclercdrive.fr/image.ashx?id=2707561&use=l&cat=p&typeid=i","cat":284603},{"id":21612,"n":"Liquide vaisselle Eco+ Citron 1L","p":0.7,"u":"0,70 €/L","img":"https://fd13-photos.leclercdrive.fr/image.ashx?id=2874368&use=l&cat=p&typeid=i","cat":284655},{"id":21642,"n":"Brioche tressée La Boulangère 800g","p":5.13,"u":"6,41 €/KG","img":"https://fd13-photos.leclercdrive.fr/image.ashx?id=2926401&use=l&cat=p&typeid=i","cat":284478},{"id":21652,"n":"Biscuits P'tit Déli Galettes Suédoise chocolat 150g","p":2.38,"u":"15,87 €/KG","img":"https://fd13-photos.leclercdrive.fr/image.ashx?id=1951046&use=l&cat=p&typeid=i","cat":284490},{"id":21656,"n":"Boîte chiens Lydog Bouchées Boeuf carottes - 1,25kg","p":2.65,"u":"2,12 €/KG","img":"https://fd13-photos.leclercdrive.fr/image.ashx?id=2691222&use=l&cat=p&typeid=i","cat":288578},{"id":21662,"n":"Boîte chiens Lydog Bouchées Poulet légumes - 1,2kg","p":1.98,"u":"1,65 €/KG","img":"https://fd13-photos.leclercdrive.fr/image.ashx?id=2042984&use=l&cat=p&typeid=i","cat":288578},{"id":21663,"n":"Bouchées au poulet foie et  aux carottes Lydog - 1.23kg","p":2.39,"u":"1,94 €/KG","img":"https://fd13-photos.leclercdrive.fr/image.ashx?id=2691225&use=l&cat=p&typeid=i","cat":288578},{"id":21676,"n":"Bûche de chèvre Ste Maure Sélection Soignon - 200g","p":2.84,"u":"14,20 €/KG","img":"https://fd13-photos.leclercdrive.fr/image.ashx?id=2799925&use=l&cat=p&typeid=i","cat":314031},{"id":21685,"n":"Nuggets de poulet Côté Croc x20 - 400g","p":3.0,"u":"7,50 €/KG","img":"https://fd13-photos.leclercdrive.fr/image.ashx?id=2837045&use=l&cat=p&typeid=i","cat":333684},{"id":21687,"n":"Fromage Cheddar Burger Les Croisés 10 Tranches - 200g","p":1.25,"u":"6,25 €/KG","img":"https://fd13-photos.leclercdrive.fr/image.ashx?id=2804181&use=l&cat=p&typeid=i","cat":314028},{"id":21688,"n":"Fromage Emmental Croque Les Croisés 10 Tranches - 200g","p":1.19,"u":"5,95 €/KG","img":"https://fd13-photos.leclercdrive.fr/image.ashx?id=2341888&use=l&cat=p&typeid=i","cat":314028},{"id":21693,"n":"Picodon NRT AOP  Fromage de chèvre - 2x60g","p":3.56,"u":"29,67 €/KG","img":"https://fd13-photos.leclercdrive.fr/image.ashx?id=2531307&use=l&cat=p&typeid=i","cat":314031},{"id":21694,"n":"Petit Pouligny St Pierre NRT AOP - Fromage de chèvre - 150g","p":4.35,"u":"29,00 €/KG","img":"https://fd13-photos.leclercdrive.fr/image.ashx?id=749342&use=l&cat=p&typeid=i","cat":314031},{"id":21697,"n":"Fromage Raclette Savoie NRT  IGP - 400g","p":6.05,"u":"15,13 €/KG","img":"https://fd13-photos.leclercdrive.fr/image.ashx?id=1937939&use=l&cat=p&typeid=i","cat":314037},{"id":21699,"n":"Crème fraîche Eco  Epaisse - 30% MG - 50cl","p":1.89,"u":"3,78 €/L","img":"https://fd13-photos.leclercdrive.fr/image.ashx?id=738045&use=l&cat=p&typeid=i","cat":284381},{"id":21701,"n":"Glace Eco+ Vanille - 500g","p":1.25,"u":"2,50 €/KG","img":"https://fd13-photos.leclercdrive.fr/image.ashx?id=2711580&use=l&cat=p&typeid=i","cat":284263},{"id":21702,"n":"Haricots verts Eco+ Très fins - 1kg","p":1.39,"u":"1,39 €/KG","img":"https://fd13-photos.leclercdrive.fr/image.ashx?id=1666705&use=l&cat=p&typeid=i","cat":319805},{"id":21711,"n":"Brandade de morue Pêcheries Basques parmentière - 900g","p":6.7,"u":"7,44 €/KG","img":"https://fd13-photos.leclercdrive.fr/image.ashx?id=2608259&use=l&cat=p&typeid=i","cat":285094},{"id":21877,"n":"Purée surgelée Pom'lisse Pommes de terre 750g","p":2.04,"u":"2,72 €/KG","img":"https://fd13-photos.leclercdrive.fr/image.ashx?id=2759777&use=l&cat=p&typeid=i","cat":319793},{"id":22009,"n":"Eclairs saveur vanille  2x1p","p":2.8,"u":"1,40 €/P","img":"https://fd13-photos.leclercdrive.fr/image.ashx?id=604673&use=l&cat=p&typeid=i","cat":284360},{"id":22033,"n":"Gin Brighton's London Dry 37.5%vol - 70cl","p":9.99,"u":"14,27 €/L","img":"https://fd13-photos.leclercdrive.fr/image.ashx?id=2907183&use=l&cat=p&typeid=i","cat":284550},{"id":22037,"n":"Bière blonde Abbaye Alveringem 6.2%vol. - 75cl","p":2.49,"u":"3,32 €/L","img":"https://fd13-photos.leclercdrive.fr/image.ashx?id=2637901&use=l&cat=p&typeid=i","cat":334852},{"id":22040,"n":"Mini bûches glacées Eskiss Assortiment chocolat x6 - 310g","p":2.29,"u":"7,39 €/KG","img":"https://fd13-photos.leclercdrive.fr/image.ashx?id=1980208&use=l&cat=p&typeid=i","cat":284266},{"id":22065,"n":"Filets de maquereaux Saupiquet A la moutarde - 3x169g","p":5.99,"u":"11,81 €/KG","img":"https://fd13-photos.leclercdrive.fr/image.ashx?id=2826972&use=l&cat=p&typeid=i","cat":303868},{"id":22066,"n":"Filets de maquereaux Saupiquet Tomate basilic - 3x169g","p":5.99,"u":"11,81 €/KG","img":"https://fd13-photos.leclercdrive.fr/image.ashx?id=2826975&use=l&cat=p&typeid=i","cat":303868},{"id":22112,"n":"Vodka Sobieski 37.5%vol - 70cl","p":11.12,"u":"15,89 €/L","img":"https://fd13-photos.leclercdrive.fr/image.ashx?id=2948474&use=l&cat=p&typeid=i","cat":284550},{"id":22115,"n":"Cidre brut Les Goelleries Bretagne 4.5%vol. - 1,5L","p":1.87,"u":"1,25 €/L","img":"https://fd13-photos.leclercdrive.fr/image.ashx?id=2842277&use=l&cat=p&typeid=i","cat":334880},{"id":22116,"n":"Pain de mie complet Epi d'Or Grandes tranches - 550g","p":1.22,"u":"2,22 €/KG","img":"https://fd13-photos.leclercdrive.fr/image.ashx?id=2340678&use=l&cat=p&typeid=i","cat":284477},{"id":22117,"n":"Pain de mie complet Epi d'Or Grandes tranches - 825g","p":1.78,"u":"2,16 €/KG","img":"https://fd13-photos.leclercdrive.fr/image.ashx?id=2331502&use=l&cat=p&typeid=i","cat":284477},{"id":22140,"n":"Crème anglaise Délisse 3x20cl","p":2.65,"u":"4,42 €/L","img":"https://fd13-photos.leclercdrive.fr/image.ashx?id=3002590&use=l&cat=p&typeid=i","cat":284382},{"id":22141,"n":"Riz Basmati Comptoir du grain Sélection Riz long - 5x90g","p":1.81,"u":"4,02 €/KG","img":"https://fd13-photos.leclercdrive.fr/image.ashx?id=2076685&use=l&cat=p&typeid=i","cat":284428},{"id":22207,"n":"Blanc de Poulet Tradilège -25% de sel - 4 Tranches - 160g","p":1.92,"u":"12,00 €/KG","img":"https://fd13-photos.leclercdrive.fr/image.ashx?id=2974969&use=l&cat=p&typeid=i","cat":316010},{"id":22208,"n":"Lait écrémé Bio Bio Village UHT - Bouteille : 6x1L","p":6.6,"u":"1,10 €/L","img":"https://fd13-photos.leclercdrive.fr/image.ashx?id=2970012&use=l&cat=p&typeid=i","cat":284949},{"id":22209,"n":"Lait entier UHT Bio Bio village Bouteille - 6x1L","p":8.94,"u":"1,49 €/L","img":"https://fd13-photos.leclercdrive.fr/image.ashx?id=2970021&use=l&cat=p&typeid=i","cat":285610},{"id":22212,"n":"Vin de l'Union Européenne rouge Vieux Papes - BIB 5L","p":11.52,"u":"2,30 €/L","img":"https://fd13-photos.leclercdrive.fr/image.ashx?id=2136139&use=l&cat=p&typeid=i","cat":289556},{"id":22349,"n":"Moule à manqué Homeside Revêtement antiadhésif - 26cm","p":5.99,"img":"https://fd13-photos.leclercdrive.fr/image.ashx?id=2856724&use=l&cat=p&typeid=i","cat":298490},{"id":22373,"n":"Carré pour la vaisselle Mamison x5","p":1.35,"img":"https://fd13-photos.leclercdrive.fr/image.ashx?id=1947483&use=l&cat=p&typeid=i","cat":284667},{"id":22388,"n":"IGP Ile de Beauté vin rosé Terres Ocrées 11.5%vol - BIB 3L","p":12.99,"u":"4,33 €/L","img":"https://fd13-photos.leclercdrive.fr/image.ashx?id=2412022&use=l&cat=p&typeid=i","cat":289560},{"id":22477,"n":"Pignons de pin Couleurs Vives 125g","p":5.99,"u":"47,92 €/KG","img":"https://fd13-photos.leclercdrive.fr/image.ashx?id=1681878&use=l&cat=p&typeid=i","cat":284357},{"id":22487,"n":"IGP Pays d'Oc rosé Roche Mazet Grenache Cinsault - BIB 3L","p":10.4,"u":"3,47 €/L","img":"https://fd13-photos.leclercdrive.fr/image.ashx?id=2597118&use=l&cat=p&typeid=i","cat":289560},{"id":22488,"n":"IGP Pays d'Oc rouge Roche Mazet Cabernet Sauvignon 12.5% BIB 3L","p":10.6,"u":"3,53 €/L","img":"https://fd13-photos.leclercdrive.fr/image.ashx?id=2597121&use=l&cat=p&typeid=i","cat":289560},{"id":22506,"n":"Yaourts aromatisés Délisse 4 saveurs - 8x125g","p":2.79,"u":"2,79 €/KG","img":"https://fd13-photos.leclercdrive.fr/image.ashx?id=2134527&use=l&cat=p&typeid=i","cat":286006},{"id":22512,"n":"Compote Douceur du Verger  Pomme Abricot - 4x100g","p":1.09,"u":"2,73 €/KG","img":"https://fd13-photos.leclercdrive.fr/image.ashx?id=1913442&use=l&cat=p&typeid=i","cat":284416},{"id":22515,"n":"Boisson énergisante X-tense Canette - 6x25cl","p":2.34,"u":"1,56 €/L","img":"https://fd13-photos.leclercdrive.fr/image.ashx?id=2956062&use=l&cat=p&typeid=i","cat":284533},{"id":22516,"n":"Rhum blanc Charrette 49%vol. - 1.5L","p":23.6,"u":"15,73 €/L","img":"https://fd13-photos.leclercdrive.fr/image.ashx?id=1946420&use=l&cat=p&typeid=i","cat":284550},{"id":22517,"n":"Vodka Poliakov Flask 37.5%vol - 20cl","p":3.77,"u":"18,85 €/L","img":"https://fd13-photos.leclercdrive.fr/image.ashx?id=2484029&use=l&cat=p&typeid=i","cat":284550},{"id":22566,"n":"Yaourts Malo Nature - 4x125g","p":1.68,"u":"3,36 €/KG","img":"https://fd13-photos.leclercdrive.fr/image.ashx?id=2908018&use=l&cat=p&typeid=i","cat":284409},{"id":22588,"n":"IGP Pays d'Oc Chardonnay Blanc Vieux Carion 12% vol BIB 3L","p":8.99,"u":"3,00 €/L","img":"https://fd13-photos.leclercdrive.fr/image.ashx?id=2591397&use=l&cat=p&typeid=i","cat":289560},{"id":22653,"n":"Crème entière fluide UHT Bio Bio Village 30% MG - 25cl","p":1.85,"u":"7,40 €/L","img":"https://fd13-photos.leclercdrive.fr/image.ashx?id=2801795&use=l&cat=p&typeid=i","cat":284381},{"id":22654,"n":"Fromage St Nectaire NRT AOP  600g","p":8.67,"u":"14,45 €/KG","img":"https://fd13-photos.leclercdrive.fr/image.ashx?id=2550854&use=l&cat=p&typeid=i","cat":329184},{"id":22659,"n":"Cancoillotte nature NRT IGP 250g","p":1.97,"u":"7,88 €/KG","img":"https://fd13-photos.leclercdrive.fr/image.ashx?id=2663845&use=l&cat=p&typeid=i","cat":314037},{"id":22660,"n":"Cancoillotte à l'ail NRT IGP 250g","p":1.97,"u":"7,88 €/KG","img":"https://fd13-photos.leclercdrive.fr/image.ashx?id=2663848&use=l&cat=p&typeid=i","cat":314037},{"id":22689,"n":"Confiture extra bio Bio Village Fraises - 370g","p":1.79,"u":"4,84 €/KG","img":"https://fd13-photos.leclercdrive.fr/image.ashx?id=2965626&use=l&cat=p&typeid=i","cat":284480},{"id":22690,"n":"Confiture extra bio Bio Village Abricots - 370g","p":1.79,"u":"4,84 €/KG","img":"https://fd13-photos.leclercdrive.fr/image.ashx?id=2965629&use=l&cat=p&typeid=i","cat":284480},{"id":22754,"n":"Bière blonde Leffe 6,6% - format promo 24x25cl","p":13.99,"u":"2,33 €/L","img":"https://fd13-photos.leclercdrive.fr/image.ashx?id=2111076&use=l&cat=p&typeid=i","cat":334852},{"id":22787,"n":"Saumon Ronde des Mers Petites tranches - 100g","p":3.69,"u":"36,90 €/KG","img":"https://fd13-photos.leclercdrive.fr/image.ashx?id=2449999&use=l&cat=p&typeid=i","cat":285188},{"id":22803,"n":"Brioche tranchée Epi d'Or Nature - 700g","p":2.22,"u":"3,17 €/KG","img":"https://fd13-photos.leclercdrive.fr/image.ashx?id=1976642&use=l&cat=p&typeid=i","cat":284478},{"id":22804,"n":"Boisson végétale Bio Village Soja nature bio - 1l","p":0.88,"u":"0,88 €/L","img":"https://fd13-photos.leclercdrive.fr/image.ashx?id=2372350&use=l&cat=p&typeid=i","cat":316067},{"id":22805,"n":"Boisson végétale Bio Village Soja vanille bio - 1l","p":1.42,"u":"1,42 €/L","img":"https://fd13-photos.leclercdrive.fr/image.ashx?id=2357707&use=l&cat=p&typeid=i","cat":316067},{"id":22835,"n":"Whisky single malt The Deveron 10 ans d'âge 40° - 70cl","p":26.23,"u":"37,47 €/L","img":"https://fd13-photos.leclercdrive.fr/image.ashx?id=2793710&use=l&cat=p&typeid=i","cat":284547},{"id":22887,"n":"Beurre Bio Grand Fermage Doux - 82% MG - 250g","p":3.57,"u":"14,28 €/KG","img":"https://fd13-photos.leclercdrive.fr/image.ashx?id=2951842&use=l&cat=p&typeid=i","cat":284379},{"id":22891,"n":"Eponges magiques Mamison x3","p":1.35,"u":"0,45 €/P","img":"https://fd13-photos.leclercdrive.fr/image.ashx?id=2691195&use=l&cat=p&typeid=i","cat":284667},{"id":22893,"n":"Cidre doux Les Goelleries 2%vol. - 1,5L","p":2.09,"u":"1,39 €/L","img":"https://fd13-photos.leclercdrive.fr/image.ashx?id=2842280&use=l&cat=p&typeid=i","cat":334880},{"id":22894,"n":"Nettoyant spray Clair Ultra dégraissant - 750ml","p":1.18,"u":"1,57 €/L","img":"https://fd13-photos.leclercdrive.fr/image.ashx?id=2840386&use=l&cat=p&typeid=i","cat":325357},{"id":22895,"n":"Nettoyant spray Clair javel Salle de bains 750ml","p":1.46,"u":"1,95 €/L","img":"https://fd13-photos.leclercdrive.fr/image.ashx?id=2840473&use=l&cat=p&typeid=i","cat":325357},{"id":22898,"n":"Nettoyant Silex vitres d'insert Barbecue ultra décapante 750ml","p":3.99,"u":"5,32 €/L","img":"https://fd13-photos.leclercdrive.fr/image.ashx?id=2657087&use=l&cat=p&typeid=i","cat":325363},{"id":22906,"n":"Gel à raser Carré Homme Sensitive - 75ml","p":1.16,"u":"15,47 €/L","img":"https://fd13-photos.leclercdrive.fr/image.ashx?id=2762952&use=l&cat=p&typeid=i","cat":284617},{"id":22907,"n":"Bière blonde Abbaye Alveringem Canette - 6.2%vol. - 50cl","p":1.39,"u":"2,78 €/L","img":"https://fd13-photos.leclercdrive.fr/image.ashx?id=2637898&use=l&cat=p&typeid=i","cat":334852},{"id":22960,"n":"Gants de ménage Mamison Taille M 1 paire","p":1.01,"img":"https://fd13-photos.leclercdrive.fr/image.ashx?id=2635679&use=l&cat=p&typeid=i","cat":284668},{"id":22963,"n":"Gants Mamison ultra résistant Taille M 1 paire","p":1.64,"img":"https://fd13-photos.leclercdrive.fr/image.ashx?id=676218&use=l&cat=p&typeid=i","cat":284668},{"id":22967,"n":"Tampon à récurer Mamison Surfaces fragiles xs","p":1.32,"u":"0,66 €/P","img":"https://fd13-photos.leclercdrive.fr/image.ashx?id=2669699&use=l&cat=p&typeid=i","cat":284667},{"id":22968,"n":"Eponges grattantes Mamison Surfaces délicates x2","p":1.49,"u":"0,75 €/P","img":"https://fd13-photos.leclercdrive.fr/image.ashx?id=2202392&use=l&cat=p&typeid=i","cat":284667},{"id":22969,"n":"Lavette Mamison multi-usages Microfibre plusieurs coloris x2","p":0.84,"u":"0,42 €/P","img":"https://fd13-photos.leclercdrive.fr/image.ashx?id=2595095&use=l&cat=p&typeid=i","cat":284667},{"id":22976,"n":"Crème visage nourrissante Inell Peau sèche - 50ml","p":1.96,"u":"39,20 €/L","img":"https://fd13-photos.leclercdrive.fr/image.ashx?id=2691637&use=l&cat=p&typeid=i","cat":325345},{"id":22979,"n":"Gel nettoyant Inell visage Purifiant px norm. mixtes 150ml","p":2.58,"u":"17,20 €/L","img":"https://fd13-photos.leclercdrive.fr/image.ashx?id=1961443&use=l&cat=p&typeid=i","cat":284603},{"id":23040,"n":"Café moulu Méo L'original Bio - 500g","p":8.7,"u":"17,40 €/KG","img":"https://fd13-photos.leclercdrive.fr/image.ashx?id=2571287&use=l&cat=p&typeid=i","cat":284750},{"id":23122,"n":"Fromage enfant Ficello Emmental à effilocher x4 - 84g","p":2.2,"u":"26,19 €/KG","img":"https://fd13-photos.leclercdrive.fr/image.ashx?id=2409553&use=l&cat=p&typeid=i","cat":314030},{"id":23132,"n":"Pâte feuilletée Tablier Blanc Epaisse - 280g","p":1.55,"u":"5,54 €/KG","img":"https://fd13-photos.leclercdrive.fr/image.ashx?id=2635910&use=l&cat=p&typeid=i","cat":333681},{"id":23133,"n":"Pâte brisée Tablier Blanc Epaisse - 280g","p":1.65,"u":"5,89 €/KG","img":"https://fd13-photos.leclercdrive.fr/image.ashx?id=2635913&use=l&cat=p&typeid=i","cat":333681},{"id":23147,"n":"AOP Crémant de Loire  Ackerman Vin blanc brut - 75cl","p":4.99,"u":"6,65 €/L","img":"https://fd13-photos.leclercdrive.fr/image.ashx?id=2928426&use=l&cat=p&typeid=i","cat":284545},{"id":23154,"n":"AOP Crémant Wolfberger Demi-sec d'Alsace - 75cl","p":7.58,"u":"10,11 €/L","img":"https://fd13-photos.leclercdrive.fr/image.ashx?id=2764197&use=l&cat=p&typeid=i","cat":284545},{"id":23157,"n":"AOP Champagne Brut Nicolas Feuillatte - 75cl","p":26.95,"u":"35,93 €/L","img":"https://fd13-photos.leclercdrive.fr/image.ashx?id=2962791&use=l&cat=p&typeid=i","cat":284542},{"id":23158,"n":"AOC Crémant de Bourgogne  Veuve Ambal Brut - 75cl","p":7.99,"pp":5.99,"u":"7,99 €/L","img":"https://fd13-photos.leclercdrive.fr/image.ashx?id=1737205&use=l&cat=p&typeid=i","cat":284545},{"id":23165,"n":"Vin mousseux Charles Volner Brut - 12% vol. - 6x75cl","p":24.99,"u":"5,55 €/L","img":"https://fd13-photos.leclercdrive.fr/image.ashx?id=2107615&use=l&cat=p&typeid=i","cat":284544},{"id":23166,"n":"Vin mousseux Charles Volner Demi sec - 11%vol. - 6x75cl","p":24.99,"u":"5,55 €/L","img":"https://fd13-photos.leclercdrive.fr/image.ashx?id=606478&use=l&cat=p&typeid=i","cat":284544},{"id":23168,"n":"Beurre léger Les Croisés Doux - 40% MG - 250g","p":1.75,"u":"7,00 €/KG","img":"https://fd13-photos.leclercdrive.fr/image.ashx?id=2079819&use=l&cat=p&typeid=i","cat":284379},{"id":23176,"n":"Pur jus de tomate Bio Village Bio - 1L","p":2.77,"u":"2,77 €/L","img":"https://fd13-photos.leclercdrive.fr/image.ashx?id=2954115&use=l&cat=p&typeid=i","cat":284523},{"id":23177,"n":"Pur jus Bio Village Bio Carotte - 1L","p":2.87,"u":"2,87 €/L","img":"https://fd13-photos.leclercdrive.fr/image.ashx?id=2177532&use=l&cat=p&typeid=i","cat":284523},{"id":23179,"n":"Pur jus 7 fruits Bio Village Bio - 1L","p":2.78,"u":"2,78 €/L","img":"https://fd13-photos.leclercdrive.fr/image.ashx?id=2901530&use=l&cat=p&typeid=i","cat":284917},{"id":23180,"n":"Rasoirs jetables Carré Homme 3 lames - x4","p":2.65,"img":"https://fd13-photos.leclercdrive.fr/image.ashx?id=1962777&use=l&cat=p&typeid=i","cat":284616},{"id":23182,"n":"Rasoirs jetables Siliss 3 lames - x4","p":1.99,"u":"0,50 €/P","img":"https://fd13-photos.leclercdrive.fr/image.ashx?id=1852842&use=l&cat=p&typeid=i","cat":325352},{"id":23188,"n":"Tomato Ketchup Heinz - 250g","p":1.12,"u":"4,48 €/KG","img":"https://fd13-photos.leclercdrive.fr/image.ashx?id=2943801&use=l&cat=p&typeid=i","cat":284455},{"id":23190,"n":"Mayonnaise AMORA Recette Fouettée - 398g","p":2.53,"u":"6,36 €/KG","img":"https://fd13-photos.leclercdrive.fr/image.ashx?id=2598684&use=l&cat=p&typeid=i","cat":298295},{"id":23212,"n":"Compote Douceur du Verger Coupelle pomme framboise-4x100g","p":1.63,"u":"4,08 €/KG","img":"https://fd13-photos.leclercdrive.fr/image.ashx?id=2663494&use=l&cat=p&typeid=i","cat":284508},{"id":23215,"n":"Biscuits Cookies P'tit Déli Chocolat raisin cranberrie 200g","p":1.44,"u":"7,20 €/KG","img":"https://fd13-photos.leclercdrive.fr/image.ashx?id=2529593&use=l&cat=p&typeid=i","cat":325066},{"id":23219,"n":"Sauce Pesto Turini Basilic - 185g","p":1.3,"u":"7,03 €/KG","img":"https://fd13-photos.leclercdrive.fr/image.ashx?id=2546248&use=l&cat=p&typeid=i","cat":287599},{"id":23221,"n":"Sauce Tomates Turini Basilic - 420g","p":1.15,"u":"2,74 €/KG","img":"https://fd13-photos.leclercdrive.fr/image.ashx?id=2487458&use=l&cat=p&typeid=i","cat":287599},{"id":23226,"n":"Madeleines bio Bio Village Coquilles - 250g","p":1.88,"u":"7,52 €/KG","img":"https://fd13-photos.leclercdrive.fr/image.ashx?id=2711619&use=l&cat=p&typeid=i","cat":284492},{"id":23227,"n":"Chips Bio Village Bio - Nature - 125g","p":1.99,"u":"15,92 €/KG","img":"https://fd13-photos.leclercdrive.fr/image.ashx?id=2743834&use=l&cat=p&typeid=i","cat":284447},{"id":23244,"n":"Désodorisant frigo Bien Air Sans parfum 40g","p":1.83,"u":"45,75 €/KG","img":"https://fd13-photos.leclercdrive.fr/image.ashx?id=606570&use=l&cat=p&typeid=i","cat":311628},{"id":23253,"n":"Nettoyant spray Clair Surpuissant - 750ml","p":1.86,"u":"2,48 €/L","img":"https://fd13-photos.leclercdrive.fr/image.ashx?id=2520831&use=l&cat=p&typeid=i","cat":325357},{"id":23254,"n":"Baume après-rasage Carré Homme Apaisant px sensibles 100ml","p":2.69,"u":"26,90 €/L","img":"https://fd13-photos.leclercdrive.fr/image.ashx?id=2854234&use=l&cat=p&typeid=i","cat":288147},{"id":23255,"n":"Déodorant Carré Homme Vétiver longue durée 200ml","p":1.35,"u":"6,75 €/L","img":"https://fd13-photos.leclercdrive.fr/image.ashx?id=2375992&use=l&cat=p&typeid=i","cat":284618},{"id":23271,"n":"Vin mousseux de France blanc Muscador doux 11.5% Vol 75cl","p":2.67,"u":"3,56 €/L","img":"https://fd13-photos.leclercdrive.fr/image.ashx?id=2157052&use=l&cat=p&typeid=i","cat":284544},{"id":23304,"n":"Feuilletés paniers Côté Table Saumon - 4x100g","p":4.45,"u":"11,13 €/KG","img":"https://fd13-photos.leclercdrive.fr/image.ashx?id=2549400&use=l&cat=p&typeid=i","cat":319776},{"id":23336,"n":"Soufflés Grignot' Tokapi Bacon - 90g","p":0.89,"u":"9,89 €/KG","img":"https://fd13-photos.leclercdrive.fr/image.ashx?id=2059480&use=l&cat=p&typeid=i","cat":284449},{"id":23363,"n":"Lait bébé poudre Nidal Nestlé 1er âge - 0-6 mois - 800g","p":12.93,"u":"16,16 €/KG","img":"https://fd13-photos.leclercdrive.fr/image.ashx?id=2811638&use=l&cat=p&typeid=i","cat":284726},{"id":23372,"n":"Ricotta Les Croisés - 250g","p":1.29,"u":"5,16 €/KG","img":"https://fd13-photos.leclercdrive.fr/image.ashx?id=2133294&use=l&cat=p&typeid=i","cat":314026},{"id":23380,"n":"Feuilles simples Esquisse 200 pages 21x29,7cm 5x5","p":1.79,"img":"https://fd13-photos.leclercdrive.fr/image.ashx?id=2131197&use=l&cat=p&typeid=i","cat":284697},{"id":23387,"n":"Gâteaux St Michel Savaroises Chocolat 8 sachets 220g","p":1.94,"u":"8,82 €/KG","img":"https://fd13-photos.leclercdrive.fr/image.ashx?id=2935693&use=l&cat=p&typeid=i","cat":284495},{"id":23411,"n":"Petits pains grillés Epi d'Or Froment - 400g","p":1.39,"u":"3,48 €/KG","img":"https://fd13-photos.leclercdrive.fr/image.ashx?id=2302634&use=l&cat=p&typeid=i","cat":284479},{"id":23412,"n":"Vermicelles Tables du Monde Haricot mungo - 100g","p":1.23,"u":"12,30 €/KG","img":"https://fd13-photos.leclercdrive.fr/image.ashx?id=2679723&use=l&cat=p&typeid=i","cat":288992},{"id":23430,"n":"Croquettes chat Tous mes amis Lapin/volailles - 2kg","p":3.99,"u":"2,00 €/KG","img":"https://fd13-photos.leclercdrive.fr/image.ashx?id=2301605&use=l&cat=p&typeid=i","cat":284680},{"id":23438,"n":"Soufflés RingsTokapi Oignon - 60g","p":0.77,"u":"12,83 €/KG","img":"https://fd13-photos.leclercdrive.fr/image.ashx?id=2482939&use=l&cat=p&typeid=i","cat":284449},{"id":23439,"n":"Crème dessert Délisse Choco Billes bicompartiment 4x117g","p":1.99,"u":"4,25 €/KG","img":"https://fd13-photos.leclercdrive.fr/image.ashx?id=2965482&use=l&cat=p&typeid=i","cat":285041},{"id":23444,"n":"Quenelles Côté Table volaille Au naturel 255g","p":1.37,"u":"5,37 €/KG","img":"https://fd13-photos.leclercdrive.fr/image.ashx?id=2977870&use=l&cat=p&typeid=i","cat":284441},{"id":23450,"n":"Yaourts aux fruits Délisse Fruits rouges - 8x125g","p":2.29,"u":"2,29 €/KG","img":"https://fd13-photos.leclercdrive.fr/image.ashx?id=2616736&use=l&cat=p&typeid=i","cat":284410},{"id":23452,"n":"Terrines chats Tous mes amis Viandes variées - 4x400g","p":3.74,"u":"2,34 €/KG","img":"https://fd13-photos.leclercdrive.fr/image.ashx?id=606862&use=l&cat=p&typeid=i","cat":285601},{"id":23485,"n":"Terrines de st Jacques Guyader 120g","p":3.25,"u":"27,08 €/KG","img":"https://fd13-photos.leclercdrive.fr/image.ashx?id=2504725&use=l&cat=p&typeid=i","cat":285191},{"id":23486,"n":"Terrines saumon Guyader 120g","p":3.03,"u":"25,25 €/KG","img":"https://fd13-photos.leclercdrive.fr/image.ashx?id=2504722&use=l&cat=p&typeid=i","cat":285191},{"id":23500,"n":"Bouillon de légumes Bio Village Bio - 8x10g","p":1.69,"u":"21,13 €/KG","img":"https://fd13-photos.leclercdrive.fr/image.ashx?id=1943409&use=l&cat=p&typeid=i","cat":288379},{"id":23520,"n":"Bloc de fromage Leerdammer L'Original - 500g","p":5.35,"u":"10,70 €/KG","img":"https://fd13-photos.leclercdrive.fr/image.ashx?id=2699035&use=l&cat=p&typeid=i","cat":314034},{"id":23522,"n":"Bûche de chèvre Les Croisés Format famililal 25%mg 300g","p":2.95,"u":"9,83 €/KG","img":"https://fd13-photos.leclercdrive.fr/image.ashx?id=1983439&use=l&cat=p&typeid=i","cat":314031},{"id":23543,"n":"Bière blonde Leffe 6,6% - 12x33cl","p":13.01,"u":"3,29 €/L","img":"https://fd13-photos.leclercdrive.fr/image.ashx?id=2811578&use=l&cat=p&typeid=i","cat":334852},{"id":23545,"n":"Rösti McCain 800g","p":2.21,"u":"2,76 €/KG","img":"https://fd13-photos.leclercdrive.fr/image.ashx?id=2988728&use=l&cat=p&typeid=i","cat":319792},{"id":23552,"n":"Lait bébé poudre Nidal Nestlé 2e âge -6-12 mois - 800g","p":10.77,"u":"13,46 €/KG","img":"https://fd13-photos.leclercdrive.fr/image.ashx?id=2805597&use=l&cat=p&typeid=i","cat":284727},{"id":23553,"n":"Lait bébé 1A NIDAL GEST  0-6 mois - 800g","p":14.5,"u":"18,13 €/KG","img":"https://fd13-photos.leclercdrive.fr/image.ashx?id=2890796&use=l&cat=p&typeid=i","cat":284726},{"id":23554,"n":"Vin de l'Union Européenne rosé La Villageoise 12%vol. 1,5L","p":3.28,"u":"2,19 €/L","img":"https://fd13-photos.leclercdrive.fr/image.ashx?id=2104768&use=l&cat=p&typeid=i","cat":289558},{"id":23583,"n":"Crème Fraîche Elle&Vire Epaisse Entière - 30% MG - 33cl","p":1.87,"u":"5,67 €/L","img":"https://fd13-photos.leclercdrive.fr/image.ashx?id=3003333&use=l&cat=p&typeid=i","cat":284381},{"id":23596,"n":"Fromage à Raclette RichesMonts  Classique 32 Tranches - 850g","p":10.52,"u":"12,38 €/KG","img":"https://fd13-photos.leclercdrive.fr/image.ashx?id=2953492&use=l&cat=p&typeid=i","cat":314037},{"id":23597,"n":"Fromage raclette Les Croisés Entier 29%mg 350g","p":3.97,"u":"11,34 €/KG","img":"https://fd13-photos.leclercdrive.fr/image.ashx?id=2969749&use=l&cat=p&typeid=i","cat":314037},{"id":23598,"n":"Fromage raclette Les Croisés Sans croûte - 28%mg - 400g","p":3.95,"u":"9,88 €/KG","img":"https://fd13-photos.leclercdrive.fr/image.ashx?id=2969752&use=l&cat=p&typeid=i","cat":314037},{"id":23618,"n":"Couscous Weight Watchers Oriental 300g","p":3.49,"u":"11,63 €/KG","img":"https://fd13-photos.leclercdrive.fr/image.ashx?id=2610915&use=l&cat=p&typeid=i","cat":333665},{"id":23628,"n":"Fond de volaille Rustica 110g","p":2.21,"u":"20,09 €/KG","img":"https://fd13-photos.leclercdrive.fr/image.ashx?id=2140914&use=l&cat=p&typeid=i","cat":288379},{"id":23631,"n":"Chocolat noir Equador Mini carrés 72% cacao 200g","p":4.35,"u":"21,75 €/KG","img":"https://fd13-photos.leclercdrive.fr/image.ashx?id=2834302&use=l&cat=p&typeid=i","cat":284956},{"id":23633,"n":"Crème dessert Délisse Vanille sur lit caramel 4x125g","p":1.47,"u":"2,94 €/KG","img":"https://fd13-photos.leclercdrive.fr/image.ashx?id=2441276&use=l&cat=p&typeid=i","cat":285041},{"id":23636,"n":"Bouillon de volaille Rustica Dégraissé - Tablettes 12x10g","p":0.79,"u":"6,58 €/KG","img":"https://fd13-photos.leclercdrive.fr/image.ashx?id=1880033&use=l&cat=p&typeid=i","cat":288379},{"id":23642,"n":"Huile spéciale fondue Rustica Aux aromates - 1L","p":3.45,"u":"3,45 €/L","img":"https://fd13-photos.leclercdrive.fr/image.ashx?id=2546245&use=l&cat=p&typeid=i","cat":284453},{"id":23712,"n":"Saumon fumé Eco+ Atlantique - 200g","p":4.67,"u":"23,35 €/KG","img":"https://fd13-photos.leclercdrive.fr/image.ashx?id=1899663&use=l&cat=p&typeid=i","cat":285188},{"id":23715,"n":"Samoussa Tables du Monde Au boeuf - x4 - 220g","p":3.29,"u":"14,95 €/KG","img":"https://fd13-photos.leclercdrive.fr/image.ashx?id=2669732&use=l&cat=p&typeid=i","cat":333673},{"id":23725,"n":"Liquide vaisselle Eco+ Pomme - 1L","p":0.74,"u":"0,74 €/L","img":"https://fd13-photos.leclercdrive.fr/image.ashx?id=2949161&use=l&cat=p&typeid=i","cat":284655},{"id":23726,"n":"Aluminium Eco+ 30m","p":1.89,"u":"0,06 €/MT","img":"https://fd13-photos.leclercdrive.fr/image.ashx?id=2880216&use=l&cat=p&typeid=i","cat":334134},{"id":23727,"n":"Sacs poubelle 100L Eco+ x10","p":0.76,"u":"0,08 €/P","img":"https://fd13-photos.leclercdrive.fr/image.ashx?id=1904753&use=l&cat=p&typeid=i","cat":285168},{"id":23729,"n":"Tomato Ketchup Eco+ 560g","p":0.88,"u":"1,57 €/KG","img":"https://fd13-photos.leclercdrive.fr/image.ashx?id=2954328&use=l&cat=p&typeid=i","cat":284455},{"id":23753,"n":"Alcool modifié Primoplast 70° 250ml","p":2.2,"u":"8,80 €/L","img":"https://fd13-photos.leclercdrive.fr/image.ashx?id=2856498&use=l&cat=p&typeid=i","cat":284630},{"id":23759,"n":"Vin de l'Union Européenne La Villageoise  11% Vol. - 1.5L","p":3.62,"u":"2,41 €/L","img":"https://fd13-photos.leclercdrive.fr/image.ashx?id=2153492&use=l&cat=p&typeid=i","cat":289556},{"id":23780,"n":"Fromage raclette Eco+ Tranché 2x400g","p":6.64,"u":"8,30 €/KG","img":"https://fd13-photos.leclercdrive.fr/image.ashx?id=2712861&use=l&cat=p&typeid=i","cat":314037},{"id":23791,"n":"Tartines craquantes Epi d'Or Au blé complet - 250g","p":1.29,"u":"5,16 €/KG","img":"https://fd13-photos.leclercdrive.fr/image.ashx?id=2473987&use=l&cat=p&typeid=i","cat":284479},{"id":23794,"n":"Pain grillé Epi d'Or Blé complet x24 - 500g","p":1.72,"u":"3,44 €/KG","img":"https://fd13-photos.leclercdrive.fr/image.ashx?id=2221941&use=l&cat=p&typeid=i","cat":284479},{"id":23797,"n":"Lentilles vertes Bio Village Bio 500g","p":2.15,"u":"4,30 €/KG","img":"https://fd13-photos.leclercdrive.fr/image.ashx?id=2120317&use=l&cat=p&typeid=i","cat":284430},{"id":23798,"n":"Riz Risotto Comptoir du Grain 500g","p":1.42,"u":"2,84 €/KG","img":"https://fd13-photos.leclercdrive.fr/image.ashx?id=2363283&use=l&cat=p&typeid=i","cat":284428},{"id":23799,"n":"Riz rond Comptoir du Grain Dessert - 1kg","p":1.94,"u":"1,94 €/KG","img":"https://fd13-photos.leclercdrive.fr/image.ashx?id=776471&use=l&cat=p&typeid=i","cat":284428},{"id":23827,"n":"Cordon Bleu poulet Père Dodu  Les Bons plans x10 - 1kg","p":6.99,"u":"6,99 €/KG","img":"https://fd13-photos.leclercdrive.fr/image.ashx?id=2971095&use=l&cat=p&typeid=i","cat":333683},{"id":23936,"n":"Fromage blanc jockey Stracciatella - 4x120g","p":2.07,"u":"4,31 €/KG","img":"https://fd13-photos.leclercdrive.fr/image.ashx?id=2280011&use=l&cat=p&typeid=i","cat":314999},{"id":23963,"n":"Beurre Tendre Les Croisés Demi-sel Allegé - 40% MG - 250g","p":2.25,"u":"9,00 €/KG","img":"https://fd13-photos.leclercdrive.fr/image.ashx?id=2079822&use=l&cat=p&typeid=i","cat":284379},{"id":23968,"n":"Roquefort AOP Les Croisés Tranché 150g","p":2.29,"u":"15,27 €/KG","img":"https://fd13-photos.leclercdrive.fr/image.ashx?id=1938498&use=l&cat=p&typeid=i","cat":314032},{"id":23972,"n":"Fusili Côté Snack Pâtes Bolognaise - 300g","p":1.89,"u":"6,30 €/KG","img":"https://fd13-photos.leclercdrive.fr/image.ashx?id=2613270&use=l&cat=p&typeid=i","cat":334983},{"id":23973,"n":"Fusili Côté Snack Pâtes Carbonara - 300g","p":1.89,"u":"6,30 €/KG","img":"https://fd13-photos.leclercdrive.fr/image.ashx?id=1872415&use=l&cat=p&typeid=i","cat":334983},{"id":24035,"n":"Echalotes semoule Rustica 36g","p":1.29,"u":"35,83 €/KG","img":"https://fd13-photos.leclercdrive.fr/image.ashx?id=1209302&use=l&cat=p&typeid=i","cat":298297},{"id":24043,"n":"Thé vert Britley Menthe x25 sachets - 40g","p":0.79,"u":"19,75 €/KG","img":"https://fd13-photos.leclercdrive.fr/image.ashx?id=2441285&use=l&cat=p&typeid=i","cat":293233},{"id":24047,"n":"Yaourts aromatisés Délisse Vanille - 4x125g","p":1.29,"u":"2,58 €/KG","img":"https://fd13-photos.leclercdrive.fr/image.ashx?id=2134524&use=l&cat=p&typeid=i","cat":286006},{"id":24049,"n":"Pâtée chats Tous mes amis Thon en sauce - 80g","p":0.99,"u":"12,38 €/KG","img":"https://fd13-photos.leclercdrive.fr/image.ashx?id=2450306&use=l&cat=p&typeid=i","cat":285601},{"id":24081,"n":"Mayonnaise Fins Gourmets MAILLE Bocal - 320g","p":2.48,"u":"7,75 €/KG","img":"https://fd13-photos.leclercdrive.fr/image.ashx?id=2812750&use=l&cat=p&typeid=i","cat":298295},{"id":24082,"n":"Mayonnaise Fine MAILLE Qualité Traiteur Bocal - 320g","p":2.44,"u":"7,63 €/KG","img":"https://fd13-photos.leclercdrive.fr/image.ashx?id=2908369&use=l&cat=p&typeid=i","cat":298295},{"id":24083,"n":"Nuggets de Poulet  Père Dodu  x50 - 1kg - Les Bons plans","p":7.05,"u":"7,05 €/KG","img":"https://fd13-photos.leclercdrive.fr/image.ashx?id=2957086&use=l&cat=p&typeid=i","cat":333684},{"id":24094,"n":"Jus de pommes pressées Andros 1,5L","p":3.76,"u":"2,51 €/L","img":"https://fd13-photos.leclercdrive.fr/image.ashx?id=2902981&use=l&cat=p&typeid=i","cat":285435},{"id":24095,"n":"Jus de clémentines préssées Andros - 1,5L","p":4.2,"u":"2,80 €/L","img":"https://fd13-photos.leclercdrive.fr/image.ashx?id=2902984&use=l&cat=p&typeid=i","cat":285435},{"id":24162,"n":"Vinaigre balsamique Bio Village Bio 50cl","p":3.49,"u":"6,98 €/L","img":"https://fd13-photos.leclercdrive.fr/image.ashx?id=2865206&use=l&cat=p&typeid=i","cat":298543},{"id":24163,"n":"Infusion Tiséa Tilleul Citron 25 sachets 34g","p":1.69,"u":"48,29 €/KG","img":"https://fd13-photos.leclercdrive.fr/image.ashx?id=1729326&use=l&cat=p&typeid=i","cat":293234},{"id":24164,"n":"Thé vert Briley 32.5g","p":0.79,"u":"24,69 €/KG","img":"https://fd13-photos.leclercdrive.fr/image.ashx?id=2441279&use=l&cat=p&typeid=i","cat":293233},{"id":24258,"n":"Philadelphia Nature - 300g","p":2.88,"u":"9,60 €/KG","img":"https://fd13-photos.leclercdrive.fr/image.ashx?id=2787863&use=l&cat=p&typeid=i","cat":314029},{"id":24293,"n":"Céréales Extra Kellogg's Chocolat Noir Noisettes - 500g","p":3.25,"u":"6,50 €/KG","img":"https://fd13-photos.leclercdrive.fr/image.ashx?id=2692284&use=l&cat=p&typeid=i","cat":309512},{"id":24294,"n":"Filets de maquereaux Saupiquet Escabèche - 3x169g","p":5.99,"u":"11,81 €/KG","img":"https://fd13-photos.leclercdrive.fr/image.ashx?id=2826978&use=l&cat=p&typeid=i","cat":303868},{"id":24296,"n":"Sauce apéritif Old El Paso Salsa doux - 312g","p":2.47,"u":"7,92 €/KG","img":"https://fd13-photos.leclercdrive.fr/image.ashx?id=2859944&use=l&cat=p&typeid=i","cat":288993},{"id":24350,"n":"Lingettes rince doigt Clair x24","p":1.96,"u":"0,08 €/P","img":"https://fd13-photos.leclercdrive.fr/image.ashx?id=2949418&use=l&cat=p&typeid=i","cat":325358},{"id":24363,"n":"Boisson lactée Délisse Chocolat - 6x20cl","p":2.17,"u":"1,81 €/L","img":"https://fd13-photos.leclercdrive.fr/image.ashx?id=3015245&use=l&cat=p&typeid=i","cat":295246},{"id":24390,"n":"Pétales de blé Eco+ Chocolat - 750g","p":2.03,"u":"2,71 €/KG","img":"https://fd13-photos.leclercdrive.fr/image.ashx?id=2260553&use=l&cat=p&typeid=i","cat":309513},{"id":24403,"n":"Vodka Novotna Pure grain 37.5%vol - 1L","p":14.99,"u":"14,99 €/L","img":"https://fd13-photos.leclercdrive.fr/image.ashx?id=784848&use=l&cat=p&typeid=i","cat":284550},{"id":24410,"n":"Bonbons Copains Copines Tendres fruits - 360 g","p":2.05,"u":"5,69 €/KG","img":"https://fd13-photos.leclercdrive.fr/image.ashx?id=2502678&use=l&cat=p&typeid=i","cat":304250},{"id":24420,"n":"Galettes Bretonnes NRT 100g","p":1.68,"u":"16,80 €/KG","img":"https://fd13-photos.leclercdrive.fr/image.ashx?id=2909419&use=l&cat=p&typeid=i","cat":284487},{"id":24474,"n":"Petites crevettes roses Pêche Océan - 125g","p":2.49,"u":"19,92 €/KG","img":"https://fd13-photos.leclercdrive.fr/image.ashx?id=1921494&use=l&cat=p&typeid=i","cat":284343},{"id":24495,"n":"Capsules Nescafé Dolce Gusto  Nesquik - x16","p":4.41,"u":"17,23 €/KG","img":"https://fd13-photos.leclercdrive.fr/image.ashx?id=2946634&use=l&cat=p&typeid=i","cat":293239},{"id":24500,"n":"Pain de mie nature Epi d'Or Sans croute - 500g","p":1.39,"u":"2,78 €/KG","img":"https://fd13-photos.leclercdrive.fr/image.ashx?id=2209282&use=l&cat=p&typeid=i","cat":284477},{"id":24603,"n":"Soin bille yeux Men Expert 10ml","p":6.43,"u":"643,00 €/L","img":"https://fd13-photos.leclercdrive.fr/image.ashx?id=1568668&use=l&cat=p&typeid=i","cat":284622},{"id":24642,"n":"Déodorant Rexona Confidence Stick anti-transpirant - 45ml","p":4.36,"u":"96,89 €/L","img":"https://fd13-photos.leclercdrive.fr/image.ashx?id=2738194&use=l&cat=p&typeid=i","cat":284595},{"id":24652,"n":"Déodorant Stick Rexona Anti- Transpirant CleanScent 96H 45ml","p":3.45,"u":"76,67 €/L","img":"https://fd13-photos.leclercdrive.fr/image.ashx?id=2895101&use=l&cat=p&typeid=i","cat":284595},{"id":24659,"n":"Secret de mousse la Laitière Chocolat au lait - 8x59g","p":2.93,"u":"6,21 €/KG","img":"https://fd13-photos.leclercdrive.fr/image.ashx?id=3007984&use=l&cat=p&typeid=i","cat":284417},{"id":24694,"n":"Brosses à dent souple Dentamyl x4","p":0.99,"u":"0,25 €/P","img":"https://fd13-photos.leclercdrive.fr/image.ashx?id=2790946&use=l&cat=p&typeid=i","cat":284614},{"id":24759,"n":"Mini nems Tables du Monde porc x5/poulet x5 +sauce - 220g","p":2.99,"u":"13,59 €/KG","img":"https://fd13-photos.leclercdrive.fr/image.ashx?id=1919414&use=l&cat=p&typeid=i","cat":333673},{"id":24790,"n":"Oeufs De Nos Villages Plein air - Gros - x6","p":1.79,"u":"0,30 €/P","img":"https://fd13-photos.leclercdrive.fr/image.ashx?id=2228927&use=l&cat=p&typeid=i","cat":284378},{"id":24847,"n":"Gâche tranchée ovale NRT Beurre - 450g","p":2.48,"u":"5,51 €/KG","img":"https://fd13-photos.leclercdrive.fr/image.ashx?id=2670443&use=l&cat=p&typeid=i","cat":284478},{"id":24879,"n":"Boisson apéritif Voltano Base de vin Rosato 14.4%vol 1L","p":4.99,"u":"4,99 €/L","img":"https://fd13-photos.leclercdrive.fr/image.ashx?id=3007040&use=l&cat=p&typeid=i","cat":284913},{"id":24906,"n":"Mozzarella mini billes  Les Croisés - 150g","p":1.7,"u":"11,33 €/KG","img":"https://fd13-photos.leclercdrive.fr/image.ashx?id=2992528&use=l&cat=p&typeid=i","cat":314026},{"id":24961,"n":"Soin de jour L'Oréal Paris Age Perfect anti-âge - 50ml","p":11.97,"pp":7.9,"u":"158,00 €/L","img":"https://fd13-photos.leclercdrive.fr/image.ashx?id=2868047&use=l&cat=p&typeid=i","cat":325345},{"id":24967,"n":"Fondue Savoyarde RichesMonts  3 fromages - 450g","p":5.76,"u":"12,80 €/KG","img":"https://fd13-photos.leclercdrive.fr/image.ashx?id=2986239&use=l&cat=p&typeid=i","cat":314037},{"id":24968,"n":"Fromage de chèvre Petit Billy 45%mg - 200g","p":2.74,"u":"13,70 €/KG","img":"https://fd13-photos.leclercdrive.fr/image.ashx?id=2543136&use=l&cat=p&typeid=i","cat":314031},{"id":24970,"n":"Crottin de chèvre Rians 23%mg - 2x60g","p":2.79,"u":"23,25 €/KG","img":"https://fd13-photos.leclercdrive.fr/image.ashx?id=2762094&use=l&cat=p&typeid=i","cat":314031},{"id":24971,"n":"Fromage Le Chèvre Soignon Boîte - 180g","p":2.92,"u":"16,22 €/KG","img":"https://fd13-photos.leclercdrive.fr/image.ashx?id=2676723&use=l&cat=p&typeid=i","cat":314031},{"id":24972,"n":"Chèvre à dorer Les Croisés x4 - 100g","p":1.77,"u":"17,70 €/KG","img":"https://fd13-photos.leclercdrive.fr/image.ashx?id=2460592&use=l&cat=p&typeid=i","cat":314027},{"id":24977,"n":"Pain hot dog Jacquet x4 -  240g","p":1.67,"u":"6,96 €/KG","img":"https://fd13-photos.leclercdrive.fr/image.ashx?id=2799293&use=l&cat=p&typeid=i","cat":284985},{"id":24982,"n":"Fromage à tartiner Philadelphia Light nature - 150g","p":2.21,"u":"14,73 €/KG","img":"https://fd13-photos.leclercdrive.fr/image.ashx?id=1626572&use=l&cat=p&typeid=i","cat":314029},{"id":25005,"n":"Préparation Papillotes Maggi Rôti thym et fines herbes - 30g","p":0.73,"u":"24,33 €/KG","img":"https://fd13-photos.leclercdrive.fr/image.ashx?id=2963964&use=l&cat=p&typeid=i","cat":288380},{"id":25006,"n":"Sauce béchamel Maggi Saveur à l'ancienne sachet -60g","p":0.62,"u":"10,33 €/KG","img":"https://fd13-photos.leclercdrive.fr/image.ashx?id=2697297&use=l&cat=p&typeid=i","cat":288381},{"id":25010,"n":"Barres Chocolatées KINDER Maxi Chocolat au Lait x10 - 210g","p":3.03,"u":"14,43 €/KG","img":"https://fd13-photos.leclercdrive.fr/image.ashx?id=2679609&use=l&cat=p&typeid=i","cat":284498},{"id":25030,"n":"Petits pots Babynat Petits pois Cabillaud - 8mois 2x200g","p":2.95,"u":"7,38 €/KG","img":"https://fd13-photos.leclercdrive.fr/image.ashx?id=2825742&use=l&cat=p&typeid=i","cat":312236},{"id":25035,"n":"Salade Menu Fraîcheur Concombre au fromage blanc 300g","p":1.64,"u":"5,47 €/KG","img":"https://fd13-photos.leclercdrive.fr/image.ashx?id=2727632&use=l&cat=p&typeid=i","cat":333657},{"id":25049,"n":"Lames de rasoir Carré Homme 3 lames - x4","p":3.45,"u":"0,86 €/P","img":"https://fd13-photos.leclercdrive.fr/image.ashx?id=2704624&use=l&cat=p&typeid=i","cat":284616},{"id":25051,"n":"Boulettes de boeuf Férial x30 - 900g","p":7.39,"u":"8,21 €/KG","img":"https://fd13-photos.leclercdrive.fr/image.ashx?id=1499692&use=l&cat=p&typeid=i","cat":319779},{"id":25061,"n":"Cornichons Rustica Vinaigre - 360g","p":1.65,"u":"4,58 €/KG","img":"https://fd13-photos.leclercdrive.fr/image.ashx?id=2799763&use=l&cat=p&typeid=i","cat":284458},{"id":25064,"n":"Film étirable Alfapac Extensible auto-adhérent 50m","p":2.0,"img":"https://fd13-photos.leclercdrive.fr/image.ashx?id=2918271&use=l&cat=p&typeid=i","cat":334134},{"id":25067,"n":"Oeufs frais De Nos Régions Plein Air - Label Rouge - x12","p":3.58,"u":"0,30 €/P","img":"https://fd13-photos.leclercdrive.fr/image.ashx?id=2858105&use=l&cat=p&typeid=i","cat":284378},{"id":25068,"n":"Oeufs frais De Nos Régions Plein Air - Label rouge - x6","p":1.79,"u":"0,30 €/P","img":"https://fd13-photos.leclercdrive.fr/image.ashx?id=2858102&use=l&cat=p&typeid=i","cat":284378},{"id":25069,"n":"Fromage à Tartiner St Môret  Nature Léger - 9 portions 180g","p":2.5,"u":"13,89 €/KG","img":"https://fd13-photos.leclercdrive.fr/image.ashx?id=2755453&use=l&cat=p&typeid=i","cat":314029},{"id":25080,"n":"Parmigiano Reggiano AOP Les Croisés - 200G","p":4.99,"u":"24,95 €/KG","img":"https://fd13-photos.leclercdrive.fr/image.ashx?id=2291399&use=l&cat=p&typeid=i","cat":314034},{"id":25085,"n":"Lait bio Bio Village Bouteille  Demi-écrémé UHT -  6x50cl","p":5.22,"u":"1,74 €/L","img":"https://fd13-photos.leclercdrive.fr/image.ashx?id=2970003&use=l&cat=p&typeid=i","cat":284377},{"id":25093,"n":"Yaourts brassés Délisse Fruits jaunes - 8x125 g","p":2.28,"u":"2,28 €/KG","img":"https://fd13-photos.leclercdrive.fr/image.ashx?id=2495536&use=l&cat=p&typeid=i","cat":284410},{"id":25095,"n":"Yaourts brassés Délisse Fruits rouges - 8X125g","p":2.27,"u":"2,27 €/KG","img":"https://fd13-photos.leclercdrive.fr/image.ashx?id=2494217&use=l&cat=p&typeid=i","cat":284410},{"id":25124,"n":"Pur jus Multifruits Bio Village Bio - 6x20cl","p":3.11,"u":"2,59 €/L","img":"https://fd13-photos.leclercdrive.fr/image.ashx?id=2435834&use=l&cat=p&typeid=i","cat":284524},{"id":25125,"n":"Pur jus d'orange Bio Village Bio - 6x20cl","p":2.99,"u":"2,49 €/L","img":"https://fd13-photos.leclercdrive.fr/image.ashx?id=2047076&use=l&cat=p&typeid=i","cat":284521},{"id":25164,"n":"Crème dessert Délisse Chocolat noir 4x125g","p":1.05,"u":"2,10 €/KG","img":"https://fd13-photos.leclercdrive.fr/image.ashx?id=2694283&use=l&cat=p&typeid=i","cat":285041},{"id":25172,"n":"Sacs poubelle 30L Alfapac Ultra résistant Coulissac - x20","p":3.16,"u":"0,16 €/P","img":"https://fd13-photos.leclercdrive.fr/image.ashx?id=2732359&use=l&cat=p&typeid=i","cat":285168},{"id":25183,"n":"Confiture à l'orange Andros Allégée - 350g","p":1.2,"u":"3,43 €/KG","img":"https://fd13-photos.leclercdrive.fr/image.ashx?id=2398418&use=l&cat=p&typeid=i","cat":284480},{"id":25186,"n":"Confiture pêches Bonne Maman Bocal - 370g","p":1.73,"u":"4,68 €/KG","img":"https://fd13-photos.leclercdrive.fr/image.ashx?id=2482969&use=l&cat=p&typeid=i","cat":284480},{"id":25204,"n":"Petits pois d'aucy  Tendres et fondants - 560g","p":1.99,"u":"3,55 €/KG","img":"https://fd13-photos.leclercdrive.fr/image.ashx?id=2438126&use=l&cat=p&typeid=i","cat":312607},{"id":25205,"n":"Pois carottes D'aucy  Tendres et fondants -530g","p":1.79,"u":"3,38 €/KG","img":"https://fd13-photos.leclercdrive.fr/image.ashx?id=2426367&use=l&cat=p&typeid=i","cat":312607},{"id":25207,"n":"Cornichons Rustica Extra fins - 185g","p":1.28,"u":"6,92 €/KG","img":"https://fd13-photos.leclercdrive.fr/image.ashx?id=2799760&use=l&cat=p&typeid=i","cat":284458},{"id":25283,"n":"Barres céréales Grany Pommes - 125g","p":1.83,"u":"14,64 €/KG","img":"https://fd13-photos.leclercdrive.fr/image.ashx?id=3002093&use=l&cat=p&typeid=i","cat":285869},{"id":25337,"n":"Café moulu L'Or Absolu 100% Arabica - 2x250g","p":9.39,"u":"18,78 €/KG","img":"https://fd13-photos.leclercdrive.fr/image.ashx?id=2294935&use=l&cat=p&typeid=i","cat":284750},{"id":25342,"n":"Céréales Trésor Kellogg's Chocolat au lait - 1kg","p":6.46,"u":"6,46 €/KG","img":"https://fd13-photos.leclercdrive.fr/image.ashx?id=2598319&use=l&cat=p&typeid=i","cat":309513},{"id":25343,"n":"Céréales Trésor de Kellogg's Chocolat Noisettes - 1kg","p":6.33,"u":"6,33 €/KG","img":"https://fd13-photos.leclercdrive.fr/image.ashx?id=2598316&use=l&cat=p&typeid=i","cat":309513},{"id":25359,"n":"Tablette chocolat blanc Lindt Vanille - 100g","p":2.43,"u":"24,30 €/KG","img":"https://fd13-photos.leclercdrive.fr/image.ashx?id=2755318&use=l&cat=p&typeid=i","cat":284957},{"id":25366,"n":"Tablette de chocolat noir Lindt 90% cacao - 100g","p":2.24,"u":"22,40 €/KG","img":"https://fd13-photos.leclercdrive.fr/image.ashx?id=2689502&use=l&cat=p&typeid=i","cat":284956},{"id":25370,"n":"Tablette chocolat Côte d'Or Chocolat lait/Noisettes - 200g","p":4.24,"u":"21,20 €/KG","img":"https://fd13-photos.leclercdrive.fr/image.ashx?id=2961218&use=l&cat=p&typeid=i","cat":284497},{"id":25375,"n":"Tablette chocolat Milka Chocolat lait/Noisettes - 200g","p":3.52,"u":"17,60 €/KG","img":"https://fd13-photos.leclercdrive.fr/image.ashx?id=2381748&use=l&cat=p&typeid=i","cat":284497},{"id":25385,"n":"Tablette chocolat Côte d'Or Chocolat lait/praliné - 200g","p":3.48,"u":"17,40 €/KG","img":"https://fd13-photos.leclercdrive.fr/image.ashx?id=2938076&use=l&cat=p&typeid=i","cat":284497},{"id":25407,"n":"Bonbons LUTTI Luttimint Menthe - 250g","p":1.76,"u":"7,04 €/KG","img":"https://fd13-photos.leclercdrive.fr/image.ashx?id=2815019&use=l&cat=p&typeid=i","cat":304252},{"id":25425,"n":"Biscuits apéritif Lay's 3D's Goût Cacahuetes - 85g","p":0.83,"u":"9,76 €/KG","img":"https://fd13-photos.leclercdrive.fr/image.ashx?id=2916824&use=l&cat=p&typeid=i","cat":284449},{"id":25432,"n":"Herbes de provence Ducros Boîte ménagère 40g","p":1.36,"u":"34,00 €/KG","img":"https://fd13-photos.leclercdrive.fr/image.ashx?id=2486548&use=l&cat=p&typeid=i","cat":298297},{"id":25445,"n":"Lait poudre Croissance Modilac  De 12 mois à 36 mois - 800g","p":13.32,"u":"16,65 €/KG","img":"https://fd13-photos.leclercdrive.fr/image.ashx?id=2873390&use=l&cat=p&typeid=i","cat":290219},{"id":25446,"n":"Lait croissance Nidal Nestlé Dès 12 mois - 800g","p":9.02,"u":"11,28 €/KG","img":"https://fd13-photos.leclercdrive.fr/image.ashx?id=2806405&use=l&cat=p&typeid=i","cat":290219},{"id":25452,"n":"Sucettes au lait Chupa Chups Sachet - 192g","p":2.32,"u":"12,08 €/KG","img":"https://fd13-photos.leclercdrive.fr/image.ashx?id=2647648&use=l&cat=p&typeid=i","cat":304252},{"id":25465,"n":"Recharge distributeur Canderel Comprimés x600 - 51g","p":4.91,"u":"96,27 €/KG","img":"https://fd13-photos.leclercdrive.fr/image.ashx?id=2811008&use=l&cat=p&typeid=i","cat":324846},{"id":25485,"n":"Miel de fleurs Lune de Miel Spécialités 500g","p":4.31,"u":"8,62 €/KG","img":"https://fd13-photos.leclercdrive.fr/image.ashx?id=2972409&use=l&cat=p&typeid=i","cat":287643},{"id":25492,"n":"Confiture Bonne Maman Fraise & fraises des bois 370g","p":2.49,"u":"6,73 €/KG","img":"https://fd13-photos.leclercdrive.fr/image.ashx?id=2999841&use=l&cat=p&typeid=i","cat":284480},{"id":25493,"n":"Bouillon Cube Maggi Pot au feu - 180g","p":1.57,"u":"8,72 €/KG","img":"https://fd13-photos.leclercdrive.fr/image.ashx?id=2212315&use=l&cat=p&typeid=i","cat":288379},{"id":25515,"n":"Eau minérale naturelle Vittel 6x1L","p":2.51,"u":"0,42 €/L","img":"https://fd13-photos.leclercdrive.fr/image.ashx?id=2276654&use=l&cat=p&typeid=i","cat":284535},{"id":25516,"n":"Eau de source Cristaline 12x50cl","p":1.81,"u":"0,30 €/L","img":"https://fd13-photos.leclercdrive.fr/image.ashx?id=2872874&use=l&cat=p&typeid=i","cat":284535},{"id":25525,"n":"Boisson aux fruits Oasis Tropical - 4x50cl","p":4.47,"u":"2,24 €/L","img":"https://fd13-photos.leclercdrive.fr/image.ashx?id=3014446&use=l&cat=p&typeid=i","cat":295018},{"id":25527,"n":"Boisson aux fruits Oasis Multifruits - 2L","p":2.38,"u":"1,19 €/L","img":"https://fd13-photos.leclercdrive.fr/image.ashx?id=2688674&use=l&cat=p&typeid=i","cat":295018},{"id":25541,"n":"Soda à l'orange Orangina 6x25cl","p":4.16,"u":"2,77 €/L","img":"https://fd13-photos.leclercdrive.fr/image.ashx?id=2495653&use=l&cat=p&typeid=i","cat":284532},{"id":25550,"n":"Soda Schweppes Indian Tonic Zero - 1,5L","p":1.72,"u":"1,15 €/L","img":"https://fd13-photos.leclercdrive.fr/image.ashx?id=2852393&use=l&cat=p&typeid=i","cat":284531},{"id":25554,"n":"Soda Schweppes Saveur Citron Zero - 1,5L","p":1.7,"u":"1,13 €/L","img":"https://fd13-photos.leclercdrive.fr/image.ashx?id=2852396&use=l&cat=p&typeid=i","cat":284532},{"id":25557,"n":"Soda Schweppes Saveur Pomme - 1,5L","p":2.16,"u":"1,44 €/L","img":"https://fd13-photos.leclercdrive.fr/image.ashx?id=2852411&use=l&cat=p&typeid=i","cat":284532},{"id":25561,"n":"Jus de fruits Tropicana Multivitaminés Essentiels - 1L","p":2.46,"u":"2,46 €/L","img":"https://fd13-photos.leclercdrive.fr/image.ashx?id=2605641&use=l&cat=p&typeid=i","cat":284917},{"id":25567,"n":"Jus d'orange Jafaden A base de concentré  - 2L","p":3.51,"u":"1,76 €/L","img":"https://fd13-photos.leclercdrive.fr/image.ashx?id=1921877&use=l&cat=p&typeid=i","cat":284521},{"id":25575,"n":"Limonade artisanale Lorina Bouteille - 1L","p":3.06,"u":"3,06 €/L","img":"https://fd13-photos.leclercdrive.fr/image.ashx?id=2735137&use=l&cat=p&typeid=i","cat":284531},{"id":25576,"n":"Limonade Cristal Lorina 1,25L","p":2.3,"u":"1,84 €/L","img":"https://fd13-photos.leclercdrive.fr/image.ashx?id=2575555&use=l&cat=p&typeid=i","cat":284531},{"id":25586,"n":"Apéritif à base de vin Martini Rosato 14,4° - 100cl","p":8.96,"u":"8,96 €/L","img":"https://fd13-photos.leclercdrive.fr/image.ashx?id=2842537&use=l&cat=p&typeid=i","cat":284913},{"id":25589,"n":"Nectar Bio Pressade Orange pêche abricot - 1,5L","p":2.61,"u":"1,74 €/L","img":"https://fd13-photos.leclercdrive.fr/image.ashx?id=2732503&use=l&cat=p&typeid=i","cat":284521},{"id":25596,"n":"Nectar Bio Pressade Multifruits - 6x20cl","p":2.72,"u":"2,27 €/L","img":"https://fd13-photos.leclercdrive.fr/image.ashx?id=2732518&use=l&cat=p&typeid=i","cat":284524},{"id":25607,"n":"Eau minérale gazeuse Perrier  Naturelle  - 6x50cl","p":3.5,"u":"1,17 €/L","img":"https://fd13-photos.leclercdrive.fr/image.ashx?id=2493916&use=l&cat=p&typeid=i","cat":284536},{"id":25609,"n":"Saucisses aux lentilles  William Saurin- 840g","p":3.4,"u":"4,05 €/KG","img":"https://fd13-photos.leclercdrive.fr/image.ashx?id=2890070&use=l&cat=p&typeid=i","cat":284441},{"id":25613,"n":"Boisson énergétique Powerade Cerise - 50cl","p":1.23,"u":"2,46 €/L","img":"https://fd13-photos.leclercdrive.fr/image.ashx?id=2774220&use=l&cat=p&typeid=i","cat":284533},{"id":25614,"n":"Boisson Citronnade Pulco Citron - 1,5L","p":2.14,"u":"1,43 €/L","img":"https://fd13-photos.leclercdrive.fr/image.ashx?id=2941526&use=l&cat=p&typeid=i","cat":295018},{"id":25615,"n":"Concentré à diluer Pulco Agrumes - 70cl","p":2.82,"u":"4,03 €/L","img":"https://fd13-photos.leclercdrive.fr/image.ashx?id=2687851&use=l&cat=p&typeid=i","cat":295020},{"id":25619,"n":"Pastis Ricard Anisé 45% vol - 1,5L","p":29.84,"u":"19,89 €/L","img":"https://fd13-photos.leclercdrive.fr/image.ashx?id=2839115&use=l&cat=p&typeid=i","cat":284548},{"id":25627,"n":"Sirop Moulin de Valdonne Violette - 70cl","p":2.93,"u":"4,19 €/L","img":"https://fd13-photos.leclercdrive.fr/image.ashx?id=2756918&use=l&cat=p&typeid=i","cat":295020},{"id":25630,"n":"Taboulé Menu Fraîcheur Poulet - 500g","p":2.11,"u":"4,22 €/KG","img":"https://fd13-photos.leclercdrive.fr/image.ashx?id=2645927&use=l&cat=p&typeid=i","cat":333657},{"id":25632,"n":"Vodka Absolut 40% vol - 70cl","p":17.73,"u":"25,33 €/L","img":"https://fd13-photos.leclercdrive.fr/image.ashx?id=2887239&use=l&cat=p&typeid=i","cat":284550},{"id":25663,"n":"Chips à l'ancienne Pom'Lisse Nature - 270g","p":1.85,"u":"6,85 €/KG","img":"https://fd13-photos.leclercdrive.fr/image.ashx?id=2724835&use=l&cat=p&typeid=i","cat":284447},{"id":25669,"n":"Pâtes de fruits rouges NRT   De Provence - 180g","p":3.55,"u":"19,72 €/KG","img":"https://fd13-photos.leclercdrive.fr/image.ashx?id=2771049&use=l&cat=p&typeid=i","cat":284499},{"id":25670,"n":"Pâtes de fruits jaunes NRT De Provence - 180g","p":3.55,"u":"19,72 €/KG","img":"https://fd13-photos.leclercdrive.fr/image.ashx?id=2771052&use=l&cat=p&typeid=i","cat":284499},{"id":25685,"n":"Bouillon Cube Maggi Boeuf - 180g","p":1.59,"u":"8,83 €/KG","img":"https://fd13-photos.leclercdrive.fr/image.ashx?id=2882896&use=l&cat=p&typeid=i","cat":288379},{"id":25686,"n":"Bouillon Cube Maggi Volaille - 180g","p":1.49,"u":"8,28 €/KG","img":"https://fd13-photos.leclercdrive.fr/image.ashx?id=2737003&use=l&cat=p&typeid=i","cat":288379},{"id":25729,"n":"Vinaigrette balsamique Puget Tomate séchée - 33cl","p":2.34,"u":"7,09 €/L","img":"https://fd13-photos.leclercdrive.fr/image.ashx?id=2912143&use=l&cat=p&typeid=i","cat":284456},{"id":25738,"n":"Blanc de poulet Fleury Michon -25% de sel x4 - 160g","p":2.19,"u":"13,69 €/KG","img":"https://fd13-photos.leclercdrive.fr/image.ashx?id=2885974&use=l&cat=p&typeid=i","cat":316010},{"id":25739,"n":"Bûche de chèvre Les Croisés Fondante 22%mg - 180g","p":1.84,"u":"10,22 €/KG","img":"https://fd13-photos.leclercdrive.fr/image.ashx?id=2073045&use=l&cat=p&typeid=i","cat":314031},{"id":25741,"n":"Grana Padano AOP Les Croisés - 200g","p":3.35,"u":"16,75 €/KG","img":"https://fd13-photos.leclercdrive.fr/image.ashx?id=2291396&use=l&cat=p&typeid=i","cat":314034},{"id":25742,"n":"Macédoine Menu Fraîcheur  Légumes - 300g","p":1.59,"u":"5,30 €/KG","img":"https://fd13-photos.leclercdrive.fr/image.ashx?id=2645909&use=l&cat=p&typeid=i","cat":333657},{"id":25743,"n":"Mascarpone Les Croisés - 500g","p":3.08,"u":"6,16 €/KG","img":"https://fd13-photos.leclercdrive.fr/image.ashx?id=2123626&use=l&cat=p&typeid=i","cat":314026},{"id":25744,"n":"Nems au Poulet Tables du Monde  x4  - 280g","p":1.79,"u":"6,39 €/KG","img":"https://fd13-photos.leclercdrive.fr/image.ashx?id=1765178&use=l&cat=p&typeid=i","cat":333673},{"id":25746,"n":"Saucisse de volaille Tradilège  x10 350g","p":1.47,"u":"4,20 €/KG","img":"https://fd13-photos.leclercdrive.fr/image.ashx?id=2625110&use=l&cat=p&typeid=i","cat":316012},{"id":25748,"n":"Hachés au colin d'Alaska Pêche Océan - 200g","p":2.24,"u":"11,20 €/KG","img":"https://fd13-photos.leclercdrive.fr/image.ashx?id=1724572&use=l&cat=p&typeid=i","cat":284344},{"id":25749,"n":"Hachés au saumon Pêche Océan à la ciboulette - 200g","p":2.25,"u":"11,25 €/KG","img":"https://fd13-photos.leclercdrive.fr/image.ashx?id=2953632&use=l&cat=p&typeid=i","cat":284344},{"id":25753,"n":"Génoises fourrées Eco+ Framboise - 300g","p":1.9,"u":"6,33 €/KG","img":"https://fd13-photos.leclercdrive.fr/image.ashx?id=2477532&use=l&cat=p&typeid=i","cat":284489},{"id":25759,"n":"Barquettes chats Gourmet Gold Double délice luxe mix - 12x85g","p":5.76,"u":"5,65 €/KG","img":"https://fd13-photos.leclercdrive.fr/image.ashx?id=2857096&use=l&cat=p&typeid=i","cat":285286},{"id":25762,"n":"Bâtonnets Dentastix Pedigree Grand chien x28 - 1080g","p":8.41,"u":"7,79 €/KG","img":"https://fd13-photos.leclercdrive.fr/image.ashx?id=2924776&use=l&cat=p&typeid=i","cat":294527},{"id":25764,"n":"Olives noires Tramier Dénoyautées - 150g","p":1.57,"u":"10,47 €/KG","img":"https://fd13-photos.leclercdrive.fr/image.ashx?id=2840814&use=l&cat=p&typeid=i","cat":284458},{"id":25765,"n":"Céréales Nestlé Mix Chocapic, Lion, Nesquik x6","p":2.26,"u":"11,89 €/KG","img":"https://fd13-photos.leclercdrive.fr/image.ashx?id=2981364&use=l&cat=p&typeid=i","cat":309513},{"id":25779,"n":"Yaourts Lait de chèvre Soignon Nature - 4x125g","p":2.23,"u":"4,46 €/KG","img":"https://fd13-photos.leclercdrive.fr/image.ashx?id=2518250&use=l&cat=p&typeid=i","cat":314998},{"id":25790,"n":"Sucre pure canne Bio Village En morceaux bio - 500g","p":2.09,"u":"4,18 €/KG","img":"https://fd13-photos.leclercdrive.fr/image.ashx?id=3010440&use=l&cat=p&typeid=i","cat":284502},{"id":25793,"n":"AOP Côtes du Rhône rouge Cellier des Dauphins - BIB 3L","p":11.34,"u":"3,78 €/L","img":"https://fd13-photos.leclercdrive.fr/image.ashx?id=2830006&use=l&cat=p&typeid=i","cat":289560},{"id":25805,"n":"Légumes pour pot au feu Panier du Primeur - 1kg","p":2.49,"u":"2,49 €/KG","img":"https://fd13-photos.leclercdrive.fr/image.ashx?id=2958717&use=l&cat=p&typeid=i","cat":284352},{"id":25806,"n":"Lingettes bébé H2O Biolane Epaisses - x72","p":1.87,"u":"0,03 €/P","img":"https://fd13-photos.leclercdrive.fr/image.ashx?id=2877910&use=l&cat=p&typeid=i","cat":284738},{"id":25811,"n":"Salade Coleslaw Menu Fraîcheur  500g","p":1.83,"u":"3,66 €/KG","img":"https://fd13-photos.leclercdrive.fr/image.ashx?id=2645930&use=l&cat=p&typeid=i","cat":333657},{"id":25817,"n":"Emincés de saumon fumé ASC Ronde des mers - 100g","p":4.49,"u":"44,90 €/KG","img":"https://fd13-photos.leclercdrive.fr/image.ashx?id=2953620&use=l&cat=p&typeid=i","cat":285188},{"id":25818,"n":"Émincés de saumon fumé ASC Ronde de mers - 100g","p":4.49,"u":"44,90 €/KG","img":"https://fd13-photos.leclercdrive.fr/image.ashx?id=2953617&use=l&cat=p&typeid=i","cat":285188},{"id":25819,"n":"Feuilletés Jambon Emmental Coté Table - 2x140g","p":2.99,"u":"10,68 €/KG","img":"https://fd13-photos.leclercdrive.fr/image.ashx?id=2065035&use=l&cat=p&typeid=i","cat":333671},{"id":25820,"n":"Flammekueche Coté Table 350g","p":1.88,"u":"5,37 €/KG","img":"https://fd13-photos.leclercdrive.fr/image.ashx?id=2064819&use=l&cat=p&typeid=i","cat":333680},{"id":25822,"n":"Fromage à tartiner Les Croisés Nature - 24%mg - 300g","p":1.84,"u":"6,13 €/KG","img":"https://fd13-photos.leclercdrive.fr/image.ashx?id=1630699&use=l&cat=p&typeid=i","cat":314029},{"id":25825,"n":"Fromage de brebis Les Croisés 210g","p":2.86,"u":"13,62 €/KG","img":"https://fd13-photos.leclercdrive.fr/image.ashx?id=2198038&use=l&cat=p&typeid=i","cat":329184},{"id":25836,"n":"Choucroute garnie  William Saurin - 800g","p":3.95,"u":"4,94 €/KG","img":"https://fd13-photos.leclercdrive.fr/image.ashx?id=2890058&use=l&cat=p&typeid=i","cat":284441},{"id":25839,"n":"Couscous parfumé Tipiak Prêt en 5 min  - 500g","p":2.02,"u":"4,04 €/KG","img":"https://fd13-photos.leclercdrive.fr/image.ashx?id=2946937&use=l&cat=p&typeid=i","cat":284429},{"id":25841,"n":"Couscous Tipiak  Prêt en 1 min 30 s - 500g","p":1.32,"u":"2,64 €/KG","img":"https://fd13-photos.leclercdrive.fr/image.ashx?id=2640431&use=l&cat=p&typeid=i","cat":284429},{"id":25848,"n":"Lait de coco Suzi Wan 500ml","p":2.65,"u":"5,30 €/L","img":"https://fd13-photos.leclercdrive.fr/image.ashx?id=2892934&use=l&cat=p&typeid=i","cat":288992},{"id":25854,"n":"Mignonnettes Côte d'Or Chocolat noir /orange - 24x10g","p":5.13,"u":"21,38 €/KG","img":"https://fd13-photos.leclercdrive.fr/image.ashx?id=3009152&use=l&cat=p&typeid=i","cat":284499},{"id":25856,"n":"Olives vertes La Ciota Farcies anchois - 120g","p":1.96,"u":"16,33 €/KG","img":"https://fd13-photos.leclercdrive.fr/image.ashx?id=2296575&use=l&cat=p&typeid=i","cat":284458},{"id":25860,"n":"Pain au chocolat La Boulangère Pur beurre - x8 - 400g","p":2.81,"u":"7,03 €/KG","img":"https://fd13-photos.leclercdrive.fr/image.ashx?id=2912182&use=l&cat=p&typeid=i","cat":296366},{"id":25865,"n":"Préparation taboulé Tipiak Menthe citron olive - 350g","p":2.14,"u":"6,11 €/KG","img":"https://fd13-photos.leclercdrive.fr/image.ashx?id=2973862&use=l&cat=p&typeid=i","cat":284429},{"id":25868,"n":"Flocons d'avoine Quaker Oats Classic - 800g","p":2.24,"u":"2,80 €/KG","img":"https://fd13-photos.leclercdrive.fr/image.ashx?id=2344498&use=l&cat=p&typeid=i","cat":309512},{"id":25879,"n":"Bâtonnets Dentastix Pedigree Petit chien x28 - 440g","p":5.58,"u":"12,68 €/KG","img":"https://fd13-photos.leclercdrive.fr/image.ashx?id=2877106&use=l&cat=p&typeid=i","cat":294527},{"id":25887,"n":"Tablette chocolat Côte d'Or Noir Extra 2x200g","p":5.06,"u":"12,65 €/KG","img":"https://fd13-photos.leclercdrive.fr/image.ashx?id=2882065&use=l&cat=p&typeid=i","cat":284956},{"id":25889,"n":"Mignonnettes Côte d'Or Chocolat au lait - 24x10g","p":5.27,"u":"21,96 €/KG","img":"https://fd13-photos.leclercdrive.fr/image.ashx?id=3002210&use=l&cat=p&typeid=i","cat":284499},{"id":25893,"n":"Tablette chocolat Côte d'Or Chocolat noir - 200g","p":2.74,"u":"13,70 €/KG","img":"https://fd13-photos.leclercdrive.fr/image.ashx?id=2993119&use=l&cat=p&typeid=i","cat":284956},{"id":26027,"n":"Gel douche Eco  Senteur vanille - 500ml","p":0.65,"u":"1,30 €/L","img":"https://fd13-photos.leclercdrive.fr/image.ashx?id=1633778&use=l&cat=p&typeid=i","cat":284594},{"id":26030,"n":"Masque Inell Film purifiant x2","p":0.99,"img":"https://fd13-photos.leclercdrive.fr/image.ashx?id=2691625&use=l&cat=p&typeid=i","cat":325346},{"id":26035,"n":"Bain de bouche Dentamyl Fraîcheur menthe - 500ml","p":1.89,"u":"3,78 €/L","img":"https://fd13-photos.leclercdrive.fr/image.ashx?id=2526604&use=l&cat=p&typeid=i","cat":284613},{"id":26038,"n":"Recharge savon mains Manava Crème Lait et miel - 250ml","p":0.57,"u":"2,28 €/L","img":"https://fd13-photos.leclercdrive.fr/image.ashx?id=2935489&use=l&cat=p&typeid=i","cat":284597},{"id":26040,"n":"Recharge savon mains Manava Gel spécial cuisine - 250ml","p":0.66,"u":"2,64 €/L","img":"https://fd13-photos.leclercdrive.fr/image.ashx?id=2935492&use=l&cat=p&typeid=i","cat":284597},{"id":26065,"n":"Saucisson Petit Justin Bridou  Bâton de Berger Nature - 100g","p":2.33,"u":"23,30 €/KG","img":"https://fd13-photos.leclercdrive.fr/image.ashx?id=2851036&use=l&cat=p&typeid=i","cat":316006},{"id":26087,"n":"Fromage blanc sous mousse  gervita nature - 8x100g","p":3.55,"u":"4,44 €/KG","img":"https://fd13-photos.leclercdrive.fr/image.ashx?id=2265768&use=l&cat=p&typeid=i","cat":284409},{"id":26099,"n":"Désodorisant Arbre Magique Parfum vanille - 1 pièce","p":1.26,"img":"https://fd13-photos.leclercdrive.fr/image.ashx?id=2301088&use=l&cat=p&typeid=i","cat":298252},{"id":26161,"n":"Yaourt nature brassé bifidus Activia - 8x125g","p":2.74,"u":"2,74 €/KG","img":"https://fd13-photos.leclercdrive.fr/image.ashx?id=2741691&use=l&cat=p&typeid=i","cat":315000},{"id":26183,"n":"Adoucissant Hyperdou Rêve de fraîcheur - 3x250ml","p":1.23,"u":"1,64 €/L","img":"https://fd13-photos.leclercdrive.fr/image.ashx?id=2643318&use=l&cat=p&typeid=i","cat":284650},{"id":26185,"n":"Lingettes désinfectante Sanytol Multi-usage Eucalyptus - x72","p":1.56,"u":"0,03 €/P","img":"https://fd13-photos.leclercdrive.fr/image.ashx?id=2899353&use=l&cat=p&typeid=i","cat":325358},{"id":26193,"n":"Edulcorant Canderel sticks x120 - 120g","p":2.59,"u":"21,58 €/KG","img":"https://fd13-photos.leclercdrive.fr/image.ashx?id=2811011&use=l&cat=p&typeid=i","cat":324846},{"id":26223,"n":"Sauce Sacla'Italia Arrabbiata - 190g","p":2.15,"u":"11,32 €/KG","img":"https://fd13-photos.leclercdrive.fr/image.ashx?id=2971413&use=l&cat=p&typeid=i","cat":287599},{"id":26258,"n":"Madeleines coquilles P'tit déli Sachet 600g","p":2.39,"u":"3,98 €/KG","img":"https://fd13-photos.leclercdrive.fr/image.ashx?id=2540948&use=l&cat=p&typeid=i","cat":284492},{"id":26271,"n":"Rôti de porc Tradilège 6 tranches VPF 180g","p":2.38,"u":"13,22 €/KG","img":"https://fd13-photos.leclercdrive.fr/image.ashx?id=2675786&use=l&cat=p&typeid=i","cat":316009},{"id":26279,"n":"Mélange couscous royal Ducros Sachet malin - 20g","p":1.41,"u":"70,50 €/KG","img":"https://fd13-photos.leclercdrive.fr/image.ashx?id=2490491&use=l&cat=p&typeid=i","cat":298297},{"id":26281,"n":"Mélange malin Ducros Pour plats Mexicains - 40g","p":1.93,"u":"48,25 €/KG","img":"https://fd13-photos.leclercdrive.fr/image.ashx?id=2559445&use=l&cat=p&typeid=i","cat":298297},{"id":26289,"n":"Sauce froide Suzi Wan Aigre douce 330g","p":2.06,"u":"6,24 €/KG","img":"https://fd13-photos.leclercdrive.fr/image.ashx?id=2990886&use=l&cat=p&typeid=i","cat":288992},{"id":26307,"n":"Boisson énergisante Red Bull 473ml","p":2.07,"u":"4,38 €/L","img":"https://fd13-photos.leclercdrive.fr/image.ashx?id=3011986&use=l&cat=p&typeid=i","cat":284533},{"id":26308,"n":"Boisson énergisante Red Bull 355ml","p":1.59,"u":"4,48 €/L","img":"https://fd13-photos.leclercdrive.fr/image.ashx?id=3011980&use=l&cat=p&typeid=i","cat":284533},{"id":26309,"n":"Boîte chat Whiskas  Gelée mer & campagne - 8x400g","p":8.98,"u":"2,88 €/KG","img":"https://fd13-photos.leclercdrive.fr/image.ashx?id=2759628&use=l&cat=p&typeid=i","cat":285601},{"id":26310,"n":"Cornichons Kühne Aigre doux - 360g","p":2.29,"u":"6,36 €/KG","img":"https://fd13-photos.leclercdrive.fr/image.ashx?id=2550925&use=l&cat=p&typeid=i","cat":284458},{"id":26319,"n":"Noix de cajou Tokapi Sans sel ajouté - 125g","p":1.79,"u":"14,32 €/KG","img":"https://fd13-photos.leclercdrive.fr/image.ashx?id=2965479&use=l&cat=p&typeid=i","cat":284448},{"id":26320,"n":"Oignons frits snack Kühne Boîte -  100g","p":1.36,"u":"13,60 €/KG","img":"https://fd13-photos.leclercdrive.fr/image.ashx?id=2447079&use=l&cat=p&typeid=i","cat":298297},{"id":26376,"n":"Pepites de chocolat au lait Vahiné - 100g","p":2.39,"u":"23,90 €/KG","img":"https://fd13-photos.leclercdrive.fr/image.ashx?id=2983243&use=l&cat=p&typeid=i","cat":284504},{"id":26377,"n":"Pépites Vahiné Chocolat chunks - 100g","p":2.98,"u":"29,80 €/KG","img":"https://fd13-photos.leclercdrive.fr/image.ashx?id=2606262&use=l&cat=p&typeid=i","cat":284504},{"id":26398,"n":"Sucre vanilliné Vahiné 10 sachets 75g","p":0.89,"u":"11,87 €/KG","img":"https://fd13-photos.leclercdrive.fr/image.ashx?id=2490539&use=l&cat=p&typeid=i","cat":294686},{"id":26443,"n":"Liqueur Litchi Yen Li 15%vol. - 70cl","p":7.23,"u":"10,33 €/L","img":"https://fd13-photos.leclercdrive.fr/image.ashx?id=1898904&use=l&cat=p&typeid=i","cat":286032},{"id":26460,"n":"Oignon rose de Roscoff AOP NRT - 1kg","p":3.99,"u":"3,99 €/KG","img":"https://fd13-photos.leclercdrive.fr/image.ashx?id=2726433&use=l&cat=p&typeid=i","cat":284352},{"id":26484,"n":"Croquette chat stérilisé Ultima  Poulet - 3kg","p":11.59,"u":"3,86 €/KG","img":"https://fd13-photos.leclercdrive.fr/image.ashx?id=2918886&use=l&cat=p&typeid=i","cat":284680},{"id":26512,"n":"Fromage blanc Délisse Fraise 5.5%MG - 500g","p":2.55,"u":"5,10 €/KG","img":"https://fd13-photos.leclercdrive.fr/image.ashx?id=3009514&use=l&cat=p&typeid=i","cat":284409},{"id":26565,"n":"Lait Croissance Bio Village bio 10 à 36 mois - 6x1L","p":9.99,"u":"1,67 €/L","img":"https://fd13-photos.leclercdrive.fr/image.ashx?id=2802032&use=l&cat=p&typeid=i","cat":284728},{"id":26569,"n":"Filet de poulet blanc Le Gaulois 720g","p":8.99,"u":"12,49 €/KG","img":"https://fd13-photos.leclercdrive.fr/image.ashx?id=3003212&use=l&cat=p&typeid=i","cat":284336},{"id":26586,"n":"Fromage blanc Déli'light Vanille 0%MG - 8x100g","p":2.66,"u":"3,33 €/KG","img":"https://fd13-photos.leclercdrive.fr/image.ashx?id=2043352&use=l&cat=p&typeid=i","cat":315000},{"id":26646,"n":"AOP Champagne Brut Nicolas Feuillatte Grande Réserve 75cl","p":22.35,"pp":20.11,"u":"26,81 €/L","img":"https://fd13-photos.leclercdrive.fr/image.ashx?id=2733184&use=l&cat=p&typeid=i","cat":284542},{"id":26647,"n":"Chair à saucisses porc Férial 400g","p":3.49,"u":"8,73 €/KG","img":"https://fd13-photos.leclercdrive.fr/image.ashx?id=2590520&use=l&cat=p&typeid=i","cat":284332},{"id":26649,"n":"Cacahuètes Benenuts-Twinuts Nature Sel - 150g","p":1.1,"u":"7,33 €/KG","img":"https://fd13-photos.leclercdrive.fr/image.ashx?id=2967735&use=l&cat=p&typeid=i","cat":284448},{"id":26659,"n":"Fonds d'artichauts Notre Jardin 210g","p":2.75,"u":"13,10 €/KG","img":"https://fd13-photos.leclercdrive.fr/image.ashx?id=2040302&use=l&cat=p&typeid=i","cat":312611},{"id":26663,"n":"Farine de sarrasin Treblec 1kg","p":2.81,"u":"2,81 €/KG","img":"https://fd13-photos.leclercdrive.fr/image.ashx?id=2734843&use=l&cat=p&typeid=i","cat":284503},{"id":26708,"n":"Cacahuètes Benenuts-Twinuts Bacon Grillé - 150g","p":1.1,"u":"7,33 €/KG","img":"https://fd13-photos.leclercdrive.fr/image.ashx?id=2967738&use=l&cat=p&typeid=i","cat":284448},{"id":26713,"n":"Brownie Brossard Chocolat pépites 285g","p":2.68,"u":"9,40 €/KG","img":"https://fd13-photos.leclercdrive.fr/image.ashx?id=2977492&use=l&cat=p&typeid=i","cat":294776},{"id":26722,"n":"Ratatouille Cuisinée Cassegrain à la Provençale 660g","p":3.66,"u":"5,55 €/KG","img":"https://fd13-photos.leclercdrive.fr/image.ashx?id=2902660&use=l&cat=p&typeid=i","cat":312612},{"id":26725,"n":"Infusion camomille Tiséa 25 sachets - 37,5g","p":0.92,"u":"0,25 €/KG","img":"https://fd13-photos.leclercdrive.fr/image.ashx?id=2441288&use=l&cat=p&typeid=i","cat":293234},{"id":26733,"n":"Dessert végétal au soja Sojasun Nature - 12x100g","p":3.13,"u":"2,61 €/KG","img":"https://fd13-photos.leclercdrive.fr/image.ashx?id=2355665&use=l&cat=p&typeid=i","cat":316071},{"id":26765,"n":"Mayonnaise Rustica A la moutarde de Dijon - 470g","p":1.6,"u":"3,40 €/KG","img":"https://fd13-photos.leclercdrive.fr/image.ashx?id=1944120&use=l&cat=p&typeid=i","cat":298295},{"id":26797,"n":"Compote Douceur du Verger Coupelle pomme fraise - 4x100g","p":1.15,"u":"2,88 €/KG","img":"https://fd13-photos.leclercdrive.fr/image.ashx?id=2663503&use=l&cat=p&typeid=i","cat":284508},{"id":26808,"n":"Thon blanc entier Connétable Naturel Label Rouge - 120g","p":3.24,"u":"27,00 €/KG","img":"https://fd13-photos.leclercdrive.fr/image.ashx?id=2901935&use=l&cat=p&typeid=i","cat":303867},{"id":26818,"n":"Boisson base vin rosée Very Pamp Pamplemousse - 75cl","p":2.99,"u":"3,99 €/L","img":"https://fd13-photos.leclercdrive.fr/image.ashx?id=2446629&use=l&cat=p&typeid=i","cat":304569},{"id":26819,"n":"Boisson aromatisée Vin rosé Pamplemousse 7.5%,vol BIB 3L","p":9.49,"u":"3,16 €/L","img":"https://fd13-photos.leclercdrive.fr/image.ashx?id=2470024&use=l&cat=p&typeid=i","cat":304569},{"id":26820,"n":"IGP Pays d'Oc rouge Roche Mazet Merlot - BIB 3L","p":10.6,"u":"3,53 €/L","img":"https://fd13-photos.leclercdrive.fr/image.ashx?id=2597387&use=l&cat=p&typeid=i","cat":289560},{"id":26840,"n":"Spray Détachant Vanish  Avant-lavage - 750ml","p":4.28,"u":"5,71 €/L","img":"https://fd13-photos.leclercdrive.fr/image.ashx?id=2963913&use=l&cat=p&typeid=i","cat":284651},{"id":26877,"n":"Crackers Mini pizza Tokapi 85g","p":0.69,"u":"8,12 €/KG","img":"https://fd13-photos.leclercdrive.fr/image.ashx?id=2351232&use=l&cat=p&typeid=i","cat":297000},{"id":26926,"n":"Couches bébé Mots d'Enfants -T3 Ultra confort - 4/9kg - x162","p":19.7,"u":"0,12 €/P","img":"https://fd13-photos.leclercdrive.fr/image.ashx?id=1982013&use=l&cat=p&typeid=i","cat":284737},{"id":26945,"n":"Bâtonnets Trium Noix de coco x4 - 292g","p":2.69,"u":"9,21 €/KG","img":"https://fd13-photos.leclercdrive.fr/image.ashx?id=2071092&use=l&cat=p&typeid=i","cat":284265},{"id":26978,"n":"Chewing-gum menthol Airwaves Eucalyptus s/sucre 5x10","p":2.2,"img":"https://fd13-photos.leclercdrive.fr/image.ashx?id=2355902&use=l&cat=p&typeid=i","cat":304251},{"id":26979,"n":"Chewing-gum Airwaves Cool cassis s/sucre 5x10","p":2.2,"img":"https://fd13-photos.leclercdrive.fr/image.ashx?id=2355905&use=l&cat=p&typeid=i","cat":304251},{"id":26980,"n":"Chewing-gum Airwaves Black menthol sans sucre 5x10","p":2.43,"img":"https://fd13-photos.leclercdrive.fr/image.ashx?id=2355908&use=l&cat=p&typeid=i","cat":304251},{"id":26988,"n":"Courgette Eco+ 1kg","p":2.49,"u":"2,49 €/KG","img":"https://fd13-photos.leclercdrive.fr/image.ashx?id=2625692&use=l&cat=p&typeid=i","cat":284352},{"id":26998,"n":"Sachet repas chats Gourmet Les filettines en sauce -12x85g","p":5.51,"u":"5,40 €/KG","img":"https://fd13-photos.leclercdrive.fr/image.ashx?id=2902277&use=l&cat=p&typeid=i","cat":285286},{"id":27069,"n":"Sorbet Oasis Multifruits x10 - 400g","p":2.83,"u":"7,08 €/KG","img":"https://fd13-photos.leclercdrive.fr/image.ashx?id=2831924&use=l&cat=p&typeid=i","cat":285250},{"id":27070,"n":"Bâtonnets Oasis Tropical x10 - 400g","p":2.6,"u":"6,50 €/KG","img":"https://fd13-photos.leclercdrive.fr/image.ashx?id=2877829&use=l&cat=p&typeid=i","cat":285250},{"id":27086,"n":"Crème légère fluide UHT Bio Bio Village 15%mg - 3x20cl","p":3.65,"u":"6,08 €/L","img":"https://fd13-photos.leclercdrive.fr/image.ashx?id=2694434&use=l&cat=p&typeid=i","cat":284381},{"id":27087,"n":"Crème entière fluide UHT Bio Bio Village 30% MG - 3x20cl","p":3.96,"u":"6,60 €/L","img":"https://fd13-photos.leclercdrive.fr/image.ashx?id=2496899&use=l&cat=p&typeid=i","cat":284381},{"id":27088,"n":"Glace à l'eau Stick Smicy 5 parfums x20 - 845g","p":2.74,"u":"3,24 €/KG","img":"https://fd13-photos.leclercdrive.fr/image.ashx?id=2073057&use=l&cat=p&typeid=i","cat":285250},{"id":27091,"n":"Mayonnaise Rustica A la moutarde de Dijon - 235g","p":1.14,"u":"4,85 €/KG","img":"https://fd13-photos.leclercdrive.fr/image.ashx?id=2579366&use=l&cat=p&typeid=i","cat":298295},{"id":27093,"n":"Compote Douceur du Verger Coupelle pomme abricot - 4x100g","p":1.19,"u":"2,98 €/KG","img":"https://fd13-photos.leclercdrive.fr/image.ashx?id=2663500&use=l&cat=p&typeid=i","cat":284508},{"id":27096,"n":"Mayonnaise allégée Rustica 450g","p":1.13,"u":"2,51 €/KG","img":"https://fd13-photos.leclercdrive.fr/image.ashx?id=1026709&use=l&cat=p&typeid=i","cat":298295},{"id":27098,"n":"Café moulu Plantation Brésil - 250g","p":3.71,"u":"14,84 €/KG","img":"https://fd13-photos.leclercdrive.fr/image.ashx?id=2607512&use=l&cat=p&typeid=i","cat":284750},{"id":27106,"n":"Couches bébé Mots d'Enfants Mini - T2 : 3/6kg - x35 changes","p":5.18,"u":"0,15 €/P","img":"https://fd13-photos.leclercdrive.fr/image.ashx?id=2904568&use=l&cat=p&typeid=i","cat":284737},{"id":27108,"n":"Steak haché 5%mg Férial façon bouchère - 250g","p":4.49,"u":"17,96 €/KG","img":"https://fd13-photos.leclercdrive.fr/image.ashx?id=2903989&use=l&cat=p&typeid=i","cat":284332},{"id":27109,"n":"Steak haché 15mg Férial Façon bouchère - 250g","p":3.99,"u":"15,96 €/KG","img":"https://fd13-photos.leclercdrive.fr/image.ashx?id=2903992&use=l&cat=p&typeid=i","cat":284332},{"id":27114,"n":"Lait céréales Blédidej 12 mois Chocolat - 4x250ml","p":3.57,"u":"3,57 €/L","img":"https://fd13-photos.leclercdrive.fr/image.ashx?id=2921058&use=l&cat=p&typeid=i","cat":312226},{"id":27129,"n":"Papillotes Préparation Maggi Poulet ail et oignons - 36g","p":0.7,"u":"19,44 €/KG","img":"https://fd13-photos.leclercdrive.fr/image.ashx?id=2965295&use=l&cat=p&typeid=i","cat":288380},{"id":27158,"n":"Mini Barre Chocolat Lait KitKat x21 barres - 350g","p":4.49,"u":"12,83 €/KG","img":"https://fd13-photos.leclercdrive.fr/image.ashx?id=2762611&use=l&cat=p&typeid=i","cat":284498},{"id":27174,"n":"Bière blonde Tripel Karmeliet 8,4% - 75cl","p":4.65,"u":"6,20 €/L","img":"https://fd13-photos.leclercdrive.fr/image.ashx?id=2861180&use=l&cat=p&typeid=i","cat":334872},{"id":27178,"n":"Friandises Fun Tastix Fido Jambon fromage - 150g","p":1.59,"u":"10,60 €/KG","img":"https://fd13-photos.leclercdrive.fr/image.ashx?id=2681212&use=l&cat=p&typeid=i","cat":294527},{"id":27186,"n":"Bière blonde Leffe Triple 8,5% - 75cl","p":3.25,"u":"4,33 €/L","img":"https://fd13-photos.leclercdrive.fr/image.ashx?id=1890049&use=l&cat=p&typeid=i","cat":334852},{"id":27228,"n":"Couches bébé Mots d'Enfants Ecologique - T3 : 4/9kg - x36","p":8.99,"u":"0,25 €/P","img":"https://fd13-photos.leclercdrive.fr/image.ashx?id=2234851&use=l&cat=p&typeid=i","cat":284737},{"id":27229,"n":"Couches bébé Mots d'Enfants Ecologique - T4 : 7/18kg - x32","p":8.99,"u":"0,28 €/P","img":"https://fd13-photos.leclercdrive.fr/image.ashx?id=2234854&use=l&cat=p&typeid=i","cat":284737},{"id":27260,"n":"Profiteroles La Laitière Chocolat - 4x90g","p":3.06,"u":"8,50 €/KG","img":"https://fd13-photos.leclercdrive.fr/image.ashx?id=3007981&use=l&cat=p&typeid=i","cat":284419},{"id":27271,"n":"Patate douce  1p","p":0.3,"img":"https://fd13-photos.leclercdrive.fr/image.ashx?id=1632569&use=l&cat=p&typeid=i","cat":284352},{"id":27323,"n":"Haricot vert 500g","p":1.55,"u":"3,10 €/KG","img":"https://fd13-photos.leclercdrive.fr/image.ashx?id=1634297&use=l&cat=p&typeid=i","cat":284352},{"id":27377,"n":"Cordons bleus Isla Délice Halal - x4 400g","p":3.58,"u":"8,95 €/KG","img":"https://fd13-photos.leclercdrive.fr/image.ashx?id=2249689&use=l&cat=p&typeid=i","cat":319780},{"id":27379,"n":"Steak haché Isla Délice 80% pur boeuf Halal - 800g","p":10.39,"u":"12,99 €/KG","img":"https://fd13-photos.leclercdrive.fr/image.ashx?id=1583297&use=l&cat=p&typeid=i","cat":319778},{"id":27399,"n":"Blanc de poulet Fleury Michon Halal x4 -160g","p":3.12,"u":"19,50 €/KG","img":"https://fd13-photos.leclercdrive.fr/image.ashx?id=2886711&use=l&cat=p&typeid=i","cat":316013},{"id":27434,"n":"Coupelles Pêches DDV Sirop léger - 4x70 g","p":2.49,"u":"8,89 €/KG","img":"https://fd13-photos.leclercdrive.fr/image.ashx?id=2100784&use=l&cat=p&typeid=i","cat":284507},{"id":27454,"n":"Maïs Notre Jardin Croquant - 3x140g","p":1.83,"u":"4,36 €/KG","img":"https://fd13-photos.leclercdrive.fr/image.ashx?id=2988051&use=l&cat=p&typeid=i","cat":312611},{"id":27523,"n":"Colin d'Alaska Pêche Océan À la parisienne - MSC - 400g","p":2.79,"u":"6,98 €/KG","img":"https://fd13-photos.leclercdrive.fr/image.ashx?id=2930120&use=l&cat=p&typeid=i","cat":319786},{"id":27524,"n":"Colin d'Alaska Côté Table A la provençale - MSC - 400g","p":2.79,"u":"6,98 €/KG","img":"https://fd13-photos.leclercdrive.fr/image.ashx?id=2546251&use=l&cat=p&typeid=i","cat":319786},{"id":27531,"n":"Assortiment exotique Tables du Monde 470g","p":4.79,"u":"10,19 €/KG","img":"https://fd13-photos.leclercdrive.fr/image.ashx?id=1735978&use=l&cat=p&typeid=i","cat":333673},{"id":27576,"n":"Barres céréales Special K Kellogg's Fruits rouges 6x21,5g","p":2.13,"u":"16,51 €/KG","img":"https://fd13-photos.leclercdrive.fr/image.ashx?id=3003176&use=l&cat=p&typeid=i","cat":285869},{"id":27709,"n":"Dentifrice Dentamyl Soin complet sensitive 75ml","p":0.92,"u":"12,27 €/L","img":"https://fd13-photos.leclercdrive.fr/image.ashx?id=2489119&use=l&cat=p&typeid=i","cat":284612},{"id":27721,"n":"Emmental Les Croisés En tranches - 200g","p":1.94,"u":"9,70 €/KG","img":"https://fd13-photos.leclercdrive.fr/image.ashx?id=2380395&use=l&cat=p&typeid=i","cat":314028},{"id":27941,"n":"Cotons Duo Démaquillants Inell Disques x110","p":0.97,"img":"https://fd13-photos.leclercdrive.fr/image.ashx?id=1709588&use=l&cat=p&typeid=i","cat":285593},{"id":27961,"n":"Poulet basquaise Marie Riz à la tomate - 900g","p":4.88,"u":"5,42 €/KG","img":"https://fd13-photos.leclercdrive.fr/image.ashx?id=2996779&use=l&cat=p&typeid=i","cat":284254},{"id":27976,"n":"Eau minérale naturelle Vittel 8x33cl","p":2.52,"u":"0,95 €/L","img":"https://fd13-photos.leclercdrive.fr/image.ashx?id=3000423&use=l&cat=p&typeid=i","cat":284535},{"id":28004,"n":"Sucre cristal Daddy Sac 5kg","p":7.77,"u":"1,55 €/KG","img":"https://fd13-photos.leclercdrive.fr/image.ashx?id=2936068&use=l&cat=p&typeid=i","cat":284502},{"id":28021,"n":"Dentifrice enfant Dentamyl Gel fraise - 75ml","p":1.25,"u":"16,67 €/L","img":"https://fd13-photos.leclercdrive.fr/image.ashx?id=1944601&use=l&cat=p&typeid=i","cat":288898},{"id":28023,"n":"Duo céréales Comptoir du Grain  Quinoa et Boulgour - 400g","p":2.05,"u":"5,13 €/KG","img":"https://fd13-photos.leclercdrive.fr/image.ashx?id=3012830&use=l&cat=p&typeid=i","cat":284429},{"id":28025,"n":"Adhésif réparation Silea Grand format 25mx50mm","p":3.0,"img":"https://fd13-photos.leclercdrive.fr/image.ashx?id=2162348&use=l&cat=p&typeid=i","cat":300576},{"id":28076,"n":"AOP Madiran rouge Terroirs de Tilhet - 75cl","p":5.25,"pp":3.46,"u":"4,61 €/L","img":"https://fd13-photos.leclercdrive.fr/image.ashx?id=2996830&use=l&cat=p&typeid=i","cat":289556},{"id":28078,"n":"Coton bébé Mots d'Enfants Duo maxi carrés - x80","p":1.79,"u":"0,02 €/P","img":"https://fd13-photos.leclercdrive.fr/image.ashx?id=3014206&use=l&cat=p&typeid=i","cat":284739},{"id":28083,"n":"Maïs Notre Jardin Tendre  - 2x300g","p":1.88,"u":"3,13 €/KG","img":"https://fd13-photos.leclercdrive.fr/image.ashx?id=3005661&use=l&cat=p&typeid=i","cat":312611},{"id":28104,"n":"IGP Pays d'Oc Merlot vin rosé Vieux Carion 12.5% vol -75 cl","p":2.25,"u":"3,00 €/L","img":"https://fd13-photos.leclercdrive.fr/image.ashx?id=2113034&use=l&cat=p&typeid=i","cat":289558},{"id":28203,"n":"Fromage : Le Carré Les Croisés 23%mg - 230g","p":1.92,"u":"8,35 €/KG","img":"https://fd13-photos.leclercdrive.fr/image.ashx?id=2974801&use=l&cat=p&typeid=i","cat":314033},{"id":28209,"n":"Noix de cajou grillées Tokapi Salées - 125g","p":1.48,"u":"11,84 €/KG","img":"https://fd13-photos.leclercdrive.fr/image.ashx?id=2795553&use=l&cat=p&typeid=i","cat":284448},{"id":28211,"n":"Pistaches Tokapi Grillées et salées - 125g","p":1.85,"u":"14,80 €/KG","img":"https://fd13-photos.leclercdrive.fr/image.ashx?id=2417165&use=l&cat=p&typeid=i","cat":284448},{"id":28216,"n":"Café en grains Bio Village Bio 100% arabica - 250g","p":4.51,"u":"18,04 €/KG","img":"https://fd13-photos.leclercdrive.fr/image.ashx?id=1470434&use=l&cat=p&typeid=i","cat":293237},{"id":28217,"n":"Pain d'épices bio Bio Village Miel - Pré-tranché - 300g","p":1.65,"u":"5,50 €/KG","img":"https://fd13-photos.leclercdrive.fr/image.ashx?id=769642&use=l&cat=p&typeid=i","cat":284493},{"id":28226,"n":"Cotons Duo Démaquillants Inell Duo ovale - Disques x70","p":1.56,"img":"https://fd13-photos.leclercdrive.fr/image.ashx?id=1709940&use=l&cat=p&typeid=i","cat":285593},{"id":28227,"n":"Tablette bio Bio Village Chocolat au lait - 100g","p":1.76,"u":"17,60 €/KG","img":"https://fd13-photos.leclercdrive.fr/image.ashx?id=2482948&use=l&cat=p&typeid=i","cat":284497},{"id":28228,"n":"Chocolat Pâtissier Bio Village Bio - Noir  52% cacao - 200g","p":2.75,"u":"13,75 €/KG","img":"https://fd13-photos.leclercdrive.fr/image.ashx?id=2658596&use=l&cat=p&typeid=i","cat":285562},{"id":28241,"n":"Savon mains en crème Manava Lait et miel - 300ml","p":1.05,"u":"3,50 €/L","img":"https://fd13-photos.leclercdrive.fr/image.ashx?id=2935486&use=l&cat=p&typeid=i","cat":284597},{"id":28269,"n":"Sacs congélation Eco+ Moyen modèle - x75","p":1.71,"u":"0,02 €/P","img":"https://fd13-photos.leclercdrive.fr/image.ashx?id=2558748&use=l&cat=p&typeid=i","cat":334134},{"id":28308,"n":"Paëlla Royale Côté Table Poulet, moule et chorizo 940g","p":3.69,"u":"3,93 €/KG","img":"https://fd13-photos.leclercdrive.fr/image.ashx?id=2977873&use=l&cat=p&typeid=i","cat":325094},{"id":28311,"n":"Liqueur Grand Marnier Orange & Cognac - 40%vol - 70cl","p":22.85,"u":"32,64 €/L","img":"https://fd13-photos.leclercdrive.fr/image.ashx?id=3007909&use=l&cat=p&typeid=i","cat":286032},{"id":28323,"n":"Mayonnaise à l'ancienne Rustica 235g","p":1.28,"u":"5,45 €/KG","img":"https://fd13-photos.leclercdrive.fr/image.ashx?id=2580585&use=l&cat=p&typeid=i","cat":298295},{"id":28353,"n":"AOP Reblochon de Savoie Pochat 45%mg - 450g","p":6.95,"u":"15,44 €/KG","img":"https://fd13-photos.leclercdrive.fr/image.ashx?id=2102761&use=l&cat=p&typeid=i","cat":314037},{"id":28356,"n":"Saucisson à cuire Randy De Lyon 400g","p":4.88,"u":"12,20 €/KG","img":"https://fd13-photos.leclercdrive.fr/image.ashx?id=2733496&use=l&cat=p&typeid=i","cat":316006},{"id":28368,"n":"Tablette de chocolat Equador Noir fleur de sel 100g","p":1.42,"u":"14,20 €/KG","img":"https://fd13-photos.leclercdrive.fr/image.ashx?id=2368530&use=l&cat=p&typeid=i","cat":284956},{"id":28385,"n":"Ammoniaque Alcali 1L","p":2.58,"u":"2,58 €/L","img":"https://fd13-photos.leclercdrive.fr/image.ashx?id=2277002&use=l&cat=p&typeid=i","cat":284907},{"id":28415,"n":"Colin d'Alaska Pêche Océan À la moutarde - MSC - 400g","p":2.99,"u":"7,48 €/KG","img":"https://fd13-photos.leclercdrive.fr/image.ashx?id=2930117&use=l&cat=p&typeid=i","cat":319786},{"id":28419,"n":"Lingettes anti-transfert Texil Tous textiles x25","p":2.32,"u":"0,09 €/P","img":"https://fd13-photos.leclercdrive.fr/image.ashx?id=1646465&use=l&cat=p&typeid=i","cat":290450},{"id":28423,"n":"Choucroute d'Alsace NRT 370g","p":3.04,"u":"8,22 €/KG","img":"https://fd13-photos.leclercdrive.fr/image.ashx?id=2174859&use=l&cat=p&typeid=i","cat":333665},{"id":28432,"n":"Jus d'ananas Eco + Brique 1L","p":1.57,"u":"1,57 €/L","img":"https://fd13-photos.leclercdrive.fr/image.ashx?id=2595074&use=l&cat=p&typeid=i","cat":284916},{"id":28516,"n":"Chocolat Noir Lindt Excellence  pointe de piment rouge - 100g","p":2.48,"u":"24,80 €/KG","img":"https://fd13-photos.leclercdrive.fr/image.ashx?id=2209200&use=l&cat=p&typeid=i","cat":284956},{"id":28562,"n":"Oranges à déguster Panier du Primeur Filet 2kg","p":3.19,"u":"1,60 €/KG","img":"https://fd13-photos.leclercdrive.fr/image.ashx?id=2414567&use=l&cat=p&typeid=i","cat":284356},{"id":28594,"n":"Soupe instantanée Royco  Crème d'asperges - 4x200ml","p":1.63,"u":"2,04 €/L","img":"https://fd13-photos.leclercdrive.fr/image.ashx?id=2650982&use=l&cat=p&typeid=i","cat":293527},{"id":28613,"n":"Nectar multifruits  1L","p":0.98,"u":"0,98 €/L","img":"https://fd13-photos.leclercdrive.fr/image.ashx?id=2595531&use=l&cat=p&typeid=i","cat":284917},{"id":28710,"n":"Lingettes Mots d'Enfants Bio Bébé - x72 lingettes","p":2.53,"u":"0,04 €/P","img":"https://fd13-photos.leclercdrive.fr/image.ashx?id=2158209&use=l&cat=p&typeid=i","cat":284738},{"id":28715,"n":"Gel Toilette Intime Fraîcheur Intima Natural Aloe Vera 200ml","p":3.04,"u":"15,20 €/L","img":"https://fd13-photos.leclercdrive.fr/image.ashx?id=2959862&use=l&cat=p&typeid=i","cat":284627},{"id":28724,"n":"Nettoyant écologique Uni Vert Spécial Vitres - 750ml","p":1.79,"u":"2,39 €/L","img":"https://fd13-photos.leclercdrive.fr/image.ashx?id=2370993&use=l&cat=p&typeid=i","cat":325363},{"id":28727,"n":"Tablettes anti-calcaire Calgon  4 en 1 - x48","p":9.73,"u":"15,59 €/KG","img":"https://fd13-photos.leclercdrive.fr/image.ashx?id=2954881&use=l&cat=p&typeid=i","cat":284653},{"id":28809,"n":"Pain burger géant Epi d'Or Nature x4 - 330g","p":0.87,"u":"2,64 €/KG","img":"https://fd13-photos.leclercdrive.fr/image.ashx?id=1861089&use=l&cat=p&typeid=i","cat":325067},{"id":28827,"n":"Chili con carne Côté Table Au piment de Cayenne - 820g","p":3.24,"u":"3,95 €/KG","img":"https://fd13-photos.leclercdrive.fr/image.ashx?id=2977156&use=l&cat=p&typeid=i","cat":325094},{"id":28828,"n":"Pâtes fraîches Turini Gnocchi 380g","p":1.09,"u":"2,87 €/KG","img":"https://fd13-photos.leclercdrive.fr/image.ashx?id=2254526&use=l&cat=p&typeid=i","cat":333682},{"id":28831,"n":"Cookies Méga pépites P'tit Déli Choco amandes caramelisées 184g","p":1.51,"u":"8,21 €/KG","img":"https://fd13-photos.leclercdrive.fr/image.ashx?id=2116128&use=l&cat=p&typeid=i","cat":325066},{"id":28832,"n":"Cookies Méga pépites P'tit Déli Chocolat 184g","p":1.51,"u":"8,21 €/KG","img":"https://fd13-photos.leclercdrive.fr/image.ashx?id=2116125&use=l&cat=p&typeid=i","cat":325066},{"id":28856,"n":"Pain burger Epi d'Or Géant complet x4 - 330g","p":0.97,"u":"2,94 €/KG","img":"https://fd13-photos.leclercdrive.fr/image.ashx?id=2042561&use=l&cat=p&typeid=i","cat":325067},{"id":28864,"n":"Cassoulet au confit canard NRT - 300g","p":2.97,"u":"9,90 €/KG","img":"https://fd13-photos.leclercdrive.fr/image.ashx?id=2996143&use=l&cat=p&typeid=i","cat":284953},{"id":28866,"n":"Coq au vin et ses torsades NRT 300g","p":2.61,"u":"8,70 €/KG","img":"https://fd13-photos.leclercdrive.fr/image.ashx?id=2723240&use=l&cat=p&typeid=i","cat":284953},{"id":28869,"n":"Parmentier canard Sud Ouest NRT - 300g","p":2.99,"u":"9,97 €/KG","img":"https://fd13-photos.leclercdrive.fr/image.ashx?id=2925210&use=l&cat=p&typeid=i","cat":284953},{"id":28872,"n":"Saucisses de Toulouse lentilles NRT - 300g","p":2.36,"u":"7,87 €/KG","img":"https://fd13-photos.leclercdrive.fr/image.ashx?id=2723234&use=l&cat=p&typeid=i","cat":284953},{"id":28938,"n":"Velouté bio Bio Village Légumes variés  - 1L","p":2.06,"u":"2,06 €/L","img":"https://fd13-photos.leclercdrive.fr/image.ashx?id=2133954&use=l&cat=p&typeid=i","cat":284462},{"id":28966,"n":"Liqueur Malibu Coco 18% vol - 70cl","p":10.29,"u":"14,70 €/L","img":"https://fd13-photos.leclercdrive.fr/image.ashx?id=2993481&use=l&cat=p&typeid=i","cat":284551},{"id":28996,"n":"Mayonnaise de Dijon AMORA 235g","p":1.96,"u":"8,34 €/KG","img":"https://fd13-photos.leclercdrive.fr/image.ashx?id=2946649&use=l&cat=p&typeid=i","cat":298295},{"id":28997,"n":"Mayonnaise de Dijon Amora 235g","p":1.52,"u":"6,47 €/KG","img":"https://fd13-photos.leclercdrive.fr/image.ashx?id=2877208&use=l&cat=p&typeid=i","cat":298295},{"id":28999,"n":"Mayonnaise de Dijon Amora Sans conservateur  - 415g","p":2.2,"u":"5,30 €/KG","img":"https://fd13-photos.leclercdrive.fr/image.ashx?id=2964207&use=l&cat=p&typeid=i","cat":298295},{"id":29000,"n":"Mayonnaise de Dijon Amora 710g","p":3.22,"u":"4,54 €/KG","img":"https://fd13-photos.leclercdrive.fr/image.ashx?id=2598672&use=l&cat=p&typeid=i","cat":298295},{"id":29006,"n":"Escargots préparés Eco+ Recette bourguignonne - 89g","p":2.99,"u":"33,60 €/KG","img":"https://fd13-photos.leclercdrive.fr/image.ashx?id=2978501&use=l&cat=p&typeid=i","cat":319775},{"id":29009,"n":"Bûche glacée Eskiss Façon dame blanche - 530g","p":3.99,"u":"7,53 €/KG","img":"https://fd13-photos.leclercdrive.fr/image.ashx?id=1980211&use=l&cat=p&typeid=i","cat":284266},{"id":29032,"n":"Chips Bret's Poulet braisé - 125g","p":1.17,"u":"9,36 €/KG","img":"https://fd13-photos.leclercdrive.fr/image.ashx?id=1927788&use=l&cat=p&typeid=i","cat":284447},{"id":29047,"n":"Pignons de pin Tablier Blanc 50g","p":2.39,"u":"47,80 €/KG","img":"https://fd13-photos.leclercdrive.fr/image.ashx?id=2867907&use=l&cat=p&typeid=i","cat":323809},{"id":29052,"n":"Cocktail Old Nick Daiquiri 16%vol - 70cl","p":5.5,"u":"7,86 €/L","img":"https://fd13-photos.leclercdrive.fr/image.ashx?id=2999210&use=l&cat=p&typeid=i","cat":284551},{"id":29053,"n":"Cocktail Old Nick Mojito 16%vol - 70cl","p":5.91,"u":"8,44 €/L","img":"https://fd13-photos.leclercdrive.fr/image.ashx?id=2926200&use=l&cat=p&typeid=i","cat":284551},{"id":29075,"n":"Sauce Tzatziki Tables du Monde 100g","p":0.9,"u":"9,00 €/KG","img":"https://fd13-photos.leclercdrive.fr/image.ashx?id=2171355&use=l&cat=p&typeid=i","cat":315999},{"id":29082,"n":"Cocktail Punch Old Nick Pina Colada 16%vol. - 70cl","p":6.23,"u":"8,90 €/L","img":"https://fd13-photos.leclercdrive.fr/image.ashx?id=2926197&use=l&cat=p&typeid=i","cat":284551},{"id":29095,"n":"Yaourts brassés Délisse Vanille - 8x125g","p":2.65,"u":"2,65 €/KG","img":"https://fd13-photos.leclercdrive.fr/image.ashx?id=2372338&use=l&cat=p&typeid=i","cat":284410},{"id":29117,"n":"Bonbons sans sucres Confiséo Menthe - 150g","p":1.98,"u":"13,20 €/KG","img":"https://fd13-photos.leclercdrive.fr/image.ashx?id=2934697&use=l&cat=p&typeid=i","cat":304252},{"id":29119,"n":"Potage gourmand Régal Soupe 8 légumes à la crème - 1L","p":1.69,"u":"1,69 €/L","img":"https://fd13-photos.leclercdrive.fr/image.ashx?id=732101&use=l&cat=p&typeid=i","cat":284462},{"id":29133,"n":"Sacs poubelle Haute 50L Elembal Poignées coulissantes - x15","p":1.94,"u":"0,13 €/P","img":"https://fd13-photos.leclercdrive.fr/image.ashx?id=2958726&use=l&cat=p&typeid=i","cat":285168},{"id":29134,"n":"Mousse coiffante Vitanove Effet boucles - 200ml","p":1.48,"u":"7,40 €/L","img":"https://fd13-photos.leclercdrive.fr/image.ashx?id=2490040&use=l&cat=p&typeid=i","cat":284609},{"id":29144,"n":"Roquefort AOP Baragnaudes Fromage de brebis - 150g","p":4.24,"u":"28,27 €/KG","img":"https://fd13-photos.leclercdrive.fr/image.ashx?id=2729692&use=l&cat=p&typeid=i","cat":314032},{"id":29323,"n":"Superlevure Gayelord Hauser Paillettes étui 150g","p":2.93,"u":"19,53 €/KG","img":"https://fd13-photos.leclercdrive.fr/image.ashx?id=2786012&use=l&cat=p&typeid=i","cat":294686},{"id":29334,"n":"Biscuits miel sésame GERBLE  crousti'son - 4x5 200g","p":1.71,"u":"8,55 €/KG","img":"https://fd13-photos.leclercdrive.fr/image.ashx?id=2662280&use=l&cat=p&typeid=i","cat":318651},{"id":29358,"n":"Pur jus pamplemousse Jafaden Rose - 1L","p":1.67,"u":"1,67 €/L","img":"https://fd13-photos.leclercdrive.fr/image.ashx?id=2869269&use=l&cat=p&typeid=i","cat":284914},{"id":29360,"n":"AOP Cabernet d'Anjou vin rosé Les Caractères - BIB 5L","p":21.49,"u":"4,30 €/L","img":"https://fd13-photos.leclercdrive.fr/image.ashx?id=2776045&use=l&cat=p&typeid=i","cat":289560},{"id":29361,"n":"Sacs poubelle haute 30L Elembal Poignées coulissantes - x25","p":3.23,"u":"0,13 €/P","img":"https://fd13-photos.leclercdrive.fr/image.ashx?id=2958723&use=l&cat=p&typeid=i","cat":285168},{"id":29364,"n":"Boisson base vin rosé Festalie Pamplemousse - 7.5% - 75 cl","p":1.89,"u":"2,52 €/L","img":"https://fd13-photos.leclercdrive.fr/image.ashx?id=2774891&use=l&cat=p&typeid=i","cat":304569},{"id":29370,"n":"AOP Crémant de Loire brut Les Caractères - 75cl","p":4.99,"u":"6,65 €/L","img":"https://fd13-photos.leclercdrive.fr/image.ashx?id=2898844&use=l&cat=p&typeid=i","cat":284545},{"id":29378,"n":"AOP Côtes du Rhône rouge Bio Rives & Terrasses - 3L","p":13.99,"u":"4,66 €/L","img":"https://fd13-photos.leclercdrive.fr/image.ashx?id=2742626&use=l&cat=p&typeid=i","cat":289560},{"id":29419,"n":"Tortillas chips Tokapi Nature - 150g","p":0.55,"u":"3,67 €/KG","img":"https://fd13-photos.leclercdrive.fr/image.ashx?id=2647955&use=l&cat=p&typeid=i","cat":287899},{"id":29493,"n":"Tomato Ketchup Bio Heinz - 580g","p":2.56,"u":"4,41 €/KG","img":"https://fd13-photos.leclercdrive.fr/image.ashx?id=2927726&use=l&cat=p&typeid=i","cat":284455},{"id":29518,"n":"Glace Tyrolia Eskiss Caramel biscuit - 380g","p":2.57,"u":"6,76 €/KG","img":"https://fd13-photos.leclercdrive.fr/image.ashx?id=2075666&use=l&cat=p&typeid=i","cat":284266},{"id":29535,"n":"Croûtons Epi d'Or Ail - 2x90g","p":1.19,"u":"6,61 €/KG","img":"https://fd13-photos.leclercdrive.fr/image.ashx?id=2606049&use=l&cat=p&typeid=i","cat":284464},{"id":29570,"n":"Saucisson Petit Justin Bridou  Bâton de Berger Nature - 160g","p":3.42,"u":"21,38 €/KG","img":"https://fd13-photos.leclercdrive.fr/image.ashx?id=2894893&use=l&cat=p&typeid=i","cat":316006},{"id":29724,"n":"Escalope de dinde Le Gaulois Milanaise x2 - 240g","p":3.86,"u":"16,08 €/KG","img":"https://fd13-photos.leclercdrive.fr/image.ashx?id=2259652&use=l&cat=p&typeid=i","cat":284337},{"id":29729,"n":"Escalope de dinde Le Gaulois Extra tendre x2 - 250g","p":4.08,"u":"16,32 €/KG","img":"https://fd13-photos.leclercdrive.fr/image.ashx?id=2259649&use=l&cat=p&typeid=i","cat":284337},{"id":29753,"n":"Eau gazeuse La Pétillante Citron vert sans sucre - 1L","p":0.4,"u":"0,40 €/L","img":"https://fd13-photos.leclercdrive.fr/image.ashx?id=2669738&use=l&cat=p&typeid=i","cat":284536},{"id":29754,"n":"Eau gazeuse La Pétillante Citron sans sucre - 1L","p":0.4,"u":"0,40 €/L","img":"https://fd13-photos.leclercdrive.fr/image.ashx?id=2590442&use=l&cat=p&typeid=i","cat":284536},{"id":29759,"n":"Bière Hoegaarden rosée 3% - 6x25cl","p":4.74,"u":"3,16 €/L","img":"https://fd13-photos.leclercdrive.fr/image.ashx?id=1562515&use=l&cat=p&typeid=i","cat":334878},{"id":29761,"n":"Taboulé Pierre Martinet Au poulet 500g","p":2.34,"u":"4,68 €/KG","img":"https://fd13-photos.leclercdrive.fr/image.ashx?id=2990526&use=l&cat=p&typeid=i","cat":333657},{"id":29764,"n":"Galettes blé noir Bio village Bio x4 - 200g","p":1.83,"u":"9,15 €/KG","img":"https://fd13-photos.leclercdrive.fr/image.ashx?id=2907258&use=l&cat=p&typeid=i","cat":333672},{"id":29765,"n":"Eau gazeuse aromatisée Badoit citron sans sucres - 1l","p":0.96,"u":"0,96 €/L","img":"https://fd13-photos.leclercdrive.fr/image.ashx?id=2730634&use=l&cat=p&typeid=i","cat":284537},{"id":29766,"n":"Mister Cocktail sans alcool Citron vert kiwi - 75cl","p":3.39,"u":"4,52 €/L","img":"https://fd13-photos.leclercdrive.fr/image.ashx?id=3014461&use=l&cat=p&typeid=i","cat":284549},{"id":29767,"n":"Eau gazeuse aromatisée Badoit citron vert sans sucres- 1L","p":0.89,"u":"0,89 €/L","img":"https://fd13-photos.leclercdrive.fr/image.ashx?id=3011044&use=l&cat=p&typeid=i","cat":284537},{"id":29768,"n":"Bière blonde 1664 5,5° - 50cl canette","p":1.21,"u":"2,42 €/L","img":"https://fd13-photos.leclercdrive.fr/image.ashx?id=2887563&use=l&cat=p&typeid=i","cat":334853},{"id":29793,"n":"Fromage de brebis Les Croisés Rond 25%mg - 100g","p":1.83,"u":"18,30 €/KG","img":"https://fd13-photos.leclercdrive.fr/image.ashx?id=1942404&use=l&cat=p&typeid=i","cat":314031},{"id":29794,"n":"Triangolo Fromage enfants vache Les Croisés 24 portions - 400g","p":2.67,"u":"6,68 €/KG","img":"https://fd13-photos.leclercdrive.fr/image.ashx?id=2133297&use=l&cat=p&typeid=i","cat":314030},{"id":29795,"n":"Fromage à tartiner Les Croisés Ail et fines herbes 24%mg 250g","p":2.09,"u":"8,36 €/KG","img":"https://fd13-photos.leclercdrive.fr/image.ashx?id=2476143&use=l&cat=p&typeid=i","cat":314029},{"id":29802,"n":"Kit Pâte à pizza Tablier Blanc 600g","p":2.59,"u":"4,32 €/KG","img":"https://fd13-photos.leclercdrive.fr/image.ashx?id=1731167&use=l&cat=p&typeid=i","cat":333681},{"id":29816,"n":"Bicarbonate alimentaire La Baleine - 800g","p":2.41,"u":"3,01 €/KG","img":"https://fd13-photos.leclercdrive.fr/image.ashx?id=2468335&use=l&cat=p&typeid=i","cat":284457},{"id":29824,"n":"Liqueur Lagoa Goût coco 17%vol - 70cl","p":8.8,"u":"12,57 €/L","img":"https://fd13-photos.leclercdrive.fr/image.ashx?id=2958329&use=l&cat=p&typeid=i","cat":284551},{"id":29838,"n":"Bouillon cubes Knorr Bœuf - x15 cubes - 150g","p":1.51,"u":"10,07 €/KG","img":"https://fd13-photos.leclercdrive.fr/image.ashx?id=2848542&use=l&cat=p&typeid=i","cat":288379},{"id":29840,"n":"Bouillon cubes herbes Knorr Huile d'olive Puget x15 -150g","p":1.35,"u":"9,00 €/KG","img":"https://fd13-photos.leclercdrive.fr/image.ashx?id=2890601&use=l&cat=p&typeid=i","cat":288379},{"id":29841,"n":"Bouillon de Poule KNORR 15 Tablettes - 150g","p":1.19,"u":"7,93 €/KG","img":"https://fd13-photos.leclercdrive.fr/image.ashx?id=2906043&use=l&cat=p&typeid=i","cat":288379},{"id":29845,"n":"Moulin saveur Ducros Assaisonnement steak - 35g","p":2.98,"u":"85,14 €/KG","img":"https://fd13-photos.leclercdrive.fr/image.ashx?id=2559448&use=l&cat=p&typeid=i","cat":298297},{"id":29854,"n":"Beurre de Bretagne Les Croisés Doux - 82% MG - 250g","p":2.61,"u":"10,44 €/KG","img":"https://fd13-photos.leclercdrive.fr/image.ashx?id=2943641&use=l&cat=p&typeid=i","cat":284379},{"id":29855,"n":"Beurre de Bretagne Les Croisés Demi-sel - 80% MG - 250g","p":2.61,"u":"10,44 €/KG","img":"https://fd13-photos.leclercdrive.fr/image.ashx?id=2070039&use=l&cat=p&typeid=i","cat":284379},{"id":29856,"n":"Beurre Extra fin Les Croisés Doux - 82 % MG - 125g","p":1.49,"u":"11,92 €/KG","img":"https://fd13-photos.leclercdrive.fr/image.ashx?id=2084078&use=l&cat=p&typeid=i","cat":284379},{"id":29861,"n":"Boisson lactée Délisse Fraise - 6x20cl","p":2.13,"u":"1,78 €/L","img":"https://fd13-photos.leclercdrive.fr/image.ashx?id=2174693&use=l&cat=p&typeid=i","cat":295246},{"id":29864,"n":"Crème fraîche entière Délisse Fleurette - 30% MG - 40cl","p":1.72,"u":"4,30 €/L","img":"https://fd13-photos.leclercdrive.fr/image.ashx?id=2064840&use=l&cat=p&typeid=i","cat":284381},{"id":29865,"n":"Crème fraîche légère Délisse Fleurette - 12% MG - 40cl","p":1.62,"u":"4,05 €/L","img":"https://fd13-photos.leclercdrive.fr/image.ashx?id=2064843&use=l&cat=p&typeid=i","cat":284381},{"id":29869,"n":"Crème anglaise Délisse 1L","p":2.49,"u":"2,49 €/L","img":"https://fd13-photos.leclercdrive.fr/image.ashx?id=3002596&use=l&cat=p&typeid=i","cat":284382},{"id":29872,"n":"Crème semi-épaisse légère UHT Délisse 18%mg - 2x25cl","p":2.34,"u":"4,68 €/L","img":"https://fd13-photos.leclercdrive.fr/image.ashx?id=1883732&use=l&cat=p&typeid=i","cat":284381},{"id":29874,"n":"Emincés poireaux Notre Jardin A la crème 750g","p":2.55,"u":"3,40 €/KG","img":"https://fd13-photos.leclercdrive.fr/image.ashx?id=2873144&use=l&cat=p&typeid=i","cat":319805},{"id":29896,"n":"Peppermint Whist Club 17%vol. - 70cl","p":6.99,"u":"9,99 €/L","img":"https://fd13-photos.leclercdrive.fr/image.ashx?id=1730735&use=l&cat=p&typeid=i","cat":286032},{"id":29897,"n":"Liqueur pomme verte Manzella 17%vol. - 70cl","p":6.5,"u":"9,29 €/L","img":"https://fd13-photos.leclercdrive.fr/image.ashx?id=763367&use=l&cat=p&typeid=i","cat":286032},{"id":29906,"n":"Bière blonde Bellerose 6.5%vol. - 75cl","p":3.49,"u":"4,65 €/L","img":"https://fd13-photos.leclercdrive.fr/image.ashx?id=2744290&use=l&cat=p&typeid=i","cat":334872},{"id":29910,"n":"Bière blonde La Démon 12%vol. - 33cl","p":1.96,"u":"5,94 €/L","img":"https://fd13-photos.leclercdrive.fr/image.ashx?id=2686855&use=l&cat=p&typeid=i","cat":334872},{"id":29927,"n":"Bière belge Rince Cochon Blonde - 8.5%vol. - 75cl","p":3.43,"u":"4,57 €/L","img":"https://fd13-photos.leclercdrive.fr/image.ashx?id=1741463&use=l&cat=p&typeid=i","cat":334872},{"id":29961,"n":"AOC Buzet rouge L'Excellence - 75cl","p":4.5,"u":"6,00 €/L","img":"https://fd13-photos.leclercdrive.fr/image.ashx?id=2831891&use=l&cat=p&typeid=i","cat":289556},{"id":29965,"n":"Whisky J&B Rare  40%vol - Magnum 1.5L","p":32.83,"u":"21,89 €/L","img":"https://fd13-photos.leclercdrive.fr/image.ashx?id=2490362&use=l&cat=p&typeid=i","cat":284547},{"id":30029,"n":"Poêlée champignons Notre Jardin Forestière - 400g","p":4.66,"u":"11,65 €/KG","img":"https://fd13-photos.leclercdrive.fr/image.ashx?id=2771372&use=l&cat=p&typeid=i","cat":319823},{"id":30051,"n":"Mini gratins Côté Table Choux fleurs - x4 480g","p":3.19,"u":"6,65 €/KG","img":"https://fd13-photos.leclercdrive.fr/image.ashx?id=2029370&use=l&cat=p&typeid=i","cat":319802},{"id":30053,"n":"Nuggets de poulet Pic'Express x18 400g","p":4.15,"u":"10,38 €/KG","img":"https://fd13-photos.leclercdrive.fr/image.ashx?id=2115872&use=l&cat=p&typeid=i","cat":319780},{"id":30056,"n":"Ratatouille Bio Bio Village Cuisinée - 600g","p":3.49,"u":"5,82 €/KG","img":"https://fd13-photos.leclercdrive.fr/image.ashx?id=2891821&use=l&cat=p&typeid=i","cat":319823},{"id":30059,"n":"Trio de fleurette Notre Jardin 1kg","p":2.48,"u":"2,48 €/KG","img":"https://fd13-photos.leclercdrive.fr/image.ashx?id=2134530&use=l&cat=p&typeid=i","cat":319805},{"id":30067,"n":"Assaisonnement En Poudre KNORR Secret d’Arômes Tube - 60g","p":1.32,"u":"22,00 €/KG","img":"https://fd13-photos.leclercdrive.fr/image.ashx?id=3014401&use=l&cat=p&typeid=i","cat":298297},{"id":30069,"n":"Roux minute Maïzena Béchamel - 250g","p":2.0,"u":"8,00 €/KG","img":"https://fd13-photos.leclercdrive.fr/image.ashx?id=2769603&use=l&cat=p&typeid=i","cat":288382},{"id":30084,"n":"Bacon Saint Azay 100g","p":1.62,"u":"16,20 €/KG","img":"https://fd13-photos.leclercdrive.fr/image.ashx?id=2943653&use=l&cat=p&typeid=i","cat":316007},{"id":30089,"n":"Blanc de poulet Tradilège 6 tranches - 180g","p":1.51,"u":"8,39 €/KG","img":"https://fd13-photos.leclercdrive.fr/image.ashx?id=2943677&use=l&cat=p&typeid=i","cat":316010},{"id":30091,"n":"Blanc de dinde Tradilège 6 tranches 180g","p":1.96,"u":"10,89 €/KG","img":"https://fd13-photos.leclercdrive.fr/image.ashx?id=2974867&use=l&cat=p&typeid=i","cat":316010},{"id":30094,"n":"Jambon à griller Tradilège 2 tranches 160g","p":2.42,"u":"15,13 €/KG","img":"https://fd13-photos.leclercdrive.fr/image.ashx?id=2984176&use=l&cat=p&typeid=i","cat":316009},{"id":30110,"n":"Pommes de terre NRT à la Sarladaise - 600g","p":2.99,"u":"4,98 €/KG","img":"https://fd13-photos.leclercdrive.fr/image.ashx?id=1946120&use=l&cat=p&typeid=i","cat":319823},{"id":30117,"n":"Sacs poubelle 50L Alfapac Coulissant végétal - x10","p":2.86,"img":"https://fd13-photos.leclercdrive.fr/image.ashx?id=2732362&use=l&cat=p&typeid=i","cat":285168},{"id":30124,"n":"Soupe Régal Soupe Tomate et vermicelles - 1L","p":1.8,"u":"1,80 €/L","img":"https://fd13-photos.leclercdrive.fr/image.ashx?id=2607518&use=l&cat=p&typeid=i","cat":284462},{"id":30128,"n":"Céréales Chocapic Nestlé Chocolat - 1kg","p":5.85,"u":"5,85 €/KG","img":"https://fd13-photos.leclercdrive.fr/image.ashx?id=2977729&use=l&cat=p&typeid=i","cat":309513},{"id":30144,"n":"Croquettes chiens adulte Ultima Medium/maxi - poulet 7.5kg","p":19.59,"u":"2,61 €/KG","img":"https://fd13-photos.leclercdrive.fr/image.ashx?id=2872033&use=l&cat=p&typeid=i","cat":284672},{"id":30150,"n":"Eau aromatisée Volvic Juicy Agrumes -1,5L","p":1.41,"u":"0,94 €/L","img":"https://fd13-photos.leclercdrive.fr/image.ashx?id=2961987&use=l&cat=p&typeid=i","cat":284537},{"id":30164,"n":"Soin jour L'Oréal Age Perfect Peaux matures 2x50ml","p":17.04,"u":"340,80 €/L","img":"https://fd13-photos.leclercdrive.fr/image.ashx?id=2422749&use=l&cat=p&typeid=i","cat":325345},{"id":30185,"n":"Haché moelleux oignon Férial x10 - 1kg","p":7.49,"u":"7,49 €/KG","img":"https://fd13-photos.leclercdrive.fr/image.ashx?id=2704517&use=l&cat=p&typeid=i","cat":319778},{"id":30186,"n":"Haché moelleux Férial x10 - 1kg","p":9.73,"u":"9,73 €/KG","img":"https://fd13-photos.leclercdrive.fr/image.ashx?id=1499683&use=l&cat=p&typeid=i","cat":319778},{"id":30188,"n":"Steak haché bio - Bio Village  15%mg x4 - 400g","p":8.25,"u":"20,63 €/KG","img":"https://fd13-photos.leclercdrive.fr/image.ashx?id=1659330&use=l&cat=p&typeid=i","cat":319778},{"id":30189,"n":"Tortillas chips Tokapi Chili - 150g","p":0.99,"u":"6,60 €/KG","img":"https://fd13-photos.leclercdrive.fr/image.ashx?id=2647958&use=l&cat=p&typeid=i","cat":287899},{"id":30200,"n":"Tielles sétoises Coudène 440g","p":5.96,"u":"13,55 €/KG","img":"https://fd13-photos.leclercdrive.fr/image.ashx?id=2406581&use=l&cat=p&typeid=i","cat":285340},{"id":30212,"n":"Soufflés l'Original Curly Cacahuète - 100g","p":0.88,"u":"8,80 €/KG","img":"https://fd13-photos.leclercdrive.fr/image.ashx?id=2693635&use=l&cat=p&typeid=i","cat":284449},{"id":30213,"n":"Soufflés l'Original Curly Cacahuète - 2x100g","p":1.74,"u":"8,70 €/KG","img":"https://fd13-photos.leclercdrive.fr/image.ashx?id=2962887&use=l&cat=p&typeid=i","cat":284449},{"id":30235,"n":"Bonbons Tic Tac  Menthe x100 - 49g","p":1.61,"u":"32,86 €/KG","img":"https://fd13-photos.leclercdrive.fr/image.ashx?id=2729470&use=l&cat=p&typeid=i","cat":304256},{"id":30256,"n":"Pâte à tartiner Nutella 825g","p":5.65,"u":"6,85 €/KG","img":"https://fd13-photos.leclercdrive.fr/image.ashx?id=2961813&use=l&cat=p&typeid=i","cat":284481},{"id":30272,"n":"IGP Pays d'Oc rouge Merlot Les Ormes de Cambras 12.5% BIB 5L","p":15.54,"u":"3,11 €/L","img":"https://fd13-photos.leclercdrive.fr/image.ashx?id=2443871&use=l&cat=p&typeid=i","cat":289560},{"id":30273,"n":"IGP Pays d'OC rouge Les Ormes De Cambras Sauvignon 12% BIB 5L","p":15.68,"u":"3,14 €/L","img":"https://fd13-photos.leclercdrive.fr/image.ashx?id=2445115&use=l&cat=p&typeid=i","cat":289560},{"id":30349,"n":"Nettoyant écologique Uni Vert Salle de bain - 750ml","p":2.06,"u":"2,75 €/L","img":"https://fd13-photos.leclercdrive.fr/image.ashx?id=2059089&use=l&cat=p&typeid=i","cat":325357},{"id":30362,"n":"Fleur de maïs Maïzena 400g","p":1.41,"u":"3,53 €/KG","img":"https://fd13-photos.leclercdrive.fr/image.ashx?id=2312770&use=l&cat=p&typeid=i","cat":288382},{"id":30372,"n":"Fleur de Maïs Maïzena Sans Gluten Format Famille 700g","p":2.48,"u":"3,54 €/KG","img":"https://fd13-photos.leclercdrive.fr/image.ashx?id=2773907&use=l&cat=p&typeid=i","cat":288382},{"id":30386,"n":"Crème dessert Mont Blanc Boîte Praliné - 570g","p":2.28,"u":"4,00 €/KG","img":"https://fd13-photos.leclercdrive.fr/image.ashx?id=3011596&use=l&cat=p&typeid=i","cat":284506},{"id":30393,"n":"Mélange Ducros Cuisine à l'italienne - 30g","p":1.95,"u":"65,00 €/KG","img":"https://fd13-photos.leclercdrive.fr/image.ashx?id=2559454&use=l&cat=p&typeid=i","cat":298297},{"id":30394,"n":"Mélange malin Ducros Pour pâtes - 30g","p":2.31,"u":"77,00 €/KG","img":"https://fd13-photos.leclercdrive.fr/image.ashx?id=2559457&use=l&cat=p&typeid=i","cat":298297},{"id":30395,"n":"Piment d'Espelette AOP Ducros - 40g","p":8.8,"u":"220,00 €/KG","img":"https://fd13-photos.leclercdrive.fr/image.ashx?id=2559463&use=l&cat=p&typeid=i","cat":298297},{"id":30407,"n":"Dés de fromage salade Boursin Ail & fines herbes -120g","p":2.36,"u":"19,67 €/KG","img":"https://fd13-photos.leclercdrive.fr/image.ashx?id=2864366&use=l&cat=p&typeid=i","cat":314027},{"id":30413,"n":"Pommeau de Normandie NRT  17%vol. - 70cl","p":8.6,"u":"12,29 €/L","img":"https://fd13-photos.leclercdrive.fr/image.ashx?id=1647898&use=l&cat=p&typeid=i","cat":284913},{"id":30414,"n":"Muscat de Mireval AOC NRT  15%vol - 75cl","p":9.17,"u":"12,23 €/L","img":"https://fd13-photos.leclercdrive.fr/image.ashx?id=1965020&use=l&cat=p&typeid=i","cat":284913},{"id":30415,"n":"IGP Pays d'Oc rouge J-P Chenet Cabernet Syrah 13% vol - BIB 3L","p":10.41,"u":"3,47 €/L","img":"https://fd13-photos.leclercdrive.fr/image.ashx?id=2837451&use=l&cat=p&typeid=i","cat":289560},{"id":30477,"n":"Chocolat Pâtissier Nestlé Dessert : Praliné - 170g","p":3.08,"u":"18,12 €/KG","img":"https://fd13-photos.leclercdrive.fr/image.ashx?id=2895637&use=l&cat=p&typeid=i","cat":285562},{"id":30520,"n":"Fromage apéritif BoursinFromage Ail et fines herbes 20 roulés","p":3.47,"u":"34,70 €/KG","img":"https://fd13-photos.leclercdrive.fr/image.ashx?id=2918589&use=l&cat=p&typeid=i","cat":314027},{"id":30570,"n":"Sauce Tube Ail Oignons Panzani Panzani - 180G","p":1.18,"u":"6,56 €/KG","img":"https://fd13-photos.leclercdrive.fr/image.ashx?id=3004804&use=l&cat=p&typeid=i","cat":288384},{"id":30572,"n":"Pur jus de pomme Jafaden 1L","p":2.15,"u":"2,15 €/L","img":"https://fd13-photos.leclercdrive.fr/image.ashx?id=2403691&use=l&cat=p&typeid=i","cat":285435},{"id":30573,"n":"Edulcorant sucralose Canderel Briquet x300","p":2.97,"u":"95,81 €/KG","img":"https://fd13-photos.leclercdrive.fr/image.ashx?id=2811014&use=l&cat=p&typeid=i","cat":324846},{"id":30575,"n":"Happy' Box Haribo Boîte bonbons - 600g","p":4.25,"u":"7,08 €/KG","img":"https://fd13-photos.leclercdrive.fr/image.ashx?id=2802353&use=l&cat=p&typeid=i","cat":304250},{"id":30576,"n":"Zanzigliss Haribo Sachet bonbons réglisse - 300g","p":1.49,"u":"4,97 €/KG","img":"https://fd13-photos.leclercdrive.fr/image.ashx?id=2802347&use=l&cat=p&typeid=i","cat":304250},{"id":30577,"n":"Les Schtroumpfs Pik Haribo Sachet bonbons acidulés - 275g","p":1.56,"u":"5,67 €/KG","img":"https://fd13-photos.leclercdrive.fr/image.ashx?id=2984898&use=l&cat=p&typeid=i","cat":304250},{"id":30578,"n":"Bonbons LUTTI Scoubidou Doux Fruits - 200g","p":1.26,"u":"6,30 €/KG","img":"https://fd13-photos.leclercdrive.fr/image.ashx?id=2817434&use=l&cat=p&typeid=i","cat":304250},{"id":30582,"n":"Petit pot de crème Délisse Vanille - 8x100g","p":3.48,"u":"4,35 €/KG","img":"https://fd13-photos.leclercdrive.fr/image.ashx?id=2544976&use=l&cat=p&typeid=i","cat":285041},{"id":30587,"n":"Yaourts châtaignes Bio village Bio au lait de brebis - 2x125g","p":1.67,"u":"6,68 €/KG","img":"https://fd13-photos.leclercdrive.fr/image.ashx?id=2658593&use=l&cat=p&typeid=i","cat":314998},{"id":30592,"n":"Fromage blanc Délisse Sucré 3% MG - 8x100g","p":2.29,"u":"2,86 €/KG","img":"https://fd13-photos.leclercdrive.fr/image.ashx?id=1744463&use=l&cat=p&typeid=i","cat":284409},{"id":30594,"n":"Fromage frais nature Bio Bio village - 12x60g","p":3.44,"u":"4,78 €/KG","img":"https://fd13-photos.leclercdrive.fr/image.ashx?id=2992633&use=l&cat=p&typeid=i","cat":284409},{"id":30600,"n":"Billes Chocolat au Lait KitKat Sachet  - 250g","p":3.96,"u":"15,84 €/KG","img":"https://fd13-photos.leclercdrive.fr/image.ashx?id=2806063&use=l&cat=p&typeid=i","cat":304238},{"id":30607,"n":"Soupe liquide Liebig  Potiron et kiri - Brique 1L","p":2.73,"u":"2,73 €/L","img":"https://fd13-photos.leclercdrive.fr/image.ashx?id=2892130&use=l&cat=p&typeid=i","cat":284462},{"id":30619,"n":"Jambon cru Aoste Quart Tranché  sans conservateur -  x18 - 220g","p":5.47,"u":"24,86 €/KG","img":"https://fd13-photos.leclercdrive.fr/image.ashx?id=2948057&use=l&cat=p&typeid=i","cat":316007},{"id":30627,"n":"Salade Notre Jardin Jeunes pousses d'épinard - 100g","p":1.4,"u":"14,00 €/KG","img":"https://fd13-photos.leclercdrive.fr/image.ashx?id=2121558&use=l&cat=p&typeid=i","cat":284353},{"id":30640,"n":"Lapin chasseur Côté Table 280g","p":2.2,"u":"7,86 €/KG","img":"https://fd13-photos.leclercdrive.fr/image.ashx?id=2393866&use=l&cat=p&typeid=i","cat":284953},{"id":30641,"n":"Son d'avoine bio Bio Village 500g","p":2.69,"u":"5,38 €/KG","img":"https://fd13-photos.leclercdrive.fr/image.ashx?id=2664334&use=l&cat=p&typeid=i","cat":309512},{"id":30646,"n":"Salade Notre Jardin Feuille de chêne - 125g","p":0.95,"u":"7,60 €/KG","img":"https://fd13-photos.leclercdrive.fr/image.ashx?id=2081328&use=l&cat=p&typeid=i","cat":284353},{"id":30715,"n":"Désodorisant Texil Parfumé 500ml","p":2.61,"u":"5,22 €/L","img":"https://fd13-photos.leclercdrive.fr/image.ashx?id=2399853&use=l&cat=p&typeid=i","cat":290451},{"id":30729,"n":"Crème Dépilatoire Siliss Maillot aisselles - 100ml","p":1.79,"u":"17,90 €/L","img":"https://fd13-photos.leclercdrive.fr/image.ashx?id=2602775&use=l&cat=p&typeid=i","cat":325351},{"id":30733,"n":"Déboucheur canalisations Syphon 1L","p":1.39,"u":"1,39 €/L","img":"https://fd13-photos.leclercdrive.fr/image.ashx?id=2794193&use=l&cat=p&typeid=i","cat":284908},{"id":30781,"n":"Sacs poubelle 50L Eco+ x10","p":0.41,"u":"0,04 €/P","img":"https://fd13-photos.leclercdrive.fr/image.ashx?id=1904756&use=l&cat=p&typeid=i","cat":285168},{"id":30791,"n":"Mouchoirs blancs 2 plis Eco+ Boîte mouchoirs en papier- x150","p":0.62,"img":"https://fd13-photos.leclercdrive.fr/image.ashx?id=2882990&use=l&cat=p&typeid=i","cat":284638},{"id":30808,"n":"Coton-tiges Eco+ Tige papier x200 bâtonnets","p":0.34,"img":"https://fd13-photos.leclercdrive.fr/image.ashx?id=2940893&use=l&cat=p&typeid=i","cat":284636},{"id":30815,"n":"Dissolvant Eco+ 250ml","p":1.33,"u":"5,32 €/L","img":"https://fd13-photos.leclercdrive.fr/image.ashx?id=1873934&use=l&cat=p&typeid=i","cat":325347},{"id":30816,"n":"Film étirable Eco+ 50m","p":0.95,"img":"https://fd13-photos.leclercdrive.fr/image.ashx?id=2048995&use=l&cat=p&typeid=i","cat":334134},{"id":30830,"n":"Feuilles dessin Esquisse Blanches 24x32cm 180g x12","p":1.89,"img":"https://fd13-photos.leclercdrive.fr/image.ashx?id=2943178&use=l&cat=p&typeid=i","cat":284697},{"id":30850,"n":"Blanquette veau Côté Table Champignons 285g","p":2.2,"u":"7,72 €/KG","img":"https://fd13-photos.leclercdrive.fr/image.ashx?id=2064822&use=l&cat=p&typeid=i","cat":284953},{"id":30856,"n":"Emincés de poulet Tradilège Rôti - 2x75g","p":2.09,"u":"13,93 €/KG","img":"https://fd13-photos.leclercdrive.fr/image.ashx?id=2994366&use=l&cat=p&typeid=i","cat":316011},{"id":30863,"n":"Feutres pour ardoise Esquisse A sec - x4","p":1.75,"u":"0,44 €/P","img":"https://fd13-photos.leclercdrive.fr/image.ashx?id=2943190&use=l&cat=p&typeid=i","cat":334133},{"id":30881,"n":"Tortillas Old El Paso de maïs et blé x8 - 335g","p":2.44,"u":"7,28 €/KG","img":"https://fd13-photos.leclercdrive.fr/image.ashx?id=2738794&use=l&cat=p&typeid=i","cat":288993},{"id":30882,"n":"Bloc de fromage Leerdammer L'Original - 250g","p":3.34,"u":"13,36 €/KG","img":"https://fd13-photos.leclercdrive.fr/image.ashx?id=2146096&use=l&cat=p&typeid=i","cat":314034},{"id":30905,"n":"Coquilles moelleuses x6 Chaque Jour Sans Gluten 180g","p":2.2,"u":"12,22 €/KG","img":"https://fd13-photos.leclercdrive.fr/image.ashx?id=2710792&use=l&cat=p&typeid=i","cat":318654},{"id":30917,"n":"Pâtes Escalope volaille Marie Crème champignons - 900g","p":4.86,"u":"5,40 €/KG","img":"https://fd13-photos.leclercdrive.fr/image.ashx?id=2996794&use=l&cat=p&typeid=i","cat":284254},{"id":30929,"n":"Tortillas chips Tables du Monde Nature - 200g","p":1.15,"u":"5,75 €/KG","img":"https://fd13-photos.leclercdrive.fr/image.ashx?id=2655695&use=l&cat=p&typeid=i","cat":288993},{"id":30932,"n":"Biscuits déli matin P'tit Déli  Chocolat allégé- 300g","p":1.88,"u":"6,27 €/KG","img":"https://fd13-photos.leclercdrive.fr/image.ashx?id=3001202&use=l&cat=p&typeid=i","cat":284491},{"id":30933,"n":"Biscuit chocolat noir Gerblé Sans Sucres Ajoutés - 126g","p":1.87,"u":"14,84 €/KG","img":"https://fd13-photos.leclercdrive.fr/image.ashx?id=2662799&use=l&cat=p&typeid=i","cat":318653},{"id":30947,"n":"Pâtes Collezione Barilla Tagliatelle - 500g","p":1.55,"u":"3,10 €/KG","img":"https://fd13-photos.leclercdrive.fr/image.ashx?id=2654119&use=l&cat=p&typeid=i","cat":284427},{"id":30951,"n":"Chocolat au lait Tablette d'Or Coeur de lait - 2x100g","p":1.95,"u":"9,75 €/KG","img":"https://fd13-photos.leclercdrive.fr/image.ashx?id=3010575&use=l&cat=p&typeid=i","cat":284497},{"id":30953,"n":"Couscous Grain Moyen Ferrero  - 500g","p":1.3,"u":"2,60 €/KG","img":"https://fd13-photos.leclercdrive.fr/image.ashx?id=2886777&use=l&cat=p&typeid=i","cat":284429},{"id":30969,"n":"Glace Cône Nestlé Extrême Sorbet fruits rouges x6 - 426g","p":3.48,"u":"8,17 €/KG","img":"https://fd13-photos.leclercdrive.fr/image.ashx?id=2729845&use=l&cat=p&typeid=i","cat":284264},{"id":31003,"n":"Jus de citron jaune 50cl","p":1.99,"u":"3,98 €/L","img":"https://fd13-photos.leclercdrive.fr/image.ashx?id=2656982&use=l&cat=p&typeid=i","cat":288383},{"id":31006,"n":"Oeillets Esquisse x336","p":0.74,"img":"https://fd13-photos.leclercdrive.fr/image.ashx?id=2131224&use=l&cat=p&typeid=i","cat":334133},{"id":31007,"n":"Etiquettes scolaires Esquisse 32x1","p":0.65,"img":"https://fd13-photos.leclercdrive.fr/image.ashx?id=2943235&use=l&cat=p&typeid=i","cat":334133},{"id":31011,"n":"Feutres pour ardoise Esquisse Effaçable a sec Fin bleu - x2","p":0.89,"img":"https://fd13-photos.leclercdrive.fr/image.ashx?id=2943238&use=l&cat=p&typeid=i","cat":334133},{"id":31019,"n":"Feuilles de lasagne Turini 350g","p":2.69,"u":"7,69 €/KG","img":"https://fd13-photos.leclercdrive.fr/image.ashx?id=2174696&use=l&cat=p&typeid=i","cat":333682},{"id":31021,"n":"Gnocchi Turini 800g","p":2.29,"u":"2,86 €/KG","img":"https://fd13-photos.leclercdrive.fr/image.ashx?id=2254529&use=l&cat=p&typeid=i","cat":333682},{"id":31022,"n":"Gnocchi à poêler Turini 500g","p":1.42,"u":"2,84 €/KG","img":"https://fd13-photos.leclercdrive.fr/image.ashx?id=2254532&use=l&cat=p&typeid=i","cat":333682},{"id":31027,"n":"Cappuccino soluble Plantation nature - 280g","p":3.21,"u":"11,46 €/KG","img":"https://fd13-photos.leclercdrive.fr/image.ashx?id=2460595&use=l&cat=p&typeid=i","cat":284843},{"id":31046,"n":"Assortiment crackers Tokapi Emmental - 100g","p":0.64,"u":"6,40 €/KG","img":"https://fd13-photos.leclercdrive.fr/image.ashx?id=2034386&use=l&cat=p&typeid=i","cat":297000},{"id":31048,"n":"Algues Nori Tanoshi 7 feuilles -18g","p":2.91,"u":"161,67 €/KG","img":"https://fd13-photos.leclercdrive.fr/image.ashx?id=2912041&use=l&cat=p&typeid=i","cat":288992},{"id":31050,"n":"Biscuits pavot citron GERBLE  - 4x4  200g","p":1.52,"u":"7,60 €/KG","img":"https://fd13-photos.leclercdrive.fr/image.ashx?id=2967001&use=l&cat=p&typeid=i","cat":318651},{"id":31052,"n":"Biscuits figue et son GERBLE   - 5x5, 210g","p":1.4,"u":"6,67 €/KG","img":"https://fd13-photos.leclercdrive.fr/image.ashx?id=2662319&use=l&cat=p&typeid=i","cat":318651},{"id":31054,"n":"Bouillon Cube Maggi Vollaile - x12 cubes - 120g","p":1.67,"u":"13,92 €/KG","img":"https://fd13-photos.leclercdrive.fr/image.ashx?id=2736982&use=l&cat=p&typeid=i","cat":288379},{"id":31058,"n":"Pâtes Barilla Capellini n°1 - 500g","p":0.99,"u":"1,98 €/KG","img":"https://fd13-photos.leclercdrive.fr/image.ashx?id=2392194&use=l&cat=p&typeid=i","cat":284427},{"id":31069,"n":"Chocolat Pâtissier Tablette dOr Chocolat Blanc - 180g","p":2.03,"u":"11,28 €/KG","img":"https://fd13-photos.leclercdrive.fr/image.ashx?id=2109939&use=l&cat=p&typeid=i","cat":285562},{"id":31079,"n":"Biscuits cookies bio bjorg  chocolat noisette - 200g","p":3.15,"u":"15,75 €/KG","img":"https://fd13-photos.leclercdrive.fr/image.ashx?id=2652215&use=l&cat=p&typeid=i","cat":325066},{"id":31084,"n":"Crackers Tokapi Sésame et pavot - 100g","p":0.69,"u":"6,90 €/KG","img":"https://fd13-photos.leclercdrive.fr/image.ashx?id=1921880&use=l&cat=p&typeid=i","cat":297000},{"id":31085,"n":"Kit sushi Tanoshi 289g","p":7.68,"u":"26,57 €/KG","img":"https://fd13-photos.leclercdrive.fr/image.ashx?id=2939406&use=l&cat=p&typeid=i","cat":288992},{"id":31086,"n":"Capsules Nescafé Dolce Gusto  Lungo Décaféiné - x16","p":4.88,"u":"43,57 €/KG","img":"https://fd13-photos.leclercdrive.fr/image.ashx?id=2836676&use=l&cat=p&typeid=i","cat":293239},{"id":31088,"n":"Coeurs d'artichaut Notre Jardin 245g","p":3.49,"u":"14,24 €/KG","img":"https://fd13-photos.leclercdrive.fr/image.ashx?id=2607918&use=l&cat=p&typeid=i","cat":312611},{"id":31097,"n":"Feuilletés Tokapi Emmental - 85g","p":0.98,"u":"11,53 €/KG","img":"https://fd13-photos.leclercdrive.fr/image.ashx?id=1884022&use=l&cat=p&typeid=i","cat":297000},{"id":31098,"n":"Capsules Nescafé Dolce Gusto  Café au Lait - x16","p":4.67,"u":"29,19 €/KG","img":"https://fd13-photos.leclercdrive.fr/image.ashx?id=2946637&use=l&cat=p&typeid=i","cat":293239},{"id":31101,"n":"Filets maquereaux Pêche Océan Sauce escabèche - 169g","p":1.15,"u":"6,80 €/KG","img":"https://fd13-photos.leclercdrive.fr/image.ashx?id=2394666&use=l&cat=p&typeid=i","cat":303868},{"id":31105,"n":"Gaufrettes P'tit Déli Praliné noisette x15 110g","p":0.87,"u":"7,91 €/KG","img":"https://fd13-photos.leclercdrive.fr/image.ashx?id=2418245&use=l&cat=p&typeid=i","cat":284488},{"id":31106,"n":"Gaufrettes P'tit Déli Chocolat x15 110g","p":1.1,"u":"10,00 €/KG","img":"https://fd13-photos.leclercdrive.fr/image.ashx?id=2436020&use=l&cat=p&typeid=i","cat":284488},{"id":31107,"n":"Gâteau P'tit Déli Tout chocolat 300g","p":2.15,"u":"7,17 €/KG","img":"https://fd13-photos.leclercdrive.fr/image.ashx?id=2211197&use=l&cat=p&typeid=i","cat":294776},{"id":31116,"n":"Pâtes bio Jardin Bio' Tire-bouchon semi-complet  500g","p":1.84,"u":"3,68 €/KG","img":"https://fd13-photos.leclercdrive.fr/image.ashx?id=2961116&use=l&cat=p&typeid=i","cat":284427},{"id":31119,"n":"Tartelettes P'tit Déli Chocolat noisettes - 150g","p":1.29,"u":"8,60 €/KG","img":"https://fd13-photos.leclercdrive.fr/image.ashx?id=2345556&use=l&cat=p&typeid=i","cat":284488},{"id":31132,"n":"Tartine croustillante Epi d'Or Céréales - 250g","p":1.41,"u":"5,64 €/KG","img":"https://fd13-photos.leclercdrive.fr/image.ashx?id=2472756&use=l&cat=p&typeid=i","cat":284479},{"id":31136,"n":"Pâtes Torti Panzani 3 Minutes - 1Kg","p":2.25,"u":"2,25 €/KG","img":"https://fd13-photos.leclercdrive.fr/image.ashx?id=2896099&use=l&cat=p&typeid=i","cat":284427},{"id":31139,"n":"Tortillas chips Tables du Monde Chili - 200g","p":1.39,"u":"6,95 €/KG","img":"https://fd13-photos.leclercdrive.fr/image.ashx?id=2661544&use=l&cat=p&typeid=i","cat":288993},{"id":31143,"n":"Lait concentré sucré Délisse 397g","p":1.35,"u":"3,40 €/KG","img":"https://fd13-photos.leclercdrive.fr/image.ashx?id=2576588&use=l&cat=p&typeid=i","cat":299162},{"id":31146,"n":"Madeleines P'tit Déli Longues fourrées 240g","p":2.35,"u":"9,79 €/KG","img":"https://fd13-photos.leclercdrive.fr/image.ashx?id=2381547&use=l&cat=p&typeid=i","cat":284492},{"id":31149,"n":"Les p'tites spirales P'tit Déli Fraise 150g","p":1.55,"u":"10,33 €/KG","img":"https://fd13-photos.leclercdrive.fr/image.ashx?id=2660419&use=l&cat=p&typeid=i","cat":284495},{"id":31156,"n":"Café Soluble Nescafé x25 - 50g","p":2.02,"u":"40,40 €/KG","img":"https://fd13-photos.leclercdrive.fr/image.ashx?id=2485131&use=l&cat=p&typeid=i","cat":284843},{"id":31158,"n":"Wasabi Tanoshi Moutarde verte japonaise - tube de 43g","p":3.13,"u":"72,79 €/KG","img":"https://fd13-photos.leclercdrive.fr/image.ashx?id=2921145&use=l&cat=p&typeid=i","cat":288992},{"id":31171,"n":"Pop corn sucrés Tokapi Micro-ondable - 3x90g","p":1.25,"u":"4,63 €/KG","img":"https://fd13-photos.leclercdrive.fr/image.ashx?id=2351628&use=l&cat=p&typeid=i","cat":304249},{"id":31174,"n":"Pâtes penne rigate Panzani 1kg","p":2.01,"u":"2,01 €/KG","img":"https://fd13-photos.leclercdrive.fr/image.ashx?id=2876020&use=l&cat=p&typeid=i","cat":284427},{"id":31178,"n":"Pois apéritif Tanoshi wasabi - sachet 100g","p":1.46,"u":"14,60 €/KG","img":"https://fd13-photos.leclercdrive.fr/image.ashx?id=2928522&use=l&cat=p&typeid=i","cat":288992},{"id":31191,"n":"Riz sushi Tanoshi 450g","p":3.15,"u":"7,00 €/KG","img":"https://fd13-photos.leclercdrive.fr/image.ashx?id=2955788&use=l&cat=p&typeid=i","cat":288992},{"id":31193,"n":"Biscuit apéritif ancel Bretzels Sticks - 200g","p":1.02,"u":"5,10 €/KG","img":"https://fd13-photos.leclercdrive.fr/image.ashx?id=2895178&use=l&cat=p&typeid=i","cat":297000},{"id":31200,"n":"AOP Bordeaux rouge Baron de Lestac - BIB 3L","p":13.89,"u":"4,63 €/L","img":"https://fd13-photos.leclercdrive.fr/image.ashx?id=2420910&use=l&cat=p&typeid=i","cat":289560},{"id":31211,"n":"Grana Padano AOP Casa Azzurra Râpé -  100g","p":1.97,"u":"19,70 €/KG","img":"https://fd13-photos.leclercdrive.fr/image.ashx?id=2284730&use=l&cat=p&typeid=i","cat":314035},{"id":31223,"n":"Bain Dissolvant Inell Bain sans acétone - 75ml","p":3.99,"u":"53,20 €/L","img":"https://fd13-photos.leclercdrive.fr/image.ashx?id=2244820&use=l&cat=p&typeid=i","cat":325347},{"id":31265,"n":"Friandises chats Félix Original  Party mix - 60g","p":1.25,"u":"20,83 €/KG","img":"https://fd13-photos.leclercdrive.fr/image.ashx?id=2683346&use=l&cat=p&typeid=i","cat":285285},{"id":31297,"n":"Fromage crémeux Les Croisés 36%mg - 200g","p":2.43,"u":"12,15 €/KG","img":"https://fd13-photos.leclercdrive.fr/image.ashx?id=2037379&use=l&cat=p&typeid=i","cat":329558},{"id":31301,"n":"Steak haché Férial  15%mg - X10 - 1kg","p":11.9,"u":"11,90 €/KG","img":"https://fd13-photos.leclercdrive.fr/image.ashx?id=1659140&use=l&cat=p&typeid=i","cat":319778},{"id":31389,"n":"Menus gourmands Tous mes amis pour chatons - 12x100g","p":4.29,"u":"3,58 €/KG","img":"https://fd13-photos.leclercdrive.fr/image.ashx?id=2027595&use=l&cat=p&typeid=i","cat":285286},{"id":31414,"n":"Pâtes Alpina Savoie Chanterelles Crozets - 400g","p":2.59,"u":"6,48 €/KG","img":"https://fd13-photos.leclercdrive.fr/image.ashx?id=2795063&use=l&cat=p&typeid=i","cat":284427},{"id":31441,"n":"Plat bébé Blédina 12 mois  Courgette riz veau - 2x200g","p":2.49,"u":"6,23 €/KG","img":"https://fd13-photos.leclercdrive.fr/image.ashx?id=2975074&use=l&cat=p&typeid=i","cat":312237},{"id":31447,"n":"Tablette Chocolat Lait Crunch Céréales Croustillantes 2x100g","p":2.7,"u":"13,50 €/KG","img":"https://fd13-photos.leclercdrive.fr/image.ashx?id=2899740&use=l&cat=p&typeid=i","cat":284497},{"id":31458,"n":"Moutarde de Dijon Rustica  Fine et forte - 160g","p":0.95,"u":"5,94 €/KG","img":"https://fd13-photos.leclercdrive.fr/image.ashx?id=2954367&use=l&cat=p&typeid=i","cat":288850},{"id":31590,"n":"Cahier de musique 48 pages 17x22","p":0.99,"img":"https://fd13-photos.leclercdrive.fr/image.ashx?id=1690925&use=l&cat=p&typeid=i","cat":284697},{"id":31641,"n":"Poulet basquaise Côté Table Riz 285g","p":1.81,"u":"6,35 €/KG","img":"https://fd13-photos.leclercdrive.fr/image.ashx?id=2476149&use=l&cat=p&typeid=i","cat":284953},{"id":31652,"n":"Beurre Tendre Elle&Vire Doux - 82% MG - 250g","p":2.94,"u":"11,76 €/KG","img":"https://fd13-photos.leclercdrive.fr/image.ashx?id=2574374&use=l&cat=p&typeid=i","cat":284379},{"id":31659,"n":"Sirop La Maison Guiot Cerise - 70cl","p":3.18,"u":"4,54 €/L","img":"https://fd13-photos.leclercdrive.fr/image.ashx?id=2857201&use=l&cat=p&typeid=i","cat":295020},{"id":31660,"n":"Sirop La Maison Guiot Fraise des bois - 70cl","p":3.5,"u":"5,00 €/L","img":"https://fd13-photos.leclercdrive.fr/image.ashx?id=2857207&use=l&cat=p&typeid=i","cat":295020},{"id":31661,"n":"Sirop La Maison Guiot Pêche blanche - 70cl","p":3.34,"u":"4,77 €/L","img":"https://fd13-photos.leclercdrive.fr/image.ashx?id=2857198&use=l&cat=p&typeid=i","cat":295020},{"id":31680,"n":"Lingettes bébé Mots d'Enfants Ultra-douces - x24","p":1.25,"u":"0,05 €/P","img":"https://fd13-photos.leclercdrive.fr/image.ashx?id=2856501&use=l&cat=p&typeid=i","cat":284738},{"id":31682,"n":"Sachet repas chat Tous mes amis Viande en sauces - 4x100g","p":1.49,"u":"3,73 €/KG","img":"https://fd13-photos.leclercdrive.fr/image.ashx?id=2043005&use=l&cat=p&typeid=i","cat":285286},{"id":31709,"n":"Viande boeuf séchée Saint Azay 10 tranches - 80g","p":3.78,"u":"47,25 €/KG","img":"https://fd13-photos.leclercdrive.fr/image.ashx?id=2979568&use=l&cat=p&typeid=i","cat":316007},{"id":31714,"n":"Pur jus de pomme Bio Village Bio - 6x20cl","p":3.25,"u":"2,71 €/L","img":"https://fd13-photos.leclercdrive.fr/image.ashx?id=2077442&use=l&cat=p&typeid=i","cat":284524},{"id":31725,"n":"Boisson énergisante X-tense Canette - 4x50cl","p":3.12,"u":"1,56 €/L","img":"https://fd13-photos.leclercdrive.fr/image.ashx?id=2956065&use=l&cat=p&typeid=i","cat":284533},{"id":31728,"n":"Jus de pomme Jafaden Nectar - 2L","p":2.15,"u":"1,08 €/L","img":"https://fd13-photos.leclercdrive.fr/image.ashx?id=2956077&use=l&cat=p&typeid=i","cat":284522},{"id":31729,"n":"Jus de pomme Jafaden A base de concentré - 1L","p":0.95,"u":"0,95 €/L","img":"https://fd13-photos.leclercdrive.fr/image.ashx?id=2550842&use=l&cat=p&typeid=i","cat":284522},{"id":31730,"n":"Pur jus de pomme Jafaden 1L","p":0.99,"u":"0,99 €/L","img":"https://fd13-photos.leclercdrive.fr/image.ashx?id=1936638&use=l&cat=p&typeid=i","cat":284522},{"id":31731,"n":"Thé glacé Fresh Tea Pêche - 1L","p":1.03,"u":"1,03 €/L","img":"https://fd13-photos.leclercdrive.fr/image.ashx?id=3002791&use=l&cat=p&typeid=i","cat":295019},{"id":31733,"n":"Pur jus multifruits Jafaden 1L","p":1.39,"u":"1,39 €/L","img":"https://fd13-photos.leclercdrive.fr/image.ashx?id=2890006&use=l&cat=p&typeid=i","cat":284917},{"id":31735,"n":"Nectar multifruits Jafaden 1L","p":1.75,"u":"1,75 €/L","img":"https://fd13-photos.leclercdrive.fr/image.ashx?id=2956089&use=l&cat=p&typeid=i","cat":284917},{"id":31736,"n":"Nectar Jafaden Goyave - 1L","p":2.08,"u":"2,08 €/L","img":"https://fd13-photos.leclercdrive.fr/image.ashx?id=2956095&use=l&cat=p&typeid=i","cat":284916},{"id":31737,"n":"Nectar Jafaden Passion - 1L","p":2.71,"u":"2,71 €/L","img":"https://fd13-photos.leclercdrive.fr/image.ashx?id=2959602&use=l&cat=p&typeid=i","cat":284916},{"id":31830,"n":"Sachet repas chat Tous mes amis Viande en sauce - 12x100g","p":3.65,"u":"3,04 €/KG","img":"https://fd13-photos.leclercdrive.fr/image.ashx?id=2677077&use=l&cat=p&typeid=i","cat":285286},{"id":31899,"n":"Huile OPTIMA Tramier  1L","p":5.18,"u":"5,18 €/L","img":"https://fd13-photos.leclercdrive.fr/image.ashx?id=2680407&use=l&cat=p&typeid=i","cat":284453},{"id":31915,"n":"Mayonnaise à la moutarde de Dij  de Dijon Rustica - 235 g","p":1.25,"u":"5,32 €/KG","img":"https://fd13-photos.leclercdrive.fr/image.ashx?id=1026705&use=l&cat=p&typeid=i","cat":298295},{"id":31918,"n":"Sucre Tablier Blanc En morceaux - 1kg","p":1.99,"u":"1,99 €/KG","img":"https://fd13-photos.leclercdrive.fr/image.ashx?id=2116140&use=l&cat=p&typeid=i","cat":284502},{"id":31933,"n":"Laque Iroise Fixation forte 300ml","p":1.95,"u":"6,50 €/L","img":"https://fd13-photos.leclercdrive.fr/image.ashx?id=2655580&use=l&cat=p&typeid=i","cat":284609},{"id":31941,"n":"IGP Ardèche rouge Pont d'Arc 13.5% vol - BIB 5L","p":11.2,"u":"2,24 €/L","img":"https://fd13-photos.leclercdrive.fr/image.ashx?id=2527913&use=l&cat=p&typeid=i","cat":289560},{"id":31965,"n":"Nettoyant spray Clair Cuisine et salle de bain 750ml","p":1.49,"u":"1,99 €/L","img":"https://fd13-photos.leclercdrive.fr/image.ashx?id=2466151&use=l&cat=p&typeid=i","cat":325357},{"id":31970,"n":"Soin visage Carré Homme Anti-âge anti-fatigue Q10- 50ml","p":3.7,"u":"74,00 €/L","img":"https://fd13-photos.leclercdrive.fr/image.ashx?id=922542&use=l&cat=p&typeid=i","cat":284622},{"id":31976,"n":"Sucre vanillé bio Bio Village 6x7.5g","p":1.85,"u":"41,11 €/KG","img":"https://fd13-photos.leclercdrive.fr/image.ashx?id=2895801&use=l&cat=p&typeid=i","cat":294686},{"id":31981,"n":"Couches bébé Mots d'Enfants T4+ Ultra confort - 9/20kg - x24","p":5.8,"u":"0,24 €/P","img":"https://fd13-photos.leclercdrive.fr/image.ashx?id=2699459&use=l&cat=p&typeid=i","cat":284737},{"id":31982,"n":"Couches bébé Mots d'Enfants -T5 Ultra confort - 11/25kg - x23","p":5.66,"u":"0,25 €/P","img":"https://fd13-photos.leclercdrive.fr/image.ashx?id=2699462&use=l&cat=p&typeid=i","cat":284737},{"id":31983,"n":"Cidre rosé Les Goelleries 2.5%vol. - 75cl","p":2.29,"u":"3,05 €/L","img":"https://fd13-photos.leclercdrive.fr/image.ashx?id=2842295&use=l&cat=p&typeid=i","cat":334880},{"id":31985,"n":"Couches bébé Mots d'Enfants -T4 Ultra confort - 7/18kg - x26","p":5.55,"u":"0,21 €/P","img":"https://fd13-photos.leclercdrive.fr/image.ashx?id=2699456&use=l&cat=p&typeid=i","cat":284737},{"id":31988,"n":"Sachet repas chat Tous mes amis Poissons en gelée - 4x100g","p":1.33,"u":"3,33 €/KG","img":"https://fd13-photos.leclercdrive.fr/image.ashx?id=2043002&use=l&cat=p&typeid=i","cat":285286},{"id":32015,"n":"Beurre moulé Le Gall Doux - 82% MG - 250g","p":3.39,"u":"13,56 €/KG","img":"https://fd13-photos.leclercdrive.fr/image.ashx?id=2551680&use=l&cat=p&typeid=i","cat":284379},{"id":32058,"n":"Amandes Tokapi Fumé - 125g","p":2.69,"u":"21,52 €/KG","img":"https://fd13-photos.leclercdrive.fr/image.ashx?id=2795556&use=l&cat=p&typeid=i","cat":284448},{"id":32059,"n":"Sachet repas chat Tous mes amis Viande en geléé - 12x100g","p":3.65,"u":"3,04 €/KG","img":"https://fd13-photos.leclercdrive.fr/image.ashx?id=2027598&use=l&cat=p&typeid=i","cat":285286},{"id":32064,"n":"Mousse à raser Carré Homme Sensible - 250ml","p":1.39,"u":"5,56 €/L","img":"https://fd13-photos.leclercdrive.fr/image.ashx?id=1959463&use=l&cat=p&typeid=i","cat":284617},{"id":32065,"n":"Couches bébé Mots d'Enfants T4 Douceur - 7/18kg - x74 changes","p":10.6,"u":"0,14 €/P","img":"https://fd13-photos.leclercdrive.fr/image.ashx?id=2301481&use=l&cat=p&typeid=i","cat":284737},{"id":32087,"n":"Yaourts vanille Soignon au lait de chèvre - 4x125g","p":2.42,"u":"4,84 €/KG","img":"https://fd13-photos.leclercdrive.fr/image.ashx?id=2518247&use=l&cat=p&typeid=i","cat":314998},{"id":32098,"n":"Biscuits Dinosaurus Lotus  Chocolat noir - 225g","p":2.57,"u":"11,42 €/KG","img":"https://fd13-photos.leclercdrive.fr/image.ashx?id=2859812&use=l&cat=p&typeid=i","cat":284488},{"id":32103,"n":"Goûter laitier Récré O'Lé Gourdes Chocolat - 4x85g","p":2.0,"u":"5,88 €/KG","img":"https://fd13-photos.leclercdrive.fr/image.ashx?id=3008824&use=l&cat=p&typeid=i","cat":284506},{"id":32104,"n":"Goûter laitier Récré O'Lé Gourdes Saveur Vanille - 4x85g","p":2.14,"u":"6,29 €/KG","img":"https://fd13-photos.leclercdrive.fr/image.ashx?id=3008827&use=l&cat=p&typeid=i","cat":284506},{"id":32125,"n":"Mélange Fruité Tokapi Fruits et graines - 110g","p":1.65,"u":"15,00 €/KG","img":"https://fd13-photos.leclercdrive.fr/image.ashx?id=2794003&use=l&cat=p&typeid=i","cat":284448},{"id":32149,"n":"Ruban correcteur Esquisse Bleu et rose - x2","p":1.89,"u":"0,95 €/P","img":"https://fd13-photos.leclercdrive.fr/image.ashx?id=1690158&use=l&cat=p&typeid=i","cat":334133},{"id":32155,"n":"Classeur cahier Esquisse Bleu - Polypro - 21x29.7cm","p":1.89,"img":"https://fd13-photos.leclercdrive.fr/image.ashx?id=940887&use=l&cat=p&typeid=i","cat":284745},{"id":32156,"n":"Classeur cahier Esquisse Vert Anis - Polypro - 21x29.7cm","p":1.89,"img":"https://fd13-photos.leclercdrive.fr/image.ashx?id=1698748&use=l&cat=p&typeid=i","cat":284745},{"id":32162,"n":"Protège-document Anis - A4 - 120 vues","p":3.49,"img":"https://fd13-photos.leclercdrive.fr/image.ashx?id=1698751&use=l&cat=p&typeid=i","cat":284745},{"id":32163,"n":"Protège-documents Rouge - A4 - 120 vues","p":3.49,"img":"https://fd13-photos.leclercdrive.fr/image.ashx?id=2943340&use=l&cat=p&typeid=i","cat":284745},{"id":32164,"n":"Protège-documents Violet - A4 - 120 vues","p":3.49,"img":"https://fd13-photos.leclercdrive.fr/image.ashx?id=940871&use=l&cat=p&typeid=i","cat":284745},{"id":32183,"n":"Couches bébé Mots d'Enfants T4+ Douceur - 9/20kg - x70 changes","p":10.8,"u":"0,15 €/P","img":"https://fd13-photos.leclercdrive.fr/image.ashx?id=2301484&use=l&cat=p&typeid=i","cat":284737},{"id":32186,"n":"Couches bébé Mots d'Enfants T5 Douceur - 11/25kg - x66","p":10.7,"u":"0,16 €/P","img":"https://fd13-photos.leclercdrive.fr/image.ashx?id=2301487&use=l&cat=p&typeid=i","cat":284737},{"id":32202,"n":"Couches bébé Mots d'Enfants T3 Douceur - 4/9kg - x90 changes","p":11.4,"u":"0,13 €/P","img":"https://fd13-photos.leclercdrive.fr/image.ashx?id=2301478&use=l&cat=p&typeid=i","cat":284737},{"id":32255,"n":"Déodorant Manava Pierre d'alun/Aloé véra - 200ml","p":1.44,"u":"7,20 €/L","img":"https://fd13-photos.leclercdrive.fr/image.ashx?id=2481225&use=l&cat=p&typeid=i","cat":284595},{"id":32258,"n":"Couches bébé Mots d'Enfants -T3 Ultra confort - 4/9kg - x29","p":5.99,"u":"0,21 €/P","img":"https://fd13-photos.leclercdrive.fr/image.ashx?id=2699453&use=l&cat=p&typeid=i","cat":284737},{"id":32267,"n":"Emmental fromage rapé Les Croisés - 325g","p":2.65,"u":"8,15 €/KG","img":"https://fd13-photos.leclercdrive.fr/image.ashx?id=2832942&use=l&cat=p&typeid=i","cat":314035},{"id":32293,"n":"Sucre de canne Tablier Blanc Cassonade 750g","p":1.55,"u":"2,07 €/KG","img":"https://fd13-photos.leclercdrive.fr/image.ashx?id=2127403&use=l&cat=p&typeid=i","cat":284502},{"id":32301,"n":"Biscuit Petit beurre P'tit Déli Tablette chocolat blanc - 150g","p":1.49,"u":"9,93 €/KG","img":"https://fd13-photos.leclercdrive.fr/image.ashx?id=2970738&use=l&cat=p&typeid=i","cat":284488},{"id":32304,"n":"Aubergines Notre Jardin Grillées 600g","p":3.49,"u":"5,82 €/KG","img":"https://fd13-photos.leclercdrive.fr/image.ashx?id=2873132&use=l&cat=p&typeid=i","cat":319805},{"id":32316,"n":"Gin Brighton's London Dry 37.5%vol - 1L","p":15.69,"u":"15,69 €/L","img":"https://fd13-photos.leclercdrive.fr/image.ashx?id=2907189&use=l&cat=p&typeid=i","cat":284550},{"id":32352,"n":"Emmental fromage râpé bio Bio village - 200g","p":2.31,"u":"11,55 €/KG","img":"https://fd13-photos.leclercdrive.fr/image.ashx?id=1972558&use=l&cat=p&typeid=i","cat":314035},{"id":32357,"n":"Yaourts en gourde Délisse 3 Abricots + 3 Fraises - 6x90g","p":2.89,"u":"5,35 €/KG","img":"https://fd13-photos.leclercdrive.fr/image.ashx?id=2699565&use=l&cat=p&typeid=i","cat":284415},{"id":32371,"n":"Petits pots  Babybio Bio Carotte quinoa - 8mois 2x200g","p":2.71,"u":"6,78 €/KG","img":"https://fd13-photos.leclercdrive.fr/image.ashx?id=2834512&use=l&cat=p&typeid=i","cat":312239},{"id":32373,"n":"Petits pots Babybio Bio Légume canard - 8mois 2x200g","p":3.33,"u":"16,65 €/KG","img":"https://fd13-photos.leclercdrive.fr/image.ashx?id=2912200&use=l&cat=p&typeid=i","cat":312236},{"id":32380,"n":"Farine de blé Eco+ 1kg","p":0.54,"u":"0,54 €/KG","img":"https://fd13-photos.leclercdrive.fr/image.ashx?id=720217&use=l&cat=p&typeid=i","cat":284503},{"id":32386,"n":"Mélange forestier Notre Jardin 225g","p":2.57,"u":"11,42 €/KG","img":"https://fd13-photos.leclercdrive.fr/image.ashx?id=2124588&use=l&cat=p&typeid=i","cat":312612},{"id":32387,"n":"Ratatouille Notre Jardin A la provençale - 375g","p":1.06,"u":"2,83 €/KG","img":"https://fd13-photos.leclercdrive.fr/image.ashx?id=2526294&use=l&cat=p&typeid=i","cat":312612},{"id":32391,"n":"Poulet blanc St Charmin Entier - 1.25kg","p":8.99,"u":"7,19 €/KG","img":"https://fd13-photos.leclercdrive.fr/image.ashx?id=2486092&use=l&cat=p&typeid=i","cat":284336},{"id":32412,"n":"Cahier Esquisse Rouge - 24x32cm - 96p","p":1.39,"img":"https://fd13-photos.leclercdrive.fr/image.ashx?id=1703719&use=l&cat=p&typeid=i","cat":284697},{"id":32413,"n":"Cahier Esquisse Vert foncé - 24x32 cm- 96p","p":1.39,"img":"https://fd13-photos.leclercdrive.fr/image.ashx?id=981834&use=l&cat=p&typeid=i","cat":284697},{"id":32415,"n":"Cahier Esquisse - 96 pages Bleu  - 24x32cm","p":1.39,"img":"https://fd13-photos.leclercdrive.fr/image.ashx?id=1694242&use=l&cat=p&typeid=i","cat":284697},{"id":32416,"n":"Cahier Esquisse - 96 pages Rouge - 24x32cm","p":1.39,"img":"https://fd13-photos.leclercdrive.fr/image.ashx?id=1694245&use=l&cat=p&typeid=i","cat":284697},{"id":32422,"n":"Poulet rôti Purée à l'ancienne La Cuisine d'Océane 300g","p":2.86,"u":"9,53 €/KG","img":"https://fd13-photos.leclercdrive.fr/image.ashx?id=2962377&use=l&cat=p&typeid=i","cat":284953},{"id":32477,"n":"Protège-document Turquoise - A4 - 120 vues","p":3.49,"img":"https://fd13-photos.leclercdrive.fr/image.ashx?id=1698754&use=l&cat=p&typeid=i","cat":284745},{"id":32478,"n":"Fruits rouges Fruistar 650g","p":4.72,"u":"7,26 €/KG","img":"https://fd13-photos.leclercdrive.fr/image.ashx?id=2072629&use=l&cat=p&typeid=i","cat":284268},{"id":32479,"n":"Culotte absorbante Tena Taille L - Plus - x8","p":8.21,"u":"1,03 €/P","img":"https://fd13-photos.leclercdrive.fr/image.ashx?id=2428585&use=l&cat=p&typeid=i","cat":284628},{"id":32480,"n":"Culotte absorbante Tena Taille M - Plus - x9","p":7.61,"u":"0,85 €/P","img":"https://fd13-photos.leclercdrive.fr/image.ashx?id=2428591&use=l&cat=p&typeid=i","cat":284628},{"id":32493,"n":"Crème glacée L'Angelys Caramel beurre salé - 450g","p":5.21,"u":"11,58 €/KG","img":"https://fd13-photos.leclercdrive.fr/image.ashx?id=2883188&use=l&cat=p&typeid=i","cat":284263},{"id":32497,"n":"Recharge Savon Mains Dettol Parfum Citron 250ml","p":1.93,"u":"7,72 €/L","img":"https://fd13-photos.leclercdrive.fr/image.ashx?id=2962020&use=l&cat=p&typeid=i","cat":284597},{"id":32516,"n":"Saumon fumé Bio Bio Village Atlantique x4T - 120g","p":5.77,"u":"48,08 €/KG","img":"https://fd13-photos.leclercdrive.fr/image.ashx?id=2374606&use=l&cat=p&typeid=i","cat":285188},{"id":32523,"n":"Endive  1 p","p":0.38,"img":"https://fd13-photos.leclercdrive.fr/image.ashx?id=657630&use=l&cat=p&typeid=i","cat":284352},{"id":32555,"n":"Fromage Maasdam Les Croisés tranches x14 - 27.1%mg - 350g","p":3.23,"u":"9,23 €/KG","img":"https://fd13-photos.leclercdrive.fr/image.ashx?id=2026322&use=l&cat=p&typeid=i","cat":314028},{"id":32558,"n":"Mimolette Les Croisés 23.7%mg portion - 250g","p":2.97,"u":"11,88 €/KG","img":"https://fd13-photos.leclercdrive.fr/image.ashx?id=2796049&use=l&cat=p&typeid=i","cat":314034},{"id":32631,"n":"Biscuits palmier Bio Village Bio - 100g","p":1.27,"u":"12,70 €/KG","img":"https://fd13-photos.leclercdrive.fr/image.ashx?id=2610729&use=l&cat=p&typeid=i","cat":284487},{"id":32643,"n":"Pruneaux d'Agen Couleurs Vives Dénoyautés - 500g","p":3.99,"u":"7,98 €/KG","img":"https://fd13-photos.leclercdrive.fr/image.ashx?id=2124107&use=l&cat=p&typeid=i","cat":284357},{"id":32707,"n":"Poisson pané  Cabillaud Findus MSC x4 - 400g","p":6.98,"u":"17,45 €/KG","img":"https://fd13-photos.leclercdrive.fr/image.ashx?id=2650666&use=l&cat=p&typeid=i","cat":319788},{"id":32724,"n":"Pain grillé bio Bio Village Céréales et graines - 225g","p":1.59,"u":"7,07 €/KG","img":"https://fd13-photos.leclercdrive.fr/image.ashx?id=2119166&use=l&cat=p&typeid=i","cat":284479},{"id":32806,"n":"Cuisse poulet jaune St Charmin Val de Loire x2 - 480g","p":4.08,"u":"8,50 €/KG","img":"https://fd13-photos.leclercdrive.fr/image.ashx?id=2933307&use=l&cat=p&typeid=i","cat":284336},{"id":32809,"n":"Filets de poulet St Charmin Val de Loire x2 - 240g","p":5.49,"u":"22,88 €/KG","img":"https://fd13-photos.leclercdrive.fr/image.ashx?id=2933310&use=l&cat=p&typeid=i","cat":284336},{"id":32817,"n":"Eau minérale Mont Blanc 6x1.5L","p":2.91,"u":"0,32 €/L","img":"https://fd13-photos.leclercdrive.fr/image.ashx?id=2401110&use=l&cat=p&typeid=i","cat":284535},{"id":32818,"n":"AOP Bordeaux rouge Blaissac BIB 3L","p":12.99,"u":"4,33 €/L","img":"https://fd13-photos.leclercdrive.fr/image.ashx?id=2101288&use=l&cat=p&typeid=i","cat":289560},{"id":32877,"n":"Tarte au fromage Côté Table 2x130g","p":2.71,"u":"10,42 €/KG","img":"https://fd13-photos.leclercdrive.fr/image.ashx?id=2201483&use=l&cat=p&typeid=i","cat":333680},{"id":32901,"n":"Escalopes de dinde Volandrie x2 - 240g","p":3.49,"u":"14,54 €/KG","img":"https://fd13-photos.leclercdrive.fr/image.ashx?id=2595924&use=l&cat=p&typeid=i","cat":284337},{"id":32902,"n":"Escalope de dinde Volandrie Extra fines x2 - 240g","p":3.49,"u":"14,54 €/KG","img":"https://fd13-photos.leclercdrive.fr/image.ashx?id=2595927&use=l&cat=p&typeid=i","cat":284337},{"id":32915,"n":"Oignons frits Colona 100g","p":1.35,"u":"13,50 €/KG","img":"https://fd13-photos.leclercdrive.fr/image.ashx?id=2687230&use=l&cat=p&typeid=i","cat":298297},{"id":32934,"n":"Bière blanche 1664 Blanc 5° - 12x25cl","p":9.42,"u":"3,14 €/L","img":"https://fd13-photos.leclercdrive.fr/image.ashx?id=2886696&use=l&cat=p&typeid=i","cat":334878},{"id":32949,"n":"Gel Douche Fa Cap tonique mixte flacon- 250ml","p":1.88,"u":"7,52 €/L","img":"https://fd13-photos.leclercdrive.fr/image.ashx?id=2995418&use=l&cat=p&typeid=i","cat":284594},{"id":32954,"n":"Bûche glacée Eskiss Poire Chocolat - 549g","p":4.05,"u":"7,38 €/KG","img":"https://fd13-photos.leclercdrive.fr/image.ashx?id=825743&use=l&cat=p&typeid=i","cat":284266},{"id":32969,"n":"Mousse à raser Carré Homme Menthol 250ml","p":1.39,"u":"5,56 €/L","img":"https://fd13-photos.leclercdrive.fr/image.ashx?id=1929319&use=l&cat=p&typeid=i","cat":284617},{"id":32971,"n":"Mousse à raser Carré Homme Protectrice 250ml","p":1.12,"u":"4,48 €/L","img":"https://fd13-photos.leclercdrive.fr/image.ashx?id=2158212&use=l&cat=p&typeid=i","cat":284617},{"id":32973,"n":"Eau micellaire Inell 500ml","p":2.36,"u":"4,72 €/L","img":"https://fd13-photos.leclercdrive.fr/image.ashx?id=1938870&use=l&cat=p&typeid=i","cat":284603},{"id":32982,"n":"Pâtes coquillettes Turini Les 3 min - 1kg","p":1.43,"u":"1,43 €/KG","img":"https://fd13-photos.leclercdrive.fr/image.ashx?id=2607530&use=l&cat=p&typeid=i","cat":284427},{"id":32985,"n":"Riz long Comptoir du Grain Cuisson rapide - 2kg","p":3.36,"u":"1,68 €/KG","img":"https://fd13-photos.leclercdrive.fr/image.ashx?id=2226197&use=l&cat=p&typeid=i","cat":284428},{"id":32986,"n":"Pâtes penne Turini Les 3 min - 500g","p":0.99,"u":"1,98 €/KG","img":"https://fd13-photos.leclercdrive.fr/image.ashx?id=2302178&use=l&cat=p&typeid=i","cat":284427},{"id":33017,"n":"Eau gazeuse  Badoit rouge fortement pétillante - 6x1l","p":3.64,"u":"0,61 €/L","img":"https://fd13-photos.leclercdrive.fr/image.ashx?id=2831783&use=l&cat=p&typeid=i","cat":284536},{"id":33036,"n":"Beurre allégé Les Croisés Doux - 60% MG - 250g","p":1.87,"u":"7,48 €/KG","img":"https://fd13-photos.leclercdrive.fr/image.ashx?id=2704669&use=l&cat=p&typeid=i","cat":284379},{"id":33046,"n":"Tuiles Tokapi Epicé - 170g","p":1.39,"u":"8,18 €/KG","img":"https://fd13-photos.leclercdrive.fr/image.ashx?id=2085242&use=l&cat=p&typeid=i","cat":287899},{"id":33063,"n":"Lait de toilette Mots d'Enfants Extra-doux - 750ml","p":3.69,"u":"4,92 €/L","img":"https://fd13-photos.leclercdrive.fr/image.ashx?id=2266495&use=l&cat=p&typeid=i","cat":284741},{"id":33097,"n":"Steak haché façon bouchère 560g Férial - 15%mg - X4","p":9.45,"u":"16,88 €/KG","img":"https://fd13-photos.leclercdrive.fr/image.ashx?id=1499686&use=l&cat=p&typeid=i","cat":319778},{"id":33098,"n":"Viande hachée Férial 15%mg - 400G","p":5.49,"u":"13,73 €/KG","img":"https://fd13-photos.leclercdrive.fr/image.ashx?id=1499813&use=l&cat=p&typeid=i","cat":319779},{"id":33150,"n":"Blanquette Weight Watchers Poulet 300g","p":3.31,"u":"11,03 €/KG","img":"https://fd13-photos.leclercdrive.fr/image.ashx?id=2880739&use=l&cat=p&typeid=i","cat":333665},{"id":33151,"n":"Préparation culinaire Soja Délisse - 5%mg - 3x20cl","p":1.89,"u":"3,15 €/L","img":"https://fd13-photos.leclercdrive.fr/image.ashx?id=2970741&use=l&cat=p&typeid=i","cat":316069},{"id":33197,"n":"Café moulu Plantation Colombie - 250g","p":3.87,"u":"15,48 €/KG","img":"https://fd13-photos.leclercdrive.fr/image.ashx?id=2824268&use=l&cat=p&typeid=i","cat":284750},{"id":33219,"n":"Truite fumée Ovive Aquitaine 4 tranches - 120g","p":5.82,"u":"48,50 €/KG","img":"https://fd13-photos.leclercdrive.fr/image.ashx?id=2996941&use=l&cat=p&typeid=i","cat":285188},{"id":33251,"n":"Déodorant Manava peux sensibles Anti-transpirant spray - 200ml","p":1.29,"u":"6,45 €/L","img":"https://fd13-photos.leclercdrive.fr/image.ashx?id=1979248&use=l&cat=p&typeid=i","cat":284595},{"id":33252,"n":"Mini feuilletés Côté Table Escargot x16 - 170g","p":5.49,"u":"32,29 €/KG","img":"https://fd13-photos.leclercdrive.fr/image.ashx?id=2600408&use=l&cat=p&typeid=i","cat":319774},{"id":33255,"n":"Pâtes farfalle Turini Les 3 min - 500g","p":1.07,"u":"2,14 €/KG","img":"https://fd13-photos.leclercdrive.fr/image.ashx?id=2669723&use=l&cat=p&typeid=i","cat":284427},{"id":33258,"n":"Sachet cuisson Rustica Poulet ail et oignon - 36g","p":0.59,"u":"16,39 €/KG","img":"https://fd13-photos.leclercdrive.fr/image.ashx?id=1886680&use=l&cat=p&typeid=i","cat":288380},{"id":33259,"n":"Sachet cuisson Rustica Poulet paprika et tomates - 34g","p":0.67,"u":"19,71 €/KG","img":"https://fd13-photos.leclercdrive.fr/image.ashx?id=2578632&use=l&cat=p&typeid=i","cat":288380},{"id":33262,"n":"Céréales Corn Flakes Kellogg's 500g","p":2.44,"u":"4,88 €/KG","img":"https://fd13-photos.leclercdrive.fr/image.ashx?id=2522005&use=l&cat=p&typeid=i","cat":309513},{"id":33266,"n":"Céréales Smacks Kellogg's 400g","p":2.41,"u":"6,03 €/KG","img":"https://fd13-photos.leclercdrive.fr/image.ashx?id=2584235&use=l&cat=p&typeid=i","cat":309513},{"id":33269,"n":"Pommes de terre Pom'lisse Grenaille - 450g","p":2.49,"u":"5,53 €/KG","img":"https://fd13-photos.leclercdrive.fr/image.ashx?id=1304165&use=l&cat=p&typeid=i","cat":319792},{"id":33274,"n":"Pâtes spaghetti Turini Les 3 min - 1kg","p":1.55,"u":"1,55 €/KG","img":"https://fd13-photos.leclercdrive.fr/image.ashx?id=2607533&use=l&cat=p&typeid=i","cat":284427},{"id":33297,"n":"Mini fondue Les Croisés Aux 3 fromages - 150g","p":2.25,"u":"15,00 €/KG","img":"https://fd13-photos.leclercdrive.fr/image.ashx?id=2969758&use=l&cat=p&typeid=i","cat":314037},{"id":33299,"n":"Sérum physiologique Mots d'Enfants 5ml x40","p":2.19,"u":"10,95 €/L","img":"https://fd13-photos.leclercdrive.fr/image.ashx?id=2044116&use=l&cat=p&typeid=i","cat":284741},{"id":33302,"n":"Pâtes cannelloni Turini 250g","p":0.99,"u":"3,96 €/KG","img":"https://fd13-photos.leclercdrive.fr/image.ashx?id=2980468&use=l&cat=p&typeid=i","cat":284427},{"id":33304,"n":"Soja cuisine Bio Village Fluide bio - 3x20cl","p":1.61,"u":"2,68 €/L","img":"https://fd13-photos.leclercdrive.fr/image.ashx?id=2493679&use=l&cat=p&typeid=i","cat":316069},{"id":33306,"n":"Sucre pure canne Bio Village En poudre bio - 500g","p":1.66,"u":"3,32 €/KG","img":"https://fd13-photos.leclercdrive.fr/image.ashx?id=2115878&use=l&cat=p&typeid=i","cat":284502},{"id":33309,"n":"Galettes de maïs Bio Village x19 - 130g","p":0.91,"u":"7,00 €/KG","img":"https://fd13-photos.leclercdrive.fr/image.ashx?id=1959490&use=l&cat=p&typeid=i","cat":318651},{"id":33335,"n":"Eau nettoyante Mots d'Enfants Hydratante - 750ml","p":3.15,"u":"4,20 €/L","img":"https://fd13-photos.leclercdrive.fr/image.ashx?id=3015075&use=l&cat=p&typeid=i","cat":284741},{"id":33336,"n":"Gel lavant bébé Mots d'Enfants Corps et cheveux - 750ml","p":3.15,"u":"4,20 €/L","img":"https://fd13-photos.leclercdrive.fr/image.ashx?id=3014224&use=l&cat=p&typeid=i","cat":284740},{"id":33399,"n":"Pâte d'amande 40% Vahiné Tricolore 150g","p":1.96,"u":"13,07 €/KG","img":"https://fd13-photos.leclercdrive.fr/image.ashx?id=2014370&use=l&cat=p&typeid=i","cat":284504},{"id":33503,"n":"Salade & Cie Sodebo Antibes Thon riz - 320g","p":3.18,"u":"9,94 €/KG","img":"https://fd13-photos.leclercdrive.fr/image.ashx?id=2799431&use=l&cat=p&typeid=i","cat":333657},{"id":33579,"n":"Fromage à tartiner Boursin Echalote ciboulette 10 portions","p":2.47,"u":"15,44 €/KG","img":"https://fd13-photos.leclercdrive.fr/image.ashx?id=2962056&use=l&cat=p&typeid=i","cat":314029},{"id":33594,"n":"Cacahuètes  Benenuts Grillées salées - 220g","p":1.31,"u":"5,95 €/KG","img":"https://fd13-photos.leclercdrive.fr/image.ashx?id=2418762&use=l&cat=p&typeid=i","cat":284448},{"id":33595,"n":"Monster Munch Salé - 85g","p":0.99,"u":"11,65 €/KG","img":"https://fd13-photos.leclercdrive.fr/image.ashx?id=2971598&use=l&cat=p&typeid=i","cat":284449},{"id":33596,"n":"Monster Munch Jambon fromage - 85g","p":1.04,"u":"12,24 €/KG","img":"https://fd13-photos.leclercdrive.fr/image.ashx?id=2971604&use=l&cat=p&typeid=i","cat":284449},{"id":33599,"n":"Monster Munch Barbecue - 85g","p":1.14,"u":"13,41 €/KG","img":"https://fd13-photos.leclercdrive.fr/image.ashx?id=2917459&use=l&cat=p&typeid=i","cat":284449},{"id":33600,"n":"Monster Munch Ketchup - 85g","p":1.07,"u":"12,59 €/KG","img":"https://fd13-photos.leclercdrive.fr/image.ashx?id=2996932&use=l&cat=p&typeid=i","cat":284449},{"id":33667,"n":"Crème de cassis Auguste Mugniot 15%vol. - 70cl","p":4.89,"u":"6,99 €/L","img":"https://fd13-photos.leclercdrive.fr/image.ashx?id=1211501&use=l&cat=p&typeid=i","cat":286032},{"id":33680,"n":"Croquettes grands chiens Lydog Boeuf Volaille - 14.5kg","p":18.7,"u":"1,29 €/KG","img":"https://fd13-photos.leclercdrive.fr/image.ashx?id=2054975&use=l&cat=p&typeid=i","cat":284672},{"id":33697,"n":"Cuisses de poulet Maître Coq 1.4kg","p":5.98,"u":"4,27 €/KG","img":"https://fd13-photos.leclercdrive.fr/image.ashx?id=2551126&use=l&cat=p&typeid=i","cat":284336},{"id":33698,"n":"Cuisse de poulet Maître Coq Jaune avec partie dos 1.4kg","p":5.9,"u":"4,21 €/KG","img":"https://fd13-photos.leclercdrive.fr/image.ashx?id=2551129&use=l&cat=p&typeid=i","cat":284336},{"id":33744,"n":"AOP Côtes du Rhône vin rouge Bernard Cordelier - 75cl","p":1.99,"u":"2,65 €/L","img":"https://fd13-photos.leclercdrive.fr/image.ashx?id=2744344&use=l&cat=p&typeid=i","cat":289556},{"id":33745,"n":"IGP Pays d'Oc rosé Cinsault  Syrah Ormes de Cambras - BIB 5L","p":15.85,"u":"3,17 €/L","img":"https://fd13-photos.leclercdrive.fr/image.ashx?id=2445118&use=l&cat=p&typeid=i","cat":289560},{"id":33749,"n":"IGP Terres du Midi Listel Vin rosé 12% vol - BIB 3L","p":13.0,"u":"4,33 €/L","img":"https://fd13-photos.leclercdrive.fr/image.ashx?id=2883468&use=l&cat=p&typeid=i","cat":289560},{"id":33751,"n":"Vin rouge Les Combelles Côtes du Rhône AOC - 75cl","p":4.14,"u":"5,52 €/L","img":"https://fd13-photos.leclercdrive.fr/image.ashx?id=2908975&use=l&cat=p&typeid=i","cat":289556},{"id":33756,"n":"Vin blanc Apremont  De Savoie - 75cl","p":5.45,"u":"7,27 €/L","img":"https://fd13-photos.leclercdrive.fr/image.ashx?id=660005&use=l&cat=p&typeid=i","cat":289557},{"id":33757,"n":"Vin blanc  Mâcon Villages - 75cl","p":7.25,"u":"9,67 €/L","img":"https://fd13-photos.leclercdrive.fr/image.ashx?id=1758376&use=l&cat=p&typeid=i","cat":289557},{"id":33792,"n":"Crème mains bio Bio NaÏa Hydratante - 100ml","p":1.99,"u":"19,90 €/L","img":"https://fd13-photos.leclercdrive.fr/image.ashx?id=2558811&use=l&cat=p&typeid=i","cat":325354},{"id":33801,"n":"Crème protectrice - change Mots d'Enfants - 100ml","p":1.99,"u":"19,90 €/L","img":"https://fd13-photos.leclercdrive.fr/image.ashx?id=720273&use=l&cat=p&typeid=i","cat":284741},{"id":33802,"n":"Lait Démaquillant bio Bio Naïa Visage 250ml","p":2.56,"u":"10,24 €/L","img":"https://fd13-photos.leclercdrive.fr/image.ashx?id=1654901&use=l&cat=p&typeid=i","cat":284603},{"id":33805,"n":"Lingettes désinfectantes Clair Anti-bactériennes x40","p":1.05,"u":"0,03 €/P","img":"https://fd13-photos.leclercdrive.fr/image.ashx?id=2768095&use=l&cat=p&typeid=i","cat":325358},{"id":33811,"n":"Pastis de Marseille 45%vol - 1L","p":16.35,"u":"16,35 €/L","img":"https://fd13-photos.leclercdrive.fr/image.ashx?id=2637817&use=l&cat=p&typeid=i","cat":284548},{"id":33819,"n":"Friandises chien Pedigree  Rodeo bœuf x4 - 70g","p":0.77,"u":"11,00 €/KG","img":"https://fd13-photos.leclercdrive.fr/image.ashx?id=2997202&use=l&cat=p&typeid=i","cat":294527},{"id":33820,"n":"Friandises chat Catisfactions Saumon - 60g","p":1.14,"u":"19,00 €/KG","img":"https://fd13-photos.leclercdrive.fr/image.ashx?id=2912605&use=l&cat=p&typeid=i","cat":285285},{"id":33822,"n":"Pina Colada Jafaden  Cocktail sans alcool 1L","p":2.6,"u":"2,60 €/L","img":"https://fd13-photos.leclercdrive.fr/image.ashx?id=2956104&use=l&cat=p&typeid=i","cat":284549},{"id":33824,"n":"Pur jus multifruits Jafaden  Orange Carotte Banane - 1L","p":2.29,"u":"2,29 €/L","img":"https://fd13-photos.leclercdrive.fr/image.ashx?id=2841157&use=l&cat=p&typeid=i","cat":284917},{"id":33847,"n":"Pur jus multifruits Jafaden Orange Ananas Mangue - 1L","p":2.29,"u":"2,29 €/L","img":"https://fd13-photos.leclercdrive.fr/image.ashx?id=2841160&use=l&cat=p&typeid=i","cat":284917},{"id":33849,"n":"Shampooing bio Bio naïa 250ml","p":1.8,"u":"7,20 €/L","img":"https://fd13-photos.leclercdrive.fr/image.ashx?id=1961446&use=l&cat=p&typeid=i","cat":284606},{"id":33850,"n":"Eponges multi-usage Mamison Vertes - X6","p":1.75,"u":"0,29 €/P","img":"https://fd13-photos.leclercdrive.fr/image.ashx?id=2175768&use=l&cat=p&typeid=i","cat":284667},{"id":33882,"n":"Farfalle Bio Village Bio Au blé complet - 500g","p":1.95,"u":"3,90 €/KG","img":"https://fd13-photos.leclercdrive.fr/image.ashx?id=2625373&use=l&cat=p&typeid=i","cat":284427},{"id":33885,"n":"Olives noires  Rustica Dénoyautées - 180g","p":1.23,"u":"6,83 €/KG","img":"https://fd13-photos.leclercdrive.fr/image.ashx?id=1698893&use=l&cat=p&typeid=i","cat":284458},{"id":33887,"n":"Pains grillés complet Epi d'or 400g","p":1.57,"u":"3,93 €/KG","img":"https://fd13-photos.leclercdrive.fr/image.ashx?id=2982610&use=l&cat=p&typeid=i","cat":284479},{"id":33889,"n":"Pain précuit Epi d'or Petits pains x6 - 300g","p":0.99,"u":"3,30 €/KG","img":"https://fd13-photos.leclercdrive.fr/image.ashx?id=1905869&use=l&cat=p&typeid=i","cat":325069},{"id":33891,"n":"Paëlla royale Côté Table 300g","p":3.39,"u":"11,30 €/KG","img":"https://fd13-photos.leclercdrive.fr/image.ashx?id=2266492&use=l&cat=p&typeid=i","cat":284953},{"id":33892,"n":"Poule au riz Côté table 300g","p":2.31,"u":"7,70 €/KG","img":"https://fd13-photos.leclercdrive.fr/image.ashx?id=2342731&use=l&cat=p&typeid=i","cat":284953},{"id":33893,"n":"Penne Bio Village  Bio - 500g","p":0.89,"u":"1,78 €/KG","img":"https://fd13-photos.leclercdrive.fr/image.ashx?id=2625370&use=l&cat=p&typeid=i","cat":284427},{"id":33910,"n":"Biscuit Petit beurre P'tit Déli Chocolat noir pocket - 250g","p":2.39,"u":"9,56 €/KG","img":"https://fd13-photos.leclercdrive.fr/image.ashx?id=750629&use=l&cat=p&typeid=i","cat":284488},{"id":33914,"n":"Tartines craquante  Sans Gluten - 2x125g","p":2.59,"u":"10,36 €/KG","img":"https://fd13-photos.leclercdrive.fr/image.ashx?id=2116131&use=l&cat=p&typeid=i","cat":318654},{"id":33915,"n":"Veau aux légumes Côté table Barquette 280g","p":2.29,"u":"8,18 €/KG","img":"https://fd13-photos.leclercdrive.fr/image.ashx?id=2476152&use=l&cat=p&typeid=i","cat":284953},{"id":33918,"n":"Pâtes torsettes Turini Blé complet - 500g","p":0.99,"u":"1,98 €/KG","img":"https://fd13-photos.leclercdrive.fr/image.ashx?id=2607527&use=l&cat=p&typeid=i","cat":284427},{"id":33919,"n":"Son de blé Bio Village Sachet Bio - 250g","p":0.99,"u":"3,96 €/KG","img":"https://fd13-photos.leclercdrive.fr/image.ashx?id=2798383&use=l&cat=p&typeid=i","cat":309512},{"id":33923,"n":"Filets d'Anchois Pêche Océan Marinés Nature - 100g","p":1.99,"u":"19,90 €/KG","img":"https://fd13-photos.leclercdrive.fr/image.ashx?id=2992513&use=l&cat=p&typeid=i","cat":285190},{"id":33925,"n":"Hachés au thon Pêche Océan Albacore à la tomate - 200g","p":2.7,"u":"13,50 €/KG","img":"https://fd13-photos.leclercdrive.fr/image.ashx?id=2953629&use=l&cat=p&typeid=i","cat":284344},{"id":33982,"n":"Soupe de poisson NRT à la Sétoise - 780g","p":3.99,"u":"5,12 €/KG","img":"https://fd13-photos.leclercdrive.fr/image.ashx?id=2834335&use=l&cat=p&typeid=i","cat":285192},{"id":33992,"n":"Soda Coca-Cola Zéro Cherry  Bouteille - 1,25L","p":1.66,"u":"1,33 €/L","img":"https://fd13-photos.leclercdrive.fr/image.ashx?id=2678158&use=l&cat=p&typeid=i","cat":284530},{"id":34043,"n":"Pavé campagne   350g","p":1.15,"u":"3,29 €/KG","img":"https://fd13-photos.leclercdrive.fr/image.ashx?id=2972276&use=l&cat=p&typeid=i","cat":284359},{"id":34106,"n":"Dosettes café Plantation  Classique - x36 - 250g","p":3.72,"u":"14,88 €/KG","img":"https://fd13-photos.leclercdrive.fr/image.ashx?id=2181473&use=l&cat=p&typeid=i","cat":293238},{"id":34107,"n":"Dosettes café Plantation  Corsé - x36 - 250g","p":3.72,"u":"14,88 €/KG","img":"https://fd13-photos.leclercdrive.fr/image.ashx?id=2622112&use=l&cat=p&typeid=i","cat":293238},{"id":34121,"n":"Vodka Sobieski 37.5° - 50cl","p":8.88,"u":"17,76 €/L","img":"https://fd13-photos.leclercdrive.fr/image.ashx?id=2977723&use=l&cat=p&typeid=i","cat":284550},{"id":34175,"n":"Bouillon de boeuf Jardin Bio' Bio cube sans huile palme - x8","p":2.17,"u":"27,13 €/KG","img":"https://fd13-photos.leclercdrive.fr/image.ashx?id=2535532&use=l&cat=p&typeid=i","cat":288379},{"id":34176,"n":"Bouillon de légumes Jardin Bio' Bio cube sans huile palme x10","p":2.09,"u":"23,22 €/KG","img":"https://fd13-photos.leclercdrive.fr/image.ashx?id=2990844&use=l&cat=p&typeid=i","cat":288379},{"id":34177,"n":"Effilés aux legumes Purina One Poulet / Boeufs - 4x85g","p":2.14,"u":"6,29 €/KG","img":"https://fd13-photos.leclercdrive.fr/image.ashx?id=2467483&use=l&cat=p&typeid=i","cat":285286},{"id":34178,"n":"Sachet repas chats Purina One Viandes et Poissons - 4x85g","p":2.14,"u":"6,29 €/KG","img":"https://fd13-photos.leclercdrive.fr/image.ashx?id=2467486&use=l&cat=p&typeid=i","cat":285286},{"id":34185,"n":"Filets poulet jaune Maitre coq 600g","p":6.36,"u":"10,60 €/KG","img":"https://fd13-photos.leclercdrive.fr/image.ashx?id=2551159&use=l&cat=p&typeid=i","cat":284336},{"id":34186,"n":"Aiguillettes poulet Maitre coq Blanc - 450g","p":6.58,"u":"14,62 €/KG","img":"https://fd13-photos.leclercdrive.fr/image.ashx?id=2551162&use=l&cat=p&typeid=i","cat":284336},{"id":34188,"n":"Poulet Label Rouge Blanc  IGP Volailles du Maine 1,25kg","p":10.5,"u":"8,40 €/KG","img":"https://fd13-photos.leclercdrive.fr/image.ashx?id=2411746&use=l&cat=p&typeid=i","cat":284336},{"id":34189,"n":"Poulet Label Rouge Jaune  IGP Volailles du Maine  1,25kg","p":10.9,"u":"8,72 €/KG","img":"https://fd13-photos.leclercdrive.fr/image.ashx?id=2411749&use=l&cat=p&typeid=i","cat":284336},{"id":34196,"n":"Gratin Fleury Michon Choux-fleur jambon 280g","p":3.18,"u":"11,36 €/KG","img":"https://fd13-photos.leclercdrive.fr/image.ashx?id=3003293&use=l&cat=p&typeid=i","cat":333665},{"id":34204,"n":"Lait corps bio Bio naïa 250ml","p":3.53,"u":"14,12 €/L","img":"https://fd13-photos.leclercdrive.fr/image.ashx?id=1657043&use=l&cat=p&typeid=i","cat":325349},{"id":34241,"n":"Manchons de poulet Côté Croc Barbecue - 250g","p":2.49,"u":"9,96 €/KG","img":"https://fd13-photos.leclercdrive.fr/image.ashx?id=2560482&use=l&cat=p&typeid=i","cat":333685},{"id":34258,"n":"Bière blonde spéciale 5 Lager Canette - 5%vol. - 50cl","p":0.79,"u":"1,58 €/L","img":"https://fd13-photos.leclercdrive.fr/image.ashx?id=2954097&use=l&cat=p&typeid=i","cat":334853},{"id":34327,"n":"Dosettes café Plantation Noisette - x10 - 70g","p":1.82,"u":"26,00 €/KG","img":"https://fd13-photos.leclercdrive.fr/image.ashx?id=2664578&use=l&cat=p&typeid=i","cat":293238},{"id":34333,"n":"Boisson à base de vin rosé Very Framboise - 75cl","p":3.15,"u":"4,20 €/L","img":"https://fd13-photos.leclercdrive.fr/image.ashx?id=2446632&use=l&cat=p&typeid=i","cat":304569},{"id":34334,"n":"Boisson à base de vin blanc  Very Pech'- Pêche - 75cl","p":2.94,"u":"3,92 €/L","img":"https://fd13-photos.leclercdrive.fr/image.ashx?id=2443874&use=l&cat=p&typeid=i","cat":304569},{"id":34350,"n":"Shampooing sec Vitanove Cheveux normaux - 150ml","p":1.87,"u":"12,47 €/L","img":"https://fd13-photos.leclercdrive.fr/image.ashx?id=2669720&use=l&cat=p&typeid=i","cat":289143},{"id":34361,"n":"Préparation pain Tablier Blanc Farine pour pain nature - 1kg","p":1.35,"u":"1,35 €/KG","img":"https://fd13-photos.leclercdrive.fr/image.ashx?id=2832951&use=l&cat=p&typeid=i","cat":284503},{"id":34406,"n":"Dosettes café Plantation  Décaféiné - x36 - 250g","p":3.99,"u":"15,96 €/KG","img":"https://fd13-photos.leclercdrive.fr/image.ashx?id=2824274&use=l&cat=p&typeid=i","cat":293238},{"id":34500,"n":"Dosettes café Plantation  Classique - x48 - 336g","p":4.95,"u":"14,73 €/KG","img":"https://fd13-photos.leclercdrive.fr/image.ashx?id=2198588&use=l&cat=p&typeid=i","cat":293238},{"id":34658,"n":"Dosettes Bio Village Amerique Latine Bio - x18 - 125g","p":2.99,"u":"23,92 €/KG","img":"https://fd13-photos.leclercdrive.fr/image.ashx?id=2198594&use=l&cat=p&typeid=i","cat":293238},{"id":34659,"n":"Mini chinois Epi d'Or Nature x6 - 300g","p":1.8,"u":"6,00 €/KG","img":"https://fd13-photos.leclercdrive.fr/image.ashx?id=2860739&use=l&cat=p&typeid=i","cat":296366},{"id":34671,"n":"Echalote traditionnelle filière Panier du Primeur Filet 250g","p":0.99,"u":"3,96 €/KG","img":"https://fd13-photos.leclercdrive.fr/image.ashx?id=2965500&use=l&cat=p&typeid=i","cat":284352},{"id":34672,"n":"Ail blanc Panier du Primeur A mijoter et à confire x3","p":2.99,"u":"1,00 €/P","img":"https://fd13-photos.leclercdrive.fr/image.ashx?id=2958720&use=l&cat=p&typeid=i","cat":284352},{"id":34693,"n":"Briochettes pépites Epi d'Or Chocolat au lait x12 - 500g","p":2.44,"u":"4,88 €/KG","img":"https://fd13-photos.leclercdrive.fr/image.ashx?id=2867913&use=l&cat=p&typeid=i","cat":293505},{"id":34694,"n":"Briochettes pépites Epi d'Or Chocolat - x12 500g","p":2.79,"u":"5,58 €/KG","img":"https://fd13-photos.leclercdrive.fr/image.ashx?id=2867910&use=l&cat=p&typeid=i","cat":293505},{"id":34718,"n":"Épinards à cuire Panier Primeur 400g","p":1.99,"u":"4,98 €/KG","img":"https://fd13-photos.leclercdrive.fr/image.ashx?id=2635538&use=l&cat=p&typeid=i","cat":284353},{"id":34763,"n":"Huile Cheveux Elsève Sublimateur Cheveu sec - 100ml","p":10.91,"u":"109,10 €/L","img":"https://fd13-photos.leclercdrive.fr/image.ashx?id=2870671&use=l&cat=p&typeid=i","cat":284608},{"id":34813,"n":"Thé Britley Citron - x25 - 40g","p":0.88,"u":"22,00 €/KG","img":"https://fd13-photos.leclercdrive.fr/image.ashx?id=2897784&use=l&cat=p&typeid=i","cat":293233},{"id":34839,"n":"Salade Pierre Martinet Lentilles et oignons - 300g","p":1.78,"u":"5,93 €/KG","img":"https://fd13-photos.leclercdrive.fr/image.ashx?id=2683034&use=l&cat=p&typeid=i","cat":333657},{"id":34841,"n":"Rillettes Tradilège poulet rôti 220g","p":1.79,"u":"8,14 €/KG","img":"https://fd13-photos.leclercdrive.fr/image.ashx?id=2930924&use=l&cat=p&typeid=i","cat":316008},{"id":34845,"n":"IGP Vinaigre balsamique Maille 50cl","p":3.32,"u":"6,64 €/L","img":"https://fd13-photos.leclercdrive.fr/image.ashx?id=2866178&use=l&cat=p&typeid=i","cat":298543},{"id":34908,"n":"Fromage frais Petit Yoplait Nature 3.8%MG - 6x60g","p":1.37,"u":"3,81 €/KG","img":"https://fd13-photos.leclercdrive.fr/image.ashx?id=2811026&use=l&cat=p&typeid=i","cat":284409},{"id":34919,"n":"Fromage frais Petit Yoplait Nature 0%MG - 12x60g","p":2.25,"u":"3,13 €/KG","img":"https://fd13-photos.leclercdrive.fr/image.ashx?id=2811023&use=l&cat=p&typeid=i","cat":315000},{"id":34928,"n":"Bière blonde Falsbourg 4.2%vol. - 10x25cl","p":4.59,"u":"1,84 €/L","img":"https://fd13-photos.leclercdrive.fr/image.ashx?id=2637907&use=l&cat=p&typeid=i","cat":334873},{"id":34952,"n":"Ratatouille à la Provençale NRT 650g","p":3.3,"u":"5,08 €/KG","img":"https://fd13-photos.leclercdrive.fr/image.ashx?id=2771390&use=l&cat=p&typeid=i","cat":312612},{"id":34957,"n":"Vin mousseux Paul Bur Brut 75cl","p":3.08,"u":"4,11 €/L","img":"https://fd13-photos.leclercdrive.fr/image.ashx?id=2101450&use=l&cat=p&typeid=i","cat":284544},{"id":34971,"n":"Bière ambrée Kwak 33cl","p":2.08,"u":"6,30 €/L","img":"https://fd13-photos.leclercdrive.fr/image.ashx?id=1881584&use=l&cat=p&typeid=i","cat":334872},{"id":34973,"n":"Bière Trois Monts Grande réserve 9.5%vol. - 75cl","p":2.89,"u":"3,85 €/L","img":"https://fd13-photos.leclercdrive.fr/image.ashx?id=2548376&use=l&cat=p&typeid=i","cat":334852},{"id":34982,"n":"Bûche chèvre Soignon 200g","p":2.23,"u":"11,15 €/KG","img":"https://fd13-photos.leclercdrive.fr/image.ashx?id=2995325&use=l&cat=p&typeid=i","cat":314031},{"id":34999,"n":"Nuggets Croustillant Père Dodu  Poulet x10 - 200g","p":2.36,"u":"11,80 €/KG","img":"https://fd13-photos.leclercdrive.fr/image.ashx?id=2956975&use=l&cat=p&typeid=i","cat":333684},{"id":35008,"n":"Céréales Special K Kellogg's Nature - 750g","p":4.23,"u":"5,64 €/KG","img":"https://fd13-photos.leclercdrive.fr/image.ashx?id=2586288&use=l&cat=p&typeid=i","cat":309512},{"id":35010,"n":"Mélange safran Ducros 14 doses -  8.4g","p":3.15,"u":"393,75 €/KG","img":"https://fd13-photos.leclercdrive.fr/image.ashx?id=2486590&use=l&cat=p&typeid=i","cat":298297},{"id":35018,"n":"Bouillon de poule Jardin Bio' Bio cube sans huile palme - x8","p":1.83,"u":"22,88 €/KG","img":"https://fd13-photos.leclercdrive.fr/image.ashx?id=2535004&use=l&cat=p&typeid=i","cat":288379},{"id":35026,"n":"Concentré de tomate Jardin Bio Bio Double concentré - 200g","p":1.69,"u":"8,45 €/KG","img":"https://fd13-photos.leclercdrive.fr/image.ashx?id=2535469&use=l&cat=p&typeid=i","cat":288384},{"id":35027,"n":"Dessert fruitier bio Jardin Bio Pomme poire 680g","p":2.68,"u":"3,94 €/KG","img":"https://fd13-photos.leclercdrive.fr/image.ashx?id=2939877&use=l&cat=p&typeid=i","cat":284508},{"id":35031,"n":"Batonnets Fritelle Lay's Goût nature - 80g","p":0.76,"u":"9,50 €/KG","img":"https://fd13-photos.leclercdrive.fr/image.ashx?id=2140635&use=l&cat=p&typeid=i","cat":284449},{"id":35034,"n":"Eau minérale gazeuse Perrier  Canettes - 6x33cl","p":2.79,"u":"1,41 €/L","img":"https://fd13-photos.leclercdrive.fr/image.ashx?id=2672554&use=l&cat=p&typeid=i","cat":284536},{"id":35039,"n":"Dosettes café Plantation Corsé - x48 - 336g","p":4.95,"u":"14,73 €/KG","img":"https://fd13-photos.leclercdrive.fr/image.ashx?id=2622115&use=l&cat=p&typeid=i","cat":293238},{"id":35047,"n":"Vodka Novotna Pure grain - 37.5%vol - 50cl","p":8.67,"u":"17,34 €/L","img":"https://fd13-photos.leclercdrive.fr/image.ashx?id=1654468&use=l&cat=p&typeid=i","cat":284550},{"id":35049,"n":"Scotch Whisky Baird's 40%vol - 50cl","p":9.51,"u":"19,02 €/L","img":"https://fd13-photos.leclercdrive.fr/image.ashx?id=2913687&use=l&cat=p&typeid=i","cat":284547},{"id":35117,"n":"Riste d'aubergines provençale NRT - 650g","p":3.99,"u":"6,14 €/KG","img":"https://fd13-photos.leclercdrive.fr/image.ashx?id=2771387&use=l&cat=p&typeid=i","cat":284441},{"id":35138,"n":"Yaourt SMARTIES Vanille bonbons chocolat 4x120g","p":2.45,"u":"5,10 €/KG","img":"https://fd13-photos.leclercdrive.fr/image.ashx?id=2571038&use=l&cat=p&typeid=i","cat":284414},{"id":35146,"n":"Fromages râpé spécial Pizza  Les Croisés - 125g","p":1.62,"u":"12,96 €/KG","img":"https://fd13-photos.leclercdrive.fr/image.ashx?id=1984682&use=l&cat=p&typeid=i","cat":314035},{"id":35147,"n":"Fromage Cheddar Burger Les Croisés 20 Tranches - 340g","p":1.99,"u":"5,85 €/KG","img":"https://fd13-photos.leclercdrive.fr/image.ashx?id=2064825&use=l&cat=p&typeid=i","cat":314028},{"id":35148,"n":"Fromage Emmental Croque Les Croisés 20 Tranches - 340g","p":2.01,"u":"5,91 €/KG","img":"https://fd13-photos.leclercdrive.fr/image.ashx?id=1085546&use=l&cat=p&typeid=i","cat":314028},{"id":35155,"n":"Tablette de chocolat noir Lindt Fleur de sel - 100g","p":2.25,"u":"22,50 €/KG","img":"https://fd13-photos.leclercdrive.fr/image.ashx?id=2681595&use=l&cat=p&typeid=i","cat":284956},{"id":35159,"n":"Croco Haribo Sachet bonbons - 280g","p":1.27,"u":"4,54 €/KG","img":"https://fd13-photos.leclercdrive.fr/image.ashx?id=2446467&use=l&cat=p&typeid=i","cat":304250},{"id":35160,"n":"Croissants Pasquier x16 - 640g","p":3.75,"u":"5,86 €/KG","img":"https://fd13-photos.leclercdrive.fr/image.ashx?id=2853056&use=l&cat=p&typeid=i","cat":296366},{"id":35173,"n":"Joker Le Fruit Jus multifruits  1,5L","p":2.54,"u":"1,69 €/L","img":"https://fd13-photos.leclercdrive.fr/image.ashx?id=2785727&use=l&cat=p&typeid=i","cat":284917},{"id":35182,"n":"Boisson énergisante Monster Original - 50cl","p":1.35,"u":"2,70 €/L","img":"https://fd13-photos.leclercdrive.fr/image.ashx?id=2510163&use=l&cat=p&typeid=i","cat":284533},{"id":35183,"n":"Boisson énergisante Monster Original Canette - 4x50cl","p":5.36,"u":"2,68 €/L","img":"https://fd13-photos.leclercdrive.fr/image.ashx?id=2210242&use=l&cat=p&typeid=i","cat":284533},{"id":35185,"n":"Eau aromatisée Volvic Juicy Citronnade - 1,5L","p":1.4,"u":"0,93 €/L","img":"https://fd13-photos.leclercdrive.fr/image.ashx?id=3011008&use=l&cat=p&typeid=i","cat":284537},{"id":35225,"n":"Rillettes Hénaff Pur porc - 3x78g","p":3.85,"u":"16,45 €/KG","img":"https://fd13-photos.leclercdrive.fr/image.ashx?id=2660856&use=l&cat=p&typeid=i","cat":305149},{"id":35262,"n":"yaourt aux fruits bifidus activia 0%mg - 12x125g","p":4.75,"u":"3,17 €/KG","img":"https://fd13-photos.leclercdrive.fr/image.ashx?id=2741697&use=l&cat=p&typeid=i","cat":315000},{"id":35274,"n":"Cervelas Supérieur Herta 200g","p":1.66,"u":"8,30 €/KG","img":"https://fd13-photos.leclercdrive.fr/image.ashx?id=2310281&use=l&cat=p&typeid=i","cat":316012},{"id":35300,"n":"Jambon supérieur Tradilège À l'étouffée 6 tranches - 240g","p":2.92,"u":"12,17 €/KG","img":"https://fd13-photos.leclercdrive.fr/image.ashx?id=2991521&use=l&cat=p&typeid=i","cat":316009},{"id":35308,"n":"Beurre Tendre Elle&Vire Demi-Sel - 80% MG - 250g","p":2.84,"u":"11,36 €/KG","img":"https://fd13-photos.leclercdrive.fr/image.ashx?id=2604773&use=l&cat=p&typeid=i","cat":284379},{"id":35309,"n":"Beurre Tendre Elle&Vire Doux - 82% MG - 250g","p":2.84,"u":"11,36 €/KG","img":"https://fd13-photos.leclercdrive.fr/image.ashx?id=2765629&use=l&cat=p&typeid=i","cat":284379},{"id":35450,"n":"Recharge Savon Mains Dettol Aloe Vera Hydratant 250ml","p":3.15,"u":"12,60 €/L","img":"https://fd13-photos.leclercdrive.fr/image.ashx?id=2879134&use=l&cat=p&typeid=i","cat":284597},{"id":35498,"n":"Rasoir jetable Wilkinson Extra 2 Précision - x12","p":4.2,"u":"0,35 €/P","img":"https://fd13-photos.leclercdrive.fr/image.ashx?id=2424638&use=l&cat=p&typeid=i","cat":284616},{"id":35503,"n":"Gel à raser Williams Peaux sensibles 200ml","p":2.47,"u":"12,35 €/L","img":"https://fd13-photos.leclercdrive.fr/image.ashx?id=1966625&use=l&cat=p&typeid=i","cat":284617},{"id":35646,"n":"Bière blonde Falsbourg Canette - 4.2%vol. - 50cl","p":0.69,"u":"1,38 €/L","img":"https://fd13-photos.leclercdrive.fr/image.ashx?id=2637904&use=l&cat=p&typeid=i","cat":334853},{"id":35647,"n":"Bière blonde Falsbourg Canette - 4.2%vol. - 6x33cl","p":2.69,"u":"1,36 €/L","img":"https://fd13-photos.leclercdrive.fr/image.ashx?id=2637913&use=l&cat=p&typeid=i","cat":334853},{"id":35716,"n":"Gourdes Goûters lactés Délisse Vanille - 4x85g","p":1.81,"u":"5,32 €/KG","img":"https://fd13-photos.leclercdrive.fr/image.ashx?id=2681427&use=l&cat=p&typeid=i","cat":284506},{"id":35720,"n":"Barquette chat Sheba Poissons en terrine - 12x85g","p":6.43,"u":"6,30 €/KG","img":"https://fd13-photos.leclercdrive.fr/image.ashx?id=2759637&use=l&cat=p&typeid=i","cat":285286},{"id":35722,"n":"Cocktail Mojito Saint James 14.9%vol - 70cl","p":7.4,"u":"10,57 €/L","img":"https://fd13-photos.leclercdrive.fr/image.ashx?id=2983174&use=l&cat=p&typeid=i","cat":284551},{"id":35728,"n":"Spécialité au soja Nat & Vie Framboise-passion 4x100g","p":1.42,"u":"3,55 €/KG","img":"https://fd13-photos.leclercdrive.fr/image.ashx?id=2852091&use=l&cat=p&typeid=i","cat":316071},{"id":35729,"n":"Tiramisu Délisse Au café - 4x80g","p":2.49,"u":"7,78 €/KG","img":"https://fd13-photos.leclercdrive.fr/image.ashx?id=2694103&use=l&cat=p&typeid=i","cat":284419},{"id":35730,"n":"Crème dessert Délisse Vanille Billes 3 chocolats 4x117g","p":2.15,"u":"4,59 €/KG","img":"https://fd13-photos.leclercdrive.fr/image.ashx?id=2965503&use=l&cat=p&typeid=i","cat":285041},{"id":35731,"n":"Crème dessert Chocolat Délisse Mix'n croc color 4x120g","p":2.09,"u":"4,35 €/KG","img":"https://fd13-photos.leclercdrive.fr/image.ashx?id=2965506&use=l&cat=p&typeid=i","cat":285041},{"id":35735,"n":"Bière blanche Hilbörg Canette - 4.5%vol. - 50cl","p":0.99,"u":"1,98 €/L","img":"https://fd13-photos.leclercdrive.fr/image.ashx?id=2913693&use=l&cat=p&typeid=i","cat":334853},{"id":35760,"n":"Céréales Miel Pops Kellogg's 620g","p":3.41,"u":"5,50 €/KG","img":"https://fd13-photos.leclercdrive.fr/image.ashx?id=2596952&use=l&cat=p&typeid=i","cat":309513},{"id":35761,"n":"Céréales Frosties Kellogg's 620g","p":3.4,"u":"5,48 €/KG","img":"https://fd13-photos.leclercdrive.fr/image.ashx?id=2589768&use=l&cat=p&typeid=i","cat":309513},{"id":35788,"n":"Café Soluble Nescafé 200g","p":5.73,"u":"28,65 €/KG","img":"https://fd13-photos.leclercdrive.fr/image.ashx?id=2810627&use=l&cat=p&typeid=i","cat":284843},{"id":35791,"n":"Flammekueche d'Alsace NRT 600g","p":4.35,"u":"7,25 €/KG","img":"https://fd13-photos.leclercdrive.fr/image.ashx?id=2743894&use=l&cat=p&typeid=i","cat":333680},{"id":35815,"n":"Matière grasse St Hubert  Omega 3 - 52% MG - 255g","p":2.09,"u":"8,20 €/KG","img":"https://fd13-photos.leclercdrive.fr/image.ashx?id=2734093&use=l&cat=p&typeid=i","cat":315229},{"id":35824,"n":"Fromage à tartiner Les Croisés Allégé Nature - 150g","p":1.24,"u":"8,27 €/KG","img":"https://fd13-photos.leclercdrive.fr/image.ashx?id=1676064&use=l&cat=p&typeid=i","cat":314029},{"id":35825,"n":"Fromage Pavé d'Affinois Original - 200g","p":2.5,"u":"12,50 €/KG","img":"https://fd13-photos.leclercdrive.fr/image.ashx?id=3002078&use=l&cat=p&typeid=i","cat":314033},{"id":35830,"n":"Yaourt La Laitière   Fruits panachés - 8x125g","p":3.79,"u":"3,79 €/KG","img":"https://fd13-photos.leclercdrive.fr/image.ashx?id=2744590&use=l&cat=p&typeid=i","cat":286006},{"id":35833,"n":"Yaourt La Laitière Citron - 4x125g","p":1.94,"u":"3,88 €/KG","img":"https://fd13-photos.leclercdrive.fr/image.ashx?id=2904065&use=l&cat=p&typeid=i","cat":286006},{"id":35846,"n":"Yaourt à boire Délisse Vanille - 850g","p":1.49,"u":"1,75 €/KG","img":"https://fd13-photos.leclercdrive.fr/image.ashx?id=2775890&use=l&cat=p&typeid=i","cat":284415},{"id":35847,"n":"Yaourt à boire Délisse Framboise - 850g","p":1.35,"u":"1,59 €/KG","img":"https://fd13-photos.leclercdrive.fr/image.ashx?id=2777797&use=l&cat=p&typeid=i","cat":284415},{"id":35906,"n":"Gourdes Goûters lactés Délisse Chocolat - 4x85g","p":1.75,"u":"5,15 €/KG","img":"https://fd13-photos.leclercdrive.fr/image.ashx?id=2681424&use=l&cat=p&typeid=i","cat":284506},{"id":35907,"n":"Cassoulet mitonné   William Saurin - 840g","p":2.95,"u":"3,51 €/KG","img":"https://fd13-photos.leclercdrive.fr/image.ashx?id=2890148&use=l&cat=p&typeid=i","cat":284440},{"id":35917,"n":"Bière blonde Forte Extra Strong Canette - 8.4%vol. - 50cl","p":1.15,"u":"2,30 €/L","img":"https://fd13-photos.leclercdrive.fr/image.ashx?id=2927998&use=l&cat=p&typeid=i","cat":334853},{"id":35918,"n":"Jus de pomme Jafaden A base de concentré - 6x20cl","p":1.32,"u":"1,10 €/L","img":"https://fd13-photos.leclercdrive.fr/image.ashx?id=2366881&use=l&cat=p&typeid=i","cat":284524},{"id":35921,"n":"Pur jus de pomme Jafaden 1,5L","p":1.48,"u":"0,99 €/L","img":"https://fd13-photos.leclercdrive.fr/image.ashx?id=1936641&use=l&cat=p&typeid=i","cat":284522},{"id":35922,"n":"Bière blonde Forte Extra Strong Canette - 10%vol - 50cl","p":1.19,"u":"2,38 €/L","img":"https://fd13-photos.leclercdrive.fr/image.ashx?id=2928004&use=l&cat=p&typeid=i","cat":334853},{"id":35924,"n":"Cocktail Punch planteur Lagoa 15%vol - 70cl","p":4.29,"u":"6,13 €/L","img":"https://fd13-photos.leclercdrive.fr/image.ashx?id=2958338&use=l&cat=p&typeid=i","cat":284551},{"id":35927,"n":"Cocktail Mojito Lagoa 15%vol - 70cl","p":4.99,"u":"7,13 €/L","img":"https://fd13-photos.leclercdrive.fr/image.ashx?id=2958341&use=l&cat=p&typeid=i","cat":284551},{"id":35955,"n":"Magret de canard Périgord Nos Régions ont du Talent 410g","p":8.99,"u":"21,93 €/KG","img":"https://fd13-photos.leclercdrive.fr/image.ashx?id=2867925&use=l&cat=p&typeid=i","cat":284339},{"id":35972,"n":"Stylo Roller frixion ball Pilot Effaçable bleu x1","p":2.62,"img":"https://fd13-photos.leclercdrive.fr/image.ashx?id=2969064&use=l&cat=p&typeid=i","cat":284696},{"id":35979,"n":"Gaufrettes amusantes Nord NRT 175g","p":2.45,"u":"14,00 €/KG","img":"https://fd13-photos.leclercdrive.fr/image.ashx?id=724000&use=l&cat=p&typeid=i","cat":284487},{"id":35995,"n":"Lait de toilette Mots d'Enfants Bio - 250ml","p":2.35,"u":"9,40 €/L","img":"https://fd13-photos.leclercdrive.fr/image.ashx?id=2485080&use=l&cat=p&typeid=i","cat":284741},{"id":36009,"n":"Bâtonnets Trium Vanille Amandes x4 - 314g","p":2.05,"u":"6,53 €/KG","img":"https://fd13-photos.leclercdrive.fr/image.ashx?id=2051813&use=l&cat=p&typeid=i","cat":284265},{"id":36010,"n":"Bâtonnets Trium Vanille chocolat blanc x4 -308g","p":2.59,"u":"8,41 €/KG","img":"https://fd13-photos.leclercdrive.fr/image.ashx?id=1914951&use=l&cat=p&typeid=i","cat":284265},{"id":36037,"n":"Crème UHT Elle&Vire Fluide Entière - 30% MG - 3x20cl","p":3.1,"u":"5,17 €/L","img":"https://fd13-photos.leclercdrive.fr/image.ashx?id=3008551&use=l&cat=p&typeid=i","cat":284381},{"id":36039,"n":"Crème légère fluide UHT Délisse 12%mg - 3x20cl","p":1.84,"u":"3,07 €/L","img":"https://fd13-photos.leclercdrive.fr/image.ashx?id=1725031&use=l&cat=p&typeid=i","cat":284381},{"id":36040,"n":"Spécialité laitière UHT Délisse Semi-épaisse 4%mg - 3x20cl","p":2.21,"u":"3,68 €/L","img":"https://fd13-photos.leclercdrive.fr/image.ashx?id=1759885&use=l&cat=p&typeid=i","cat":284381},{"id":36041,"n":"Crème semi-épaisse entière UHT Délisse 30%mg - 3x20cl","p":3.5,"u":"5,83 €/L","img":"https://fd13-photos.leclercdrive.fr/image.ashx?id=2494099&use=l&cat=p&typeid=i","cat":284381},{"id":36124,"n":"Haricots blancs Notre Jardin - 500g","p":1.03,"u":"2,06 €/KG","img":"https://fd13-photos.leclercdrive.fr/image.ashx?id=2482942&use=l&cat=p&typeid=i","cat":312606},{"id":36125,"n":"Haricots blancs Notre Jardin 250g","p":0.85,"u":"3,40 €/KG","img":"https://fd13-photos.leclercdrive.fr/image.ashx?id=2448983&use=l&cat=p&typeid=i","cat":312606},{"id":36131,"n":"Classeur cahier Esquisse Transparent -Polypro- 21x29.7cm","p":1.89,"img":"https://fd13-photos.leclercdrive.fr/image.ashx?id=2727740&use=l&cat=p&typeid=i","cat":284745},{"id":36194,"n":"Dés de jambon Tradilège Maxi format 2x125g","p":2.47,"u":"9,88 €/KG","img":"https://fd13-photos.leclercdrive.fr/image.ashx?id=2970465&use=l&cat=p&typeid=i","cat":316011},{"id":36197,"n":"Truite fumée Landvika Mini tranches - 100g","p":2.71,"u":"27,10 €/KG","img":"https://fd13-photos.leclercdrive.fr/image.ashx?id=2159415&use=l&cat=p&typeid=i","cat":285188},{"id":36198,"n":"Lardons supérieurs Tradilège Fumés maxi format 2x200g","p":3.39,"u":"8,48 €/KG","img":"https://fd13-photos.leclercdrive.fr/image.ashx?id=2921381&use=l&cat=p&typeid=i","cat":316011},{"id":36200,"n":"Coton Démaquillant Eco+ Prédécoupé - 200g","p":1.57,"u":"7,85 €/KG","img":"https://fd13-photos.leclercdrive.fr/image.ashx?id=2724535&use=l&cat=p&typeid=i","cat":285593},{"id":36202,"n":"Recharge crème lavante Eco+ Amande miel - 750ml","p":1.11,"u":"1,48 €/L","img":"https://fd13-photos.leclercdrive.fr/image.ashx?id=2270220&use=l&cat=p&typeid=i","cat":284597},{"id":36206,"n":"Mousse à raser hydratante Eco+ Peaux normales - 300ml","p":0.85,"u":"2,83 €/L","img":"https://fd13-photos.leclercdrive.fr/image.ashx?id=2952382&use=l&cat=p&typeid=i","cat":284617},{"id":36268,"n":"Soufflés ExtraTerrestres Tokapi Jambon fromage - 80g","p":0.84,"u":"10,50 €/KG","img":"https://fd13-photos.leclercdrive.fr/image.ashx?id=2922929&use=l&cat=p&typeid=i","cat":284449},{"id":36269,"n":"Soufflés ExtraTerrestres Tokapi Ketchup - 80g","p":0.8,"u":"10,00 €/KG","img":"https://fd13-photos.leclercdrive.fr/image.ashx?id=1915578&use=l&cat=p&typeid=i","cat":284449},{"id":36270,"n":"Soufflés ExtraTerrestres Tokapi Salé - 80g","p":0.79,"u":"9,88 €/KG","img":"https://fd13-photos.leclercdrive.fr/image.ashx?id=1932960&use=l&cat=p&typeid=i","cat":284449},{"id":36314,"n":"Shampooing Nateïs Fleur de tilleul pomme verte - 250ml","p":1.27,"u":"5,08 €/L","img":"https://fd13-photos.leclercdrive.fr/image.ashx?id=1898913&use=l&cat=p&typeid=i","cat":284606},{"id":36317,"n":"Dessert fruitier pomme Douceur Verger s/sucre 8x100g","p":1.99,"u":"2,49 €/KG","img":"https://fd13-photos.leclercdrive.fr/image.ashx?id=1957093&use=l&cat=p&typeid=i","cat":284416},{"id":36346,"n":"Rondelé au Bleu d'Aveyron 125g","p":1.8,"u":"14,40 €/KG","img":"https://fd13-photos.leclercdrive.fr/image.ashx?id=2877751&use=l&cat=p&typeid=i","cat":314029},{"id":36347,"n":"Rondelé aux Noix 125g","p":1.65,"u":"13,20 €/KG","img":"https://fd13-photos.leclercdrive.fr/image.ashx?id=2967732&use=l&cat=p&typeid=i","cat":314029},{"id":36348,"n":"Papier aluminium Alfapac Gaufré - Rouleau 20m","p":3.02,"img":"https://fd13-photos.leclercdrive.fr/image.ashx?id=2870446&use=l&cat=p&typeid=i","cat":334134},{"id":36355,"n":"Compote Douceur du Verger  Pomme Rhubarbe - 4x100g","p":1.28,"u":"3,20 €/KG","img":"https://fd13-photos.leclercdrive.fr/image.ashx?id=2223090&use=l&cat=p&typeid=i","cat":284416},{"id":36356,"n":"Compote Douceur du Verger Pomme Framboise - 4x100g","p":1.46,"u":"3,65 €/KG","img":"https://fd13-photos.leclercdrive.fr/image.ashx?id=724744&use=l&cat=p&typeid=i","cat":284416},{"id":36394,"n":"Yaourt aromatisé aux Fruits Panachés Frulos - 16x125g","p":3.2,"u":"1,60 €/KG","img":"https://fd13-photos.leclercdrive.fr/image.ashx?id=2799895&use=l&cat=p&typeid=i","cat":286006},{"id":36395,"n":"Yaourt Nature Sucré Yoplait - 12x125g","p":2.72,"u":"1,81 €/KG","img":"https://fd13-photos.leclercdrive.fr/image.ashx?id=2796827&use=l&cat=p&typeid=i","cat":284409},{"id":36396,"n":"Gâteau fourré Mini BN Chocolat 175g","p":1.85,"u":"10,57 €/KG","img":"https://fd13-photos.leclercdrive.fr/image.ashx?id=2746854&use=l&cat=p&typeid=i","cat":284488},{"id":36397,"n":"Biscuits Mini BN Goûter à la fraise - 175g","p":1.89,"u":"10,80 €/KG","img":"https://fd13-photos.leclercdrive.fr/image.ashx?id=2748212&use=l&cat=p&typeid=i","cat":284489},{"id":36399,"n":"Pizza La Pizz Sodebo Chèvre lardons - 470g","p":3.43,"u":"7,30 €/KG","img":"https://fd13-photos.leclercdrive.fr/image.ashx?id=2851494&use=l&cat=p&typeid=i","cat":333679},{"id":36400,"n":"Pizza La Pizz Sodebo 4 fromages - 470g","p":3.58,"u":"7,62 €/KG","img":"https://fd13-photos.leclercdrive.fr/image.ashx?id=2905366&use=l&cat=p&typeid=i","cat":333679},{"id":36401,"n":"Pizza Dolce Sodebo 4 fromaggi - 380g","p":4.2,"u":"11,05 €/KG","img":"https://fd13-photos.leclercdrive.fr/image.ashx?id=2921636&use=l&cat=p&typeid=i","cat":333679},{"id":36402,"n":"Pizza Dolce Sodebo Prosciutto Jambon Mozza - 400g","p":3.51,"u":"8,78 €/KG","img":"https://fd13-photos.leclercdrive.fr/image.ashx?id=2919277&use=l&cat=p&typeid=i","cat":333679},{"id":36404,"n":"Pizza Dolce Sodebo Regina Jambon Champignons 400g","p":3.89,"u":"9,73 €/KG","img":"https://fd13-photos.leclercdrive.fr/image.ashx?id=3008251&use=l&cat=p&typeid=i","cat":333679},{"id":36412,"n":"Compote Douceur du Verger Coupelle pomme - 16x100g","p":3.09,"u":"1,93 €/KG","img":"https://fd13-photos.leclercdrive.fr/image.ashx?id=2663512&use=l&cat=p&typeid=i","cat":284508},{"id":36414,"n":"Compote Douceur du Verger Coupelle pomme - 8x100g","p":1.89,"u":"2,36 €/KG","img":"https://fd13-photos.leclercdrive.fr/image.ashx?id=2663506&use=l&cat=p&typeid=i","cat":284508},{"id":36417,"n":"Compote Douceur du Verger Gourdes multivariétés - 4x90g","p":1.69,"u":"4,69 €/KG","img":"https://fd13-photos.leclercdrive.fr/image.ashx?id=2805030&use=l&cat=p&typeid=i","cat":284508},{"id":36418,"n":"Compote Douceur du Verger Gourdes Pomme Poire - 4x90g","p":1.49,"u":"4,14 €/KG","img":"https://fd13-photos.leclercdrive.fr/image.ashx?id=2837054&use=l&cat=p&typeid=i","cat":284508},{"id":36419,"n":"Compote Douceur du Verger Coupelle pomme - 4x100g","p":0.99,"u":"2,48 €/KG","img":"https://fd13-photos.leclercdrive.fr/image.ashx?id=2663524&use=l&cat=p&typeid=i","cat":284508},{"id":36424,"n":"Brownie P'tit Deli Chocolat noisette 285g","p":1.85,"u":"6,49 €/KG","img":"https://fd13-photos.leclercdrive.fr/image.ashx?id=2613714&use=l&cat=p&typeid=i","cat":294776},{"id":36437,"n":"Friandises pour chien Lydog Assortiment sticks - x15 126g","p":1.33,"u":"10,56 €/KG","img":"https://fd13-photos.leclercdrive.fr/image.ashx?id=1947271&use=l&cat=p&typeid=i","cat":294527},{"id":36441,"n":"Aiguillettes poulet Tradilège Rôti - 2x75g","p":2.02,"u":"13,47 €/KG","img":"https://fd13-photos.leclercdrive.fr/image.ashx?id=2994375&use=l&cat=p&typeid=i","cat":316011},{"id":36445,"n":"Râpé de jambon Tradilège Fumé - 150g","p":1.79,"u":"11,93 €/KG","img":"https://fd13-photos.leclercdrive.fr/image.ashx?id=2970468&use=l&cat=p&typeid=i","cat":316011},{"id":36454,"n":"Pastilles NRT  Du Bassin de Vichy - 230g","p":0.98,"u":"4,26 €/KG","img":"https://fd13-photos.leclercdrive.fr/image.ashx?id=1646510&use=l&cat=p&typeid=i","cat":304252},{"id":36475,"n":"Thé glacé Fresh Tea Pêche - 6x25cl","p":2.85,"u":"1,90 €/L","img":"https://fd13-photos.leclercdrive.fr/image.ashx?id=2622263&use=l&cat=p&typeid=i","cat":295019},{"id":36504,"n":"Pizza La Pizz Sodebo Jambon emmental - 470g","p":2.91,"u":"6,19 €/KG","img":"https://fd13-photos.leclercdrive.fr/image.ashx?id=2886786&use=l&cat=p&typeid=i","cat":333679},{"id":36633,"n":"Glace Cône Nestlé Extrême Crème brulée x6 - 426g","p":3.47,"u":"8,15 €/KG","img":"https://fd13-photos.leclercdrive.fr/image.ashx?id=2831672&use=l&cat=p&typeid=i","cat":284264},{"id":36650,"n":"Barres céréales Bio Village Bio Fraise x6 125g","p":1.79,"u":"14,32 €/KG","img":"https://fd13-photos.leclercdrive.fr/image.ashx?id=2807306&use=l&cat=p&typeid=i","cat":285869},{"id":36651,"n":"Barres céréales Bio Village Bio Chocolat noir x6 125g","p":1.95,"u":"15,60 €/KG","img":"https://fd13-photos.leclercdrive.fr/image.ashx?id=2807309&use=l&cat=p&typeid=i","cat":285869},{"id":36656,"n":"Soupe liquide Liebig  Velouté 10 légumes - Brique 1L","p":1.66,"u":"1,66 €/L","img":"https://fd13-photos.leclercdrive.fr/image.ashx?id=2892133&use=l&cat=p&typeid=i","cat":284462},{"id":36658,"n":"Soupe liquide Liebig  Mouliné 10 légumes - Brique 1L","p":1.72,"u":"1,72 €/L","img":"https://fd13-photos.leclercdrive.fr/image.ashx?id=2651396&use=l&cat=p&typeid=i","cat":284462},{"id":36704,"n":"Sucre en morceaux Daddy Demi-morceaux rond - 750g","p":1.73,"u":"2,31 €/KG","img":"https://fd13-photos.leclercdrive.fr/image.ashx?id=2907947&use=l&cat=p&typeid=i","cat":284502},{"id":36706,"n":"Sucre glace Daddy Sachet 1kg","p":2.95,"u":"2,95 €/KG","img":"https://fd13-photos.leclercdrive.fr/image.ashx?id=2973589&use=l&cat=p&typeid=i","cat":284502},{"id":36710,"n":"Sucre canne Béghin Say Pure - en morceaux - 750g","p":2.47,"u":"3,29 €/KG","img":"https://fd13-photos.leclercdrive.fr/image.ashx?id=2948830&use=l&cat=p&typeid=i","cat":284502},{"id":36711,"n":"Sucre cassonade Béghin Say En poudre - 750g","p":2.4,"u":"3,20 €/KG","img":"https://fd13-photos.leclercdrive.fr/image.ashx?id=2949928&use=l&cat=p&typeid=i","cat":284502},{"id":36720,"n":"Haricots blancs à la tomate 400 g","p":0.75,"u":"1,88 €/KG","img":"https://fd13-photos.leclercdrive.fr/image.ashx?id=2988078&use=l&cat=p&typeid=i","cat":312606},{"id":36721,"n":"Lait chat et chaton Whiskas 3x200ml","p":2.69,"u":"4,48 €/L","img":"https://fd13-photos.leclercdrive.fr/image.ashx?id=2759670&use=l&cat=p&typeid=i","cat":285285},{"id":36744,"n":"Crème glacée La Belle Aude Vanille bourbon - 356g","p":5.99,"u":"16,83 €/KG","img":"https://fd13-photos.leclercdrive.fr/image.ashx?id=2112881&use=l&cat=p&typeid=i","cat":284263},{"id":36811,"n":"Chewing-gum Freedent Fraise 5x10 dragées 70g","p":2.4,"u":"34,29 €/KG","img":"https://fd13-photos.leclercdrive.fr/image.ashx?id=2325485&use=l&cat=p&typeid=i","cat":304251},{"id":36812,"n":"Chewing-gum Freedent white Menthe forte boîte 84g","p":3.04,"u":"36,19 €/KG","img":"https://fd13-photos.leclercdrive.fr/image.ashx?id=1946063&use=l&cat=p&typeid=i","cat":304251},{"id":36814,"n":"Chewing-gum Freedent Menthe verte boîte 84g","p":2.38,"u":"28,33 €/KG","img":"https://fd13-photos.leclercdrive.fr/image.ashx?id=2024402&use=l&cat=p&typeid=i","cat":304251},{"id":36819,"n":"Chocolat Noir After Eight Fourré Menthe - 300g","p":4.68,"u":"15,60 €/KG","img":"https://fd13-photos.leclercdrive.fr/image.ashx?id=2348782&use=l&cat=p&typeid=i","cat":284499},{"id":36821,"n":"Biscuits M&M's  x10 - 198g","p":2.11,"u":"10,66 €/KG","img":"https://fd13-photos.leclercdrive.fr/image.ashx?id=2148416&use=l&cat=p&typeid=i","cat":284488},{"id":36833,"n":"BB Crème teintée médium Inell Hydratante 5 en 1 - 50ml","p":3.45,"u":"69,00 €/L","img":"https://fd13-photos.leclercdrive.fr/image.ashx?id=2691646&use=l&cat=p&typeid=i","cat":325345},{"id":36834,"n":"BB Crème teintée clair Inell  Hydratante 5en1 - 50ml","p":3.45,"u":"69,00 €/L","img":"https://fd13-photos.leclercdrive.fr/image.ashx?id=2691649&use=l&cat=p&typeid=i","cat":325345},{"id":36835,"n":"Crochets anti-mites Insectivor Lavande 2x3ml","p":1.69,"u":"0,85 €/P","img":"https://fd13-photos.leclercdrive.fr/image.ashx?id=1899690&use=l&cat=p&typeid=i","cat":298368},{"id":36878,"n":"IGP Côtes de Gascogne moelleux Terrasses d'Autan 11.5% - 75cl","p":3.99,"u":"5,32 €/L","img":"https://fd13-photos.leclercdrive.fr/image.ashx?id=2929870&use=l&cat=p&typeid=i","cat":289557},{"id":36886,"n":"Miel de montagne L'Apiculteur Crémeux - 500g","p":5.79,"u":"11,58 €/KG","img":"https://fd13-photos.leclercdrive.fr/image.ashx?id=2310926&use=l&cat=p&typeid=i","cat":287643},{"id":36920,"n":"Protège-slips Doulys Ultra-mince - Large - x30","p":0.82,"u":"0,03 €/P","img":"https://fd13-photos.leclercdrive.fr/image.ashx?id=2223093&use=l&cat=p&typeid=i","cat":284625},{"id":37014,"n":"Cuadro Novi Chocolat  noisettes - 150g","p":4.49,"u":"29,93 €/KG","img":"https://fd13-photos.leclercdrive.fr/image.ashx?id=2615167&use=l&cat=p&typeid=i","cat":327595},{"id":37030,"n":"Farine suprême Francine 1kg","p":1.71,"u":"1,71 €/KG","img":"https://fd13-photos.leclercdrive.fr/image.ashx?id=2902654&use=l&cat=p&typeid=i","cat":284503},{"id":37031,"n":"Huile d'olive Puget Vierge extra - 1,5L","p":16.04,"u":"10,69 €/L","img":"https://fd13-photos.leclercdrive.fr/image.ashx?id=2144452&use=l&cat=p&typeid=i","cat":284453},{"id":37033,"n":"Douceur Crème balsamique  Rustica - 25cl","p":1.79,"u":"7,16 €/L","img":"https://fd13-photos.leclercdrive.fr/image.ashx?id=2781877&use=l&cat=p&typeid=i","cat":284456},{"id":37049,"n":"Sauce Samourai Amora 255g","p":1.61,"u":"7,16 €/KG","img":"https://fd13-photos.leclercdrive.fr/image.ashx?id=2893838&use=l&cat=p&typeid=i","cat":318431},{"id":37053,"n":"Sucre pure canne Beghin Say Petits morceaux - 1kg","p":3.16,"u":"3,16 €/KG","img":"https://fd13-photos.leclercdrive.fr/image.ashx?id=2949922&use=l&cat=p&typeid=i","cat":284502},{"id":37054,"n":"Sucre pure canne Beghin Say Morceaux - 1kg","p":2.4,"u":"2,40 €/KG","img":"https://fd13-photos.leclercdrive.fr/image.ashx?id=2978688&use=l&cat=p&typeid=i","cat":284502},{"id":37120,"n":"Sauce Soja sucrée Kikkoman 250ml","p":4.57,"u":"18,28 €/L","img":"https://fd13-photos.leclercdrive.fr/image.ashx?id=2536296&use=l&cat=p&typeid=i","cat":288992},{"id":37149,"n":"Cookies Méga pépites P'tit Déli Chocolat noisettes 184g","p":1.51,"u":"8,21 €/KG","img":"https://fd13-photos.leclercdrive.fr/image.ashx?id=2116149&use=l&cat=p&typeid=i","cat":325066},{"id":37255,"n":"Céréales Extra Kellogg's Noisettes Caramelisées - 500g","p":3.27,"u":"6,54 €/KG","img":"https://fd13-photos.leclercdrive.fr/image.ashx?id=2736598&use=l&cat=p&typeid=i","cat":309512},{"id":37260,"n":"Boisson au thé Fresh Tea Citron vert - 1,5L","p":1.22,"u":"0,81 €/L","img":"https://fd13-photos.leclercdrive.fr/image.ashx?id=2622257&use=l&cat=p&typeid=i","cat":295019},{"id":37261,"n":"Boisson au thé Fresh Tea Mangue - 1,5L","p":1.24,"u":"0,83 €/L","img":"https://fd13-photos.leclercdrive.fr/image.ashx?id=2622260&use=l&cat=p&typeid=i","cat":295019},{"id":37262,"n":"Boisson au thé Fresh Tea Framboise - 1,5L","p":1.33,"u":"0,89 €/L","img":"https://fd13-photos.leclercdrive.fr/image.ashx?id=2622254&use=l&cat=p&typeid=i","cat":295019},{"id":37278,"n":"Orangina Pik Haribo Sachet bonbons acidulés - 250g","p":1.69,"u":"6,76 €/KG","img":"https://fd13-photos.leclercdrive.fr/image.ashx?id=2806090&use=l&cat=p&typeid=i","cat":304250},{"id":37281,"n":"Bonbons Longfizz Lutti 200g","p":1.34,"u":"6,70 €/KG","img":"https://fd13-photos.leclercdrive.fr/image.ashx?id=2962173&use=l&cat=p&typeid=i","cat":304250},{"id":37286,"n":"Paëlla royale Marie 900g","p":4.69,"u":"5,21 €/KG","img":"https://fd13-photos.leclercdrive.fr/image.ashx?id=2996770&use=l&cat=p&typeid=i","cat":284254},{"id":37403,"n":"Sachet fraîcheur chien Pedigree  Mixte en sauce - 12x100g","p":5.2,"u":"4,33 €/KG","img":"https://fd13-photos.leclercdrive.fr/image.ashx?id=2870242&use=l&cat=p&typeid=i","cat":284673},{"id":37426,"n":"Bière blonde Kronenbourg 4,2° - 6x50cl canettes","p":5.58,"u":"1,86 €/L","img":"https://fd13-photos.leclercdrive.fr/image.ashx?id=2203508&use=l&cat=p&typeid=i","cat":334853},{"id":37436,"n":"Brosse à dents enfant Dentamyl Clignotante - Multicoloris x1","p":1.99,"img":"https://fd13-photos.leclercdrive.fr/image.ashx?id=1953648&use=l&cat=p&typeid=i","cat":288897},{"id":37438,"n":"Papier cuisson Elembal Rouleau 15m","p":1.79,"img":"https://fd13-photos.leclercdrive.fr/image.ashx?id=2158218&use=l&cat=p&typeid=i","cat":334134},{"id":37456,"n":"Saucisse fumée Tradilège VPF x3 375g","p":3.18,"u":"8,48 €/KG","img":"https://fd13-photos.leclercdrive.fr/image.ashx?id=2659085&use=l&cat=p&typeid=i","cat":316012},{"id":37467,"n":"Infusion Tiséa Fruits rouges 25 sachets 40g","p":0.92,"u":"23,00 €/KG","img":"https://fd13-photos.leclercdrive.fr/image.ashx?id=2757930&use=l&cat=p&typeid=i","cat":293234},{"id":37468,"n":"Jambon cru Fine Fondante Aoste Sans conservateur - x6 - 100g","p":3.59,"u":"35,90 €/KG","img":"https://fd13-photos.leclercdrive.fr/image.ashx?id=2937172&use=l&cat=p&typeid=i","cat":316007},{"id":37540,"n":"Compote bébé Bio Village Bio Pomme vanille 4 mois 4x100g","p":1.99,"u":"4,98 €/KG","img":"https://fd13-photos.leclercdrive.fr/image.ashx?id=2704750&use=l&cat=p&typeid=i","cat":312387},{"id":37541,"n":"Compote bébé Bio Village Bio Pomme /Banane 4 mois 4x100g","p":1.89,"u":"4,73 €/KG","img":"https://fd13-photos.leclercdrive.fr/image.ashx?id=2704753&use=l&cat=p&typeid=i","cat":312387},{"id":37542,"n":"Compote bébé Bio Village bio Poire williams - 4 mois -4x100g","p":1.89,"u":"4,73 €/KG","img":"https://fd13-photos.leclercdrive.fr/image.ashx?id=2704747&use=l&cat=p&typeid=i","cat":312387},{"id":37580,"n":"Soupe Régal Soupe Légumes et vermicelles - 1L","p":1.84,"u":"1,84 €/L","img":"https://fd13-photos.leclercdrive.fr/image.ashx?id=2607539&use=l&cat=p&typeid=i","cat":284462},{"id":37593,"n":"Snacks chats Tous mes amis Poulet fromage - 60g","p":0.84,"u":"14,00 €/KG","img":"https://fd13-photos.leclercdrive.fr/image.ashx?id=1947280&use=l&cat=p&typeid=i","cat":285285},{"id":37595,"n":"Snacks chats Tous mes amis Saumon - 60g","p":0.89,"u":"14,83 €/KG","img":"https://fd13-photos.leclercdrive.fr/image.ashx?id=1938588&use=l&cat=p&typeid=i","cat":285285},{"id":37615,"n":"Rasoirs jetables Eco+ x10","p":0.71,"u":"0,07 €/P","img":"https://fd13-photos.leclercdrive.fr/image.ashx?id=2913642&use=l&cat=p&typeid=i","cat":284616},{"id":37623,"n":"Trancetto Balconi Cacao x10 280g","p":1.39,"u":"4,96 €/KG","img":"https://fd13-photos.leclercdrive.fr/image.ashx?id=2878414&use=l&cat=p&typeid=i","cat":284495},{"id":37635,"n":"Cassoulet Charles Christ 820g","p":3.24,"u":"3,95 €/KG","img":"https://fd13-photos.leclercdrive.fr/image.ashx?id=1866775&use=l&cat=p&typeid=i","cat":284440},{"id":37712,"n":"Haricots Verts Cassegrain Extra Fins Cueillis main 390g","p":3.06,"u":"7,85 €/KG","img":"https://fd13-photos.leclercdrive.fr/image.ashx?id=2913025&use=l&cat=p&typeid=i","cat":312606},{"id":37713,"n":"Harissa Phare du Cap Bon Tube - 140g","p":0.57,"u":"4,07 €/KG","img":"https://fd13-photos.leclercdrive.fr/image.ashx?id=2239044&use=l&cat=p&typeid=i","cat":289013},{"id":37775,"n":"Serviette incontinence Chorys Maxi - x12","p":3.65,"u":"0,30 €/P","img":"https://fd13-photos.leclercdrive.fr/image.ashx?id=2393884&use=l&cat=p&typeid=i","cat":284628},{"id":37778,"n":"Lait corps Inell Réparateur - 250ml","p":2.33,"u":"9,32 €/L","img":"https://fd13-photos.leclercdrive.fr/image.ashx?id=2691664&use=l&cat=p&typeid=i","cat":325349},{"id":37842,"n":"Thé glacé zéro Fresh Tea  Pêche - 1,5L","p":1.29,"u":"0,86 €/L","img":"https://fd13-photos.leclercdrive.fr/image.ashx?id=2622266&use=l&cat=p&typeid=i","cat":295019},{"id":37843,"n":"100% Pur jus d'orange Jafaden Sans pulpe - 2L","p":3.54,"u":"1,77 €/L","img":"https://fd13-photos.leclercdrive.fr/image.ashx?id=2496890&use=l&cat=p&typeid=i","cat":284521},{"id":37862,"n":"Couches Bébé Eco+ T5 - x52 changes","p":6.94,"u":"0,13 €/P","img":"https://fd13-photos.leclercdrive.fr/image.ashx?id=2842450&use=l&cat=p&typeid=i","cat":284737},{"id":37863,"n":"Compresses stériles Primoplast Ultra-douces x20","p":2.6,"u":"0,13 €/P","img":"https://fd13-photos.leclercdrive.fr/image.ashx?id=2832960&use=l&cat=p&typeid=i","cat":284630},{"id":37864,"n":"Bouchons oreilles Primoplast Mousse x8","p":3.99,"u":"0,50 €/P","img":"https://fd13-photos.leclercdrive.fr/image.ashx?id=2856516&use=l&cat=p&typeid=i","cat":284630},{"id":37867,"n":"Rillettes Tradilège poulet 110g","p":1.4,"u":"12,73 €/KG","img":"https://fd13-photos.leclercdrive.fr/image.ashx?id=2683586&use=l&cat=p&typeid=i","cat":316008},{"id":38022,"n":"Barquette allégée Elle&Vire Doux - 20% MG - 250g","p":1.84,"u":"7,36 €/KG","img":"https://fd13-photos.leclercdrive.fr/image.ashx?id=2763460&use=l&cat=p&typeid=i","cat":284379},{"id":38027,"n":"Quinoa gourmand Tipiak 400g","p":2.43,"u":"6,08 €/KG","img":"https://fd13-photos.leclercdrive.fr/image.ashx?id=2640617&use=l&cat=p&typeid=i","cat":284429},{"id":38100,"n":"Chocolat en poudre Nesquik Boîte 490g","p":3.69,"u":"7,53 €/KG","img":"https://fd13-photos.leclercdrive.fr/image.ashx?id=3005305&use=l&cat=p&typeid=i","cat":293235},{"id":38226,"n":"Compresses stériles Primoplast Gaze x60","p":4.99,"u":"0,08 €/P","img":"https://fd13-photos.leclercdrive.fr/image.ashx?id=2834181&use=l&cat=p&typeid=i","cat":284630},{"id":38230,"n":"Mouchoirs blancs 4 plis Caresse Pock kid mouchoirs papier x10","p":1.12,"u":"0,11 €/P","img":"https://fd13-photos.leclercdrive.fr/image.ashx?id=2856687&use=l&cat=p&typeid=i","cat":284638},{"id":38232,"n":"Mouchoirs blancs 3 plis Caresse Boîte décor aléatoire Kids -x60","p":1.75,"u":"0,03 €/P","img":"https://fd13-photos.leclercdrive.fr/image.ashx?id=2380809&use=l&cat=p&typeid=i","cat":284638},{"id":38234,"n":"Dessert - P'tit Brassé Nestlé Banane - dès 6 mois - 4x100g","p":1.66,"u":"4,15 €/KG","img":"https://fd13-photos.leclercdrive.fr/image.ashx?id=2615131&use=l&cat=p&typeid=i","cat":312392},{"id":38235,"n":"Dessert - P'tit Brassé Nestlé Framboise - dès 6 mois - 4x100g","p":1.69,"u":"4,23 €/KG","img":"https://fd13-photos.leclercdrive.fr/image.ashx?id=2604876&use=l&cat=p&typeid=i","cat":312392},{"id":38236,"n":"Dessert - P'tit Brassé Nestlé Abricot - dès 6 mois - 4x100g","p":1.69,"u":"4,23 €/KG","img":"https://fd13-photos.leclercdrive.fr/image.ashx?id=2600569&use=l&cat=p&typeid=i","cat":312392},{"id":38237,"n":"Dessert - P'tit Brassé Nestlé Poire - dès 6 mois - 4x100g","p":1.66,"u":"4,15 €/KG","img":"https://fd13-photos.leclercdrive.fr/image.ashx?id=2615756&use=l&cat=p&typeid=i","cat":312392},{"id":38238,"n":"Dessert - P'tit Brassé Nestlé Fraise - dès 6 mois - 4x100g","p":1.69,"u":"4,23 €/KG","img":"https://fd13-photos.leclercdrive.fr/image.ashx?id=2510187&use=l&cat=p&typeid=i","cat":312392},{"id":38239,"n":"Dessert - P'tit Brassé Nestlé Myrtille - dès 6 mois - 4x100g","p":1.86,"u":"4,65 €/KG","img":"https://fd13-photos.leclercdrive.fr/image.ashx?id=2583235&use=l&cat=p&typeid=i","cat":312392},{"id":38297,"n":"Matière grasse St Hubert Omega3 52%mg - demi-sel - 510g","p":3.65,"u":"7,16 €/KG","img":"https://fd13-photos.leclercdrive.fr/image.ashx?id=2734099&use=l&cat=p&typeid=i","cat":315229},{"id":38298,"n":"Matière grasse St Hubert Omega 3 - 52%mg - doux - 510g","p":3.39,"u":"6,65 €/KG","img":"https://fd13-photos.leclercdrive.fr/image.ashx?id=2734108&use=l&cat=p&typeid=i","cat":315229},{"id":38304,"n":"Taboulé Pierre Martinet Au poulet - 300g","p":1.73,"u":"5,77 €/KG","img":"https://fd13-photos.leclercdrive.fr/image.ashx?id=2990529&use=l&cat=p&typeid=i","cat":333657},{"id":38322,"n":"Compote Douceur du Verger Gourdes multivariétés - 20x90g","p":5.95,"u":"3,31 €/KG","img":"https://fd13-photos.leclercdrive.fr/image.ashx?id=2837060&use=l&cat=p&typeid=i","cat":284508},{"id":38345,"n":"Vodka premium Grey Goose Original 40° - 70cl","p":36.99,"pp":32.99,"u":"47,13 €/L","img":"https://fd13-photos.leclercdrive.fr/image.ashx?id=2848331&use=l&cat=p&typeid=i","cat":284550},{"id":38379,"n":"Shampooing Manava Aux oeufs 500ml","p":1.0,"u":"2,00 €/L","img":"https://fd13-photos.leclercdrive.fr/image.ashx?id=2852243&use=l&cat=p&typeid=i","cat":284606},{"id":38380,"n":"Rasoir Gillette Proglide Flexball manuel x1","p":10.45,"img":"https://fd13-photos.leclercdrive.fr/image.ashx?id=2682394&use=l&cat=p&typeid=i","cat":284616},{"id":38524,"n":"Tendres perles Blé Tipiak Prêt en 5 min - 350g","p":1.62,"u":"4,63 €/KG","img":"https://fd13-photos.leclercdrive.fr/image.ashx?id=2640614&use=l&cat=p&typeid=i","cat":284429},{"id":38562,"n":"Cône Nestlé Extrême  Vanille de Madagascar x6 - 426g","p":3.47,"u":"8,15 €/KG","img":"https://fd13-photos.leclercdrive.fr/image.ashx?id=3000432&use=l&cat=p&typeid=i","cat":284264},{"id":38563,"n":"Cône Extrême Nestlé Chocolat intense 6x71g","p":3.5,"u":"8,22 €/KG","img":"https://fd13-photos.leclercdrive.fr/image.ashx?id=2353089&use=l&cat=p&typeid=i","cat":284264},{"id":38575,"n":"Feutres de coloriage Maped Jungle Colorpep's x18+6 offerts","p":4.63,"img":"https://fd13-photos.leclercdrive.fr/image.ashx?id=2384304&use=l&cat=p&typeid=i","cat":284696},{"id":38587,"n":"Stylo plume chrome Waterman x1 + 1 cartouche","p":10.57,"img":"https://fd13-photos.leclercdrive.fr/image.ashx?id=1869286&use=l&cat=p&typeid=i","cat":284696},{"id":38595,"n":"Koverbook Clairefontaine 17x22cm - 96 pages - x5","p":8.5,"u":"1,70 €/P","img":"https://fd13-photos.leclercdrive.fr/image.ashx?id=1699382&use=l&cat=p&typeid=i","cat":284697},{"id":38596,"n":"Cahier Koverbook Clairefontaine 24x32cm 96 pages Seyes - x5","p":14.95,"u":"2,99 €/P","img":"https://fd13-photos.leclercdrive.fr/image.ashx?id=1704031&use=l&cat=p&typeid=i","cat":284697},{"id":38597,"n":"Koverbook  Clairefontaine 96p 21x29.7cm -x5","p":15.34,"u":"3,07 €/P","img":"https://fd13-photos.leclercdrive.fr/image.ashx?id=1699232&use=l&cat=p&typeid=i","cat":284697},{"id":38603,"n":"Stylo plume Esquisse Multicoloris -  +2 cartouches","p":2.19,"img":"https://fd13-photos.leclercdrive.fr/image.ashx?id=1183423&use=l&cat=p&typeid=i","cat":284696},{"id":38625,"n":"Calculatrice Texas Instrument TI-Collège Plus","p":15.68,"u":"Dont 0,07 € d'éco-part.","img":"https://fd13-photos.leclercdrive.fr/image.ashx?id=2429260&use=l&cat=p&typeid=i","cat":334133},{"id":38630,"n":"Cahier de musique Esquisse Bleu- 48 pages 24x32cm","p":1.99,"img":"https://fd13-photos.leclercdrive.fr/image.ashx?id=1689387&use=l&cat=p&typeid=i","cat":284697},{"id":38631,"n":"Stylo bille Esquisse 4 couleurs différentes - x10","p":1.75,"u":"0,18 €/P","img":"https://fd13-photos.leclercdrive.fr/image.ashx?id=1928839&use=l&cat=p&typeid=i","cat":284696},{"id":38705,"n":"Chocolat Pâtissier Nestlé Dessert - 2x205g","p":5.84,"u":"14,24 €/KG","img":"https://fd13-photos.leclercdrive.fr/image.ashx?id=2959491&use=l&cat=p&typeid=i","cat":285562},{"id":38724,"n":"Madeleines coquilles NRT 330g","p":3.29,"u":"9,97 €/KG","img":"https://fd13-photos.leclercdrive.fr/image.ashx?id=2704903&use=l&cat=p&typeid=i","cat":284492},{"id":38735,"n":"Lait de douche Manava Lait et miel - 250ml","p":0.94,"u":"3,76 €/L","img":"https://fd13-photos.leclercdrive.fr/image.ashx?id=1628283&use=l&cat=p&typeid=i","cat":284594},{"id":38744,"n":"Beurre allégé Les Croisés Demi-sel - 60% MG - 250g","p":1.89,"u":"7,56 €/KG","img":"https://fd13-photos.leclercdrive.fr/image.ashx?id=2897787&use=l&cat=p&typeid=i","cat":284379},{"id":38765,"n":"Soda Jean's Cola Cherry Bouteille - 1,5L","p":1.49,"u":"0,99 €/L","img":"https://fd13-photos.leclercdrive.fr/image.ashx?id=2637916&use=l&cat=p&typeid=i","cat":284530},{"id":38773,"n":"Pur jus d'orange Jafaden Avec pulpe - 1,5L","p":3.0,"u":"2,00 €/L","img":"https://fd13-photos.leclercdrive.fr/image.ashx?id=2496893&use=l&cat=p&typeid=i","cat":284521},{"id":38781,"n":"Mouchoirs blancs 4 plis Caresse Boîte mouchoirs papier - x80","p":1.1,"u":"0,01 €/P","img":"https://fd13-photos.leclercdrive.fr/image.ashx?id=1544667&use=l&cat=p&typeid=i","cat":284638},{"id":38786,"n":"Couches Huggies Little Swimmers Taille 2/3 - x20","p":10.72,"u":"0,54 €/P","img":"https://fd13-photos.leclercdrive.fr/image.ashx?id=2844706&use=l&cat=p&typeid=i","cat":290634},{"id":38802,"n":"Déodorant spray Manava Pierre d'alun/Aloe Vera - 100ml","p":1.44,"u":"14,40 €/L","img":"https://fd13-photos.leclercdrive.fr/image.ashx?id=2481231&use=l&cat=p&typeid=i","cat":284595},{"id":38803,"n":"Déodorant spray grenade Manava A l'huile sauge sclarée - 100ml","p":1.39,"u":"13,90 €/L","img":"https://fd13-photos.leclercdrive.fr/image.ashx?id=1848061&use=l&cat=p&typeid=i","cat":284595},{"id":38804,"n":"Déodorant spray Manava Invisible 100ml","p":1.39,"u":"13,90 €/L","img":"https://fd13-photos.leclercdrive.fr/image.ashx?id=1957743&use=l&cat=p&typeid=i","cat":284595},{"id":38812,"n":"Pains au lait Pasquier x10 - 350g","p":1.4,"u":"4,00 €/KG","img":"https://fd13-photos.leclercdrive.fr/image.ashx?id=2576940&use=l&cat=p&typeid=i","cat":293505},{"id":38857,"n":"Fromage Boursin cuisine Ail & fines herbes - 240g","p":2.46,"u":"10,25 €/KG","img":"https://fd13-photos.leclercdrive.fr/image.ashx?id=2615418&use=l&cat=p&typeid=i","cat":314029},{"id":38868,"n":"Chips ondulées Pom'Lisse Poulet rôti - 135g","p":1.05,"u":"7,78 €/KG","img":"https://fd13-photos.leclercdrive.fr/image.ashx?id=2919625&use=l&cat=p&typeid=i","cat":284447},{"id":38869,"n":"Purée de tomates Turini Saveur basilic - 200g","p":0.79,"u":"3,95 €/KG","img":"https://fd13-photos.leclercdrive.fr/image.ashx?id=2174702&use=l&cat=p&typeid=i","cat":288384},{"id":38922,"n":"Tablette de chocolat noir Lindt Noir : Fleur de sel - 2x100g","p":5.92,"u":"29,60 €/KG","img":"https://fd13-photos.leclercdrive.fr/image.ashx?id=2153264&use=l&cat=p&typeid=i","cat":284956},{"id":38985,"n":"Beurre Grand Fermage  Demi-sel - 80% MG - 250g","p":2.63,"u":"10,52 €/KG","img":"https://fd13-photos.leclercdrive.fr/image.ashx?id=2915569&use=l&cat=p&typeid=i","cat":284379},{"id":39009,"n":"Pain de mie complet Epi d'Or Extra moelleux - 500g","p":1.79,"u":"3,58 €/KG","img":"https://fd13-photos.leclercdrive.fr/image.ashx?id=751008&use=l&cat=p&typeid=i","cat":284477},{"id":39024,"n":"AOP Entre-deux-mers blanc Cuvée Hortense - 75cl","p":4.95,"u":"6,60 €/L","img":"https://fd13-photos.leclercdrive.fr/image.ashx?id=2516068&use=l&cat=p&typeid=i","cat":289557},{"id":39061,"n":"Film étirable Alfapac Rouleau 35m x 29cm","p":1.55,"img":"https://fd13-photos.leclercdrive.fr/image.ashx?id=2918268&use=l&cat=p&typeid=i","cat":334134},{"id":39067,"n":"Tablettes lave vaisselle Sun Classic x60 - 570g","p":6.53,"u":"11,46 €/KG","img":"https://fd13-photos.leclercdrive.fr/image.ashx?id=2775745&use=l&cat=p&typeid=i","cat":284656},{"id":39100,"n":"Rasoirs jetables Bic 3 lames - 2x8","p":6.5,"pp":4.29,"u":"0,27 €/P","img":"https://fd13-photos.leclercdrive.fr/image.ashx?id=2957005&use=l&cat=p&typeid=i","cat":284616},{"id":39122,"n":"Fromage de chèvre Soignon Bûche Sainte Maure - 300g","p":3.22,"u":"10,73 €/KG","img":"https://fd13-photos.leclercdrive.fr/image.ashx?id=2963331&use=l&cat=p&typeid=i","cat":314031},{"id":39145,"n":"Mouchoirs blancs 4 plis Caresse Etuis x15 - Mentholés","p":1.98,"u":"0,13 €/P","img":"https://fd13-photos.leclercdrive.fr/image.ashx?id=2572996&use=l&cat=p&typeid=i","cat":284638},{"id":39155,"n":"Chips La classique Vico Nature - 6x27,5g","p":1.75,"u":"10,61 €/KG","img":"https://fd13-photos.leclercdrive.fr/image.ashx?id=2917813&use=l&cat=p&typeid=i","cat":284447},{"id":39172,"n":"AOP Cabernet d'Anjou vin rosé Les Caractères - 75cl","p":3.99,"u":"5,32 €/L","img":"https://fd13-photos.leclercdrive.fr/image.ashx?id=2710940&use=l&cat=p&typeid=i","cat":289558},{"id":39182,"n":"Pain de mie 100% Mie Harrys Complet sans croûte Maxi - 650g","p":2.3,"u":"3,54 €/KG","img":"https://fd13-photos.leclercdrive.fr/image.ashx?id=2517438&use=l&cat=p&typeid=i","cat":284477},{"id":39233,"n":"AOP Côtes de Provence rosé Estandon - 75cl","p":6.89,"u":"9,19 €/L","img":"https://fd13-photos.leclercdrive.fr/image.ashx?id=2868966&use=l&cat=p&typeid=i","cat":289558},{"id":39259,"n":"Planteur Jafaden Cocktail sans alcool - 1L","p":2.35,"u":"2,35 €/L","img":"https://fd13-photos.leclercdrive.fr/image.ashx?id=2956726&use=l&cat=p&typeid=i","cat":284916},{"id":39266,"n":"AOP Corse vin rosé Terres Ocrées - 75cl","p":4.99,"u":"6,65 €/L","img":"https://fd13-photos.leclercdrive.fr/image.ashx?id=2865242&use=l&cat=p&typeid=i","cat":289558},{"id":39271,"n":"AOP Alsace Pinot gris  vin blanc Rebmann - 75 cl","p":4.99,"u":"6,65 €/L","img":"https://fd13-photos.leclercdrive.fr/image.ashx?id=2907467&use=l&cat=p&typeid=i","cat":289557},{"id":39338,"n":"Moutarde Savora Amora 385g","p":2.28,"u":"5,92 €/KG","img":"https://fd13-photos.leclercdrive.fr/image.ashx?id=2775685&use=l&cat=p&typeid=i","cat":288850},{"id":39339,"n":"Moutarde Amora Fine & douce - 190g","p":1.63,"u":"8,58 €/KG","img":"https://fd13-photos.leclercdrive.fr/image.ashx?id=2738791&use=l&cat=p&typeid=i","cat":288850},{"id":39348,"n":"Doseur de lait Mots d'Enfants x1","p":2.95,"img":"https://fd13-photos.leclercdrive.fr/image.ashx?id=1274905&use=l&cat=p&typeid=i","cat":289435},{"id":39351,"n":"Tétine silicone Nuk Base large Taille 1 - x2","p":4.0,"u":"2,00 €/P","img":"https://fd13-photos.leclercdrive.fr/image.ashx?id=1971257&use=l&cat=p&typeid=i","cat":284743},{"id":39376,"n":"Pur jus d'orange Tropicana Sans pulpe - 1,5L","p":3.26,"u":"2,17 €/L","img":"https://fd13-photos.leclercdrive.fr/image.ashx?id=2509637&use=l&cat=p&typeid=i","cat":284521},{"id":39388,"n":"Haricots verts Bio Village Bio - 360g","p":1.89,"u":"5,25 €/KG","img":"https://fd13-photos.leclercdrive.fr/image.ashx?id=3002659&use=l&cat=p&typeid=i","cat":312606},{"id":39389,"n":"Haricots beurre Notre Jardin Extra fins 1kg","p":2.29,"u":"2,29 €/KG","img":"https://fd13-photos.leclercdrive.fr/image.ashx?id=2431134&use=l&cat=p&typeid=i","cat":319805},{"id":39403,"n":"Joker Pur Jus Engagé Orange  sans pulpe - 1L","p":2.63,"u":"2,63 €/L","img":"https://fd13-photos.leclercdrive.fr/image.ashx?id=2984982&use=l&cat=p&typeid=i","cat":284521},{"id":39418,"n":"Boisson Sunny Delight Doux California - 1,25L","p":2.19,"u":"1,75 €/L","img":"https://fd13-photos.leclercdrive.fr/image.ashx?id=2309963&use=l&cat=p&typeid=i","cat":285435},{"id":39421,"n":"Jus innocent pomme 900ml","p":2.73,"u":"3,03 €/L","img":"https://fd13-photos.leclercdrive.fr/image.ashx?id=2891703&use=l&cat=p&typeid=i","cat":284354},{"id":39443,"n":"Jus innocent  orange avec pulpe 1.5L","p":3.98,"u":"2,65 €/L","img":"https://fd13-photos.leclercdrive.fr/image.ashx?id=2891223&use=l&cat=p&typeid=i","cat":285435},{"id":39444,"n":"Jus innocent orange avec pulpe 900ml","p":2.76,"u":"3,07 €/L","img":"https://fd13-photos.leclercdrive.fr/image.ashx?id=2891700&use=l&cat=p&typeid=i","cat":285435},{"id":39471,"n":"Mousse aux oeufs Bonne Maman Chocolat - 4x50g","p":2.42,"u":"12,10 €/KG","img":"https://fd13-photos.leclercdrive.fr/image.ashx?id=2571509&use=l&cat=p&typeid=i","cat":284417},{"id":39472,"n":"Mousse aux oeufs Bonne Maman Chocolat au lait - 4x50g","p":2.37,"u":"11,85 €/KG","img":"https://fd13-photos.leclercdrive.fr/image.ashx?id=2571512&use=l&cat=p&typeid=i","cat":284417},{"id":39479,"n":"Cacahuètes à l'ancienne Tokapi Grillées et salées - 400g","p":2.45,"u":"6,13 €/KG","img":"https://fd13-photos.leclercdrive.fr/image.ashx?id=2474084&use=l&cat=p&typeid=i","cat":284448},{"id":39480,"n":"Chips ondulées Pom'Lisse Nature - 6x30g","p":1.57,"u":"8,72 €/KG","img":"https://fd13-photos.leclercdrive.fr/image.ashx?id=2728246&use=l&cat=p&typeid=i","cat":284447},{"id":39482,"n":"Brownie P'tit Déli Chocolat noisette - 240g","p":1.83,"u":"7,63 €/KG","img":"https://fd13-photos.leclercdrive.fr/image.ashx?id=2891779&use=l&cat=p&typeid=i","cat":294776},{"id":39497,"n":"Barre chocolatée P'tit Déli Bille de riz - 162g","p":1.5,"u":"9,26 €/KG","img":"https://fd13-photos.leclercdrive.fr/image.ashx?id=2346603&use=l&cat=p&typeid=i","cat":284488},{"id":39498,"n":"Biscottes Epi d'Or Gout brioché x36 - 300g","p":1.51,"u":"5,03 €/KG","img":"https://fd13-photos.leclercdrive.fr/image.ashx?id=2212033&use=l&cat=p&typeid=i","cat":284479},{"id":39502,"n":"Biscuits Cookies P'tit Déli Coeur fondant noisette - 200g","p":1.44,"u":"7,20 €/KG","img":"https://fd13-photos.leclercdrive.fr/image.ashx?id=2577296&use=l&cat=p&typeid=i","cat":325066},{"id":39503,"n":"Chocolat Pâtissier Tablette dOr Praliné - 200g","p":2.15,"u":"10,75 €/KG","img":"https://fd13-photos.leclercdrive.fr/image.ashx?id=2074909&use=l&cat=p&typeid=i","cat":285562},{"id":39507,"n":"Moutarde Rustica Douce - 435g","p":1.39,"u":"3,20 €/KG","img":"https://fd13-photos.leclercdrive.fr/image.ashx?id=2052019&use=l&cat=p&typeid=i","cat":288850},{"id":39511,"n":"Thé lady grey Twinings x20 sachets -  40g","p":2.51,"u":"62,75 €/KG","img":"https://fd13-photos.leclercdrive.fr/image.ashx?id=2875552&use=l&cat=p&typeid=i","cat":293233},{"id":39517,"n":"Thé vert Twinings Citron x25 sachets -50g","p":2.28,"u":"45,60 €/KG","img":"https://fd13-photos.leclercdrive.fr/image.ashx?id=2893012&use=l&cat=p&typeid=i","cat":293233},{"id":39521,"n":"Cacahuètes enrobées Tokapi Salées - 150g","p":0.85,"u":"5,67 €/KG","img":"https://fd13-photos.leclercdrive.fr/image.ashx?id=2790525&use=l&cat=p&typeid=i","cat":284448},{"id":39522,"n":"Cacahuètes enrobées Tokapi Bacon - 150g","p":0.85,"u":"5,67 €/KG","img":"https://fd13-photos.leclercdrive.fr/image.ashx?id=2790528&use=l&cat=p&typeid=i","cat":284448},{"id":39523,"n":"Cacahuètes enrobées Tokapi Paprika - 150g","p":0.99,"u":"6,60 €/KG","img":"https://fd13-photos.leclercdrive.fr/image.ashx?id=2790531&use=l&cat=p&typeid=i","cat":284448},{"id":39524,"n":"Cacahuètes enrobées Tokapi Epicées - 150g","p":0.85,"u":"5,67 €/KG","img":"https://fd13-photos.leclercdrive.fr/image.ashx?id=2033239&use=l&cat=p&typeid=i","cat":284448},{"id":39529,"n":"Jus de citron Rustica Sicile - 50cl","p":1.67,"u":"3,34 €/L","img":"https://fd13-photos.leclercdrive.fr/image.ashx?id=2123214&use=l&cat=p&typeid=i","cat":288383},{"id":39530,"n":"Dessert bébé BabyBio Bio 6 mois Pomme / Fraise - 260g","p":2.05,"u":"7,88 €/KG","img":"https://fd13-photos.leclercdrive.fr/image.ashx?id=2827509&use=l&cat=p&typeid=i","cat":312388},{"id":39531,"n":"Compote bébé Babybio Bio 4 mois Pomme / Mangue - 260g","p":1.94,"u":"7,46 €/KG","img":"https://fd13-photos.leclercdrive.fr/image.ashx?id=2827500&use=l&cat=p&typeid=i","cat":312387},{"id":39534,"n":"Barres énergétiques Ovomaltine x5 barres - 100g","p":2.47,"u":"24,70 €/KG","img":"https://fd13-photos.leclercdrive.fr/image.ashx?id=2413029&use=l&cat=p&typeid=i","cat":318652},{"id":39541,"n":"Madeleine P'tit Déli Coquilles napées chocolat -300g","p":2.62,"u":"8,73 €/KG","img":"https://fd13-photos.leclercdrive.fr/image.ashx?id=2583262&use=l&cat=p&typeid=i","cat":284492},{"id":39547,"n":"Duo Haricots verts et beurre Notre Jardin - 225g","p":1.03,"u":"4,58 €/KG","img":"https://fd13-photos.leclercdrive.fr/image.ashx?id=2988060&use=l&cat=p&typeid=i","cat":312606},{"id":39548,"n":"Haricots verts Notre Jardin Extra fins - 3x110g","p":1.83,"u":"5,55 €/KG","img":"https://fd13-photos.leclercdrive.fr/image.ashx?id=2472514&use=l&cat=p&typeid=i","cat":312606},{"id":39551,"n":"Tablettes pour chien Lydog Boeuf, poulet, agneau - 104g","p":1.22,"u":"11,73 €/KG","img":"https://fd13-photos.leclercdrive.fr/image.ashx?id=1201189&use=l&cat=p&typeid=i","cat":294527},{"id":39556,"n":"Gaufres liégeoises P'tit Déli Sucrées - 550g","p":2.69,"u":"4,89 €/KG","img":"https://fd13-photos.leclercdrive.fr/image.ashx?id=763752&use=l&cat=p&typeid=i","cat":294777},{"id":39558,"n":"Croquettes chat Tous mes amis Stérilisés - 2kg","p":3.24,"u":"1,62 €/KG","img":"https://fd13-photos.leclercdrive.fr/image.ashx?id=2301490&use=l&cat=p&typeid=i","cat":284680},{"id":39559,"n":"Céréales Jordans Spécial Muesli Fruits et Noix - 750g","p":3.55,"u":"4,73 €/KG","img":"https://fd13-photos.leclercdrive.fr/image.ashx?id=2966770&use=l&cat=p&typeid=i","cat":309512},{"id":39560,"n":"Duo Haricots verts et beurre Notre Jardin - 455g","p":1.99,"u":"4,37 €/KG","img":"https://fd13-photos.leclercdrive.fr/image.ashx?id=2291408&use=l&cat=p&typeid=i","cat":312606},{"id":39562,"n":"Céréales Bio Jordans Muesli - 500g","p":3.05,"u":"6,10 €/KG","img":"https://fd13-photos.leclercdrive.fr/image.ashx?id=2475897&use=l&cat=p&typeid=i","cat":309512},{"id":39569,"n":"Céréales Jordans Country Crisp Chocolat Noir 70% - 550g","p":3.61,"u":"6,56 €/KG","img":"https://fd13-photos.leclercdrive.fr/image.ashx?id=3000836&use=l&cat=p&typeid=i","cat":309512},{"id":39570,"n":"Céréales Jordans Country Crisp 4 Noix - 550g","p":3.17,"u":"5,76 €/KG","img":"https://fd13-photos.leclercdrive.fr/image.ashx?id=2973487&use=l&cat=p&typeid=i","cat":309512},{"id":39572,"n":"Biscuits batonnets P'tit Déli Chocolat au lait 90g","p":1.29,"u":"14,33 €/KG","img":"https://fd13-photos.leclercdrive.fr/image.ashx?id=2328779&use=l&cat=p&typeid=i","cat":284488},{"id":39616,"n":"Sirop Moulin de Valdonne Fraise - 70cl","p":3.31,"u":"4,73 €/L","img":"https://fd13-photos.leclercdrive.fr/image.ashx?id=2170559&use=l&cat=p&typeid=i","cat":295020},{"id":39617,"n":"Sirop Moulin de Valdonne Menthe - 70cl","p":3.01,"u":"4,30 €/L","img":"https://fd13-photos.leclercdrive.fr/image.ashx?id=2170550&use=l&cat=p&typeid=i","cat":295020},{"id":39621,"n":"Boisson énergisante Red Bull 4x355ml","p":6.21,"u":"4,37 €/L","img":"https://fd13-photos.leclercdrive.fr/image.ashx?id=3011983&use=l&cat=p&typeid=i","cat":284533},{"id":39729,"n":"Couette basique Tissaia Blanc - 240x220cm","p":37.95,"u":"Dont 0,60 € d'éco-part.","img":"https://fd13-photos.leclercdrive.fr/image.ashx?id=2648448&use=l&cat=p&typeid=i","cat":288835},{"id":39730,"n":"Couette basique Tissaia 140x200 cm","p":22.95,"img":"https://fd13-photos.leclercdrive.fr/image.ashx?id=2648442&use=l&cat=p&typeid=i","cat":288835},{"id":39735,"n":"Huile Isio 4 Lesieur Stop goutte - 675ml","p":2.82,"u":"4,18 €/L","img":"https://fd13-photos.leclercdrive.fr/image.ashx?id=2916015&use=l&cat=p&typeid=i","cat":284453},{"id":39743,"n":"Bière blonde 8.6 Gold Canette 50cl - 8.6%vol","p":1.32,"u":"2,64 €/L","img":"https://fd13-photos.leclercdrive.fr/image.ashx?id=1883591&use=l&cat=p&typeid=i","cat":334853},{"id":39750,"n":"Confiture Bonne Maman Myrtille cassis 370g","p":2.36,"u":"6,38 €/KG","img":"https://fd13-photos.leclercdrive.fr/image.ashx?id=2963427&use=l&cat=p&typeid=i","cat":284480},{"id":39752,"n":"Confiture Bonne Maman Abricots / Pêches - 370g","p":2.35,"u":"6,35 €/KG","img":"https://fd13-photos.leclercdrive.fr/image.ashx?id=2335946&use=l&cat=p&typeid=i","cat":284480},{"id":39770,"n":"Edulcorant Canderel Pot, poudre 80g","p":2.29,"u":"28,63 €/KG","img":"https://fd13-photos.leclercdrive.fr/image.ashx?id=2811020&use=l&cat=p&typeid=i","cat":324846},{"id":39777,"n":"AOP Crémant d'Alsace Blanc Brut Arthur Metz - 75cl","p":6.9,"u":"9,20 €/L","img":"https://fd13-photos.leclercdrive.fr/image.ashx?id=2422926&use=l&cat=p&typeid=i","cat":284544},{"id":39783,"n":"Liqueur Malibu Coco 18% vol - 1L","p":15.59,"u":"15,59 €/L","img":"https://fd13-photos.leclercdrive.fr/image.ashx?id=2396881&use=l&cat=p&typeid=i","cat":284551},{"id":39827,"n":"Sauce Algerienne Colona 500ml","p":2.95,"u":"5,90 €/L","img":"https://fd13-photos.leclercdrive.fr/image.ashx?id=2687182&use=l&cat=p&typeid=i","cat":318431},{"id":39835,"n":"Boisson énergisante X-tense Canette - 50cl","p":0.89,"u":"1,78 €/L","img":"https://fd13-photos.leclercdrive.fr/image.ashx?id=2841154&use=l&cat=p&typeid=i","cat":284533},{"id":39856,"n":"Sirop Frucci  Citron vert - 75cl","p":3.29,"u":"4,39 €/L","img":"https://fd13-photos.leclercdrive.fr/image.ashx?id=2842304&use=l&cat=p&typeid=i","cat":295020},{"id":39858,"n":"Sirop Frucci Fruits exotiques - 75cl","p":2.65,"u":"3,53 €/L","img":"https://fd13-photos.leclercdrive.fr/image.ashx?id=2842310&use=l&cat=p&typeid=i","cat":295020},{"id":39870,"n":"Jus multifruits Jafaden 4x20cl","p":2.94,"u":"3,68 €/L","img":"https://fd13-photos.leclercdrive.fr/image.ashx?id=2802296&use=l&cat=p&typeid=i","cat":284524},{"id":39871,"n":"Pur jus d'orange Jafaden 4x20cl","p":3.33,"u":"4,16 €/L","img":"https://fd13-photos.leclercdrive.fr/image.ashx?id=2802293&use=l&cat=p&typeid=i","cat":284521},{"id":39889,"n":"Tendres perles Blé Tipiak Prêt en 4 min - 700g","p":3.15,"u":"4,50 €/KG","img":"https://fd13-photos.leclercdrive.fr/image.ashx?id=2789095&use=l&cat=p&typeid=i","cat":284429},{"id":39894,"n":"Bière blanche Hilbörg 4,5%vol. -  6x25cl","p":3.45,"u":"2,30 €/L","img":"https://fd13-photos.leclercdrive.fr/image.ashx?id=2913696&use=l&cat=p&typeid=i","cat":334878},{"id":39934,"n":"Yaourts à la Grecque Délisse Nature - 8x125g","p":2.15,"u":"2,15 €/KG","img":"https://fd13-photos.leclercdrive.fr/image.ashx?id=1954368&use=l&cat=p&typeid=i","cat":314999},{"id":39941,"n":"Laque Fixation Forte 24h Dop Vivelle - 250ml","p":3.78,"u":"15,12 €/L","img":"https://fd13-photos.leclercdrive.fr/image.ashx?id=2457239&use=l&cat=p&typeid=i","cat":284609},{"id":39943,"n":"Laque fixation Extra-Forte Dop Vivelle - 250ml","p":3.76,"u":"15,04 €/L","img":"https://fd13-photos.leclercdrive.fr/image.ashx?id=2457236&use=l&cat=p&typeid=i","cat":284609},{"id":39946,"n":"Crème de nuit L'Oréal Paris Revitalift anti-rides - 50ml","p":7.83,"u":"156,60 €/L","img":"https://fd13-photos.leclercdrive.fr/image.ashx?id=2865869&use=l&cat=p&typeid=i","cat":325345},{"id":39947,"n":"Soin de jour L'Oréal Paris Revitalift Anti-rides - 50ml","p":7.81,"u":"156,20 €/L","img":"https://fd13-photos.leclercdrive.fr/image.ashx?id=2851078&use=l&cat=p&typeid=i","cat":325345},{"id":39950,"n":"Yaourts Lait de brebis Délisse Nature - 4x125g","p":2.19,"u":"4,38 €/KG","img":"https://fd13-photos.leclercdrive.fr/image.ashx?id=1872007&use=l&cat=p&typeid=i","cat":314998},{"id":39951,"n":"Crème dessert Délisse Pistache - 4x125g","p":0.89,"u":"1,78 €/KG","img":"https://fd13-photos.leclercdrive.fr/image.ashx?id=2441333&use=l&cat=p&typeid=i","cat":285041},{"id":39952,"n":"Dessert Liégeois Délisse Vanille Chocolat - 8x100g","p":2.09,"u":"2,61 €/KG","img":"https://fd13-photos.leclercdrive.fr/image.ashx?id=1868869&use=l&cat=p&typeid=i","cat":285042},{"id":39953,"n":"crème dessert chocolat danette pop billes 3 chocolats - 4x117g","p":2.49,"u":"5,32 €/KG","img":"https://fd13-photos.leclercdrive.fr/image.ashx?id=2926230&use=l&cat=p&typeid=i","cat":285041},{"id":39954,"n":"Crème dessert vanille Danette  Billes 3 chocolats - 4x117g","p":2.52,"u":"5,38 €/KG","img":"https://fd13-photos.leclercdrive.fr/image.ashx?id=2926227&use=l&cat=p&typeid=i","cat":285041},{"id":39961,"n":"Emiettés de sardines Gastromer Citron - 150g","p":1.99,"pp":1.31,"u":"8,73 €/KG","img":"https://fd13-photos.leclercdrive.fr/image.ashx?id=1605758&use=l&cat=p&typeid=i","cat":285191},{"id":39970,"n":"Poivre noir moulu Ducros N°8 - 38g","p":2.14,"u":"56,32 €/KG","img":"https://fd13-photos.leclercdrive.fr/image.ashx?id=2311051&use=l&cat=p&typeid=i","cat":284457},{"id":39972,"n":"Basilic Ducros 11g","p":1.33,"u":"120,91 €/KG","img":"https://fd13-photos.leclercdrive.fr/image.ashx?id=2559469&use=l&cat=p&typeid=i","cat":298297},{"id":39973,"n":"Plat bébé Blédina 12 mois  Boulghour tomate saumon -2x200g","p":2.6,"u":"6,50 €/KG","img":"https://fd13-photos.leclercdrive.fr/image.ashx?id=2975083&use=l&cat=p&typeid=i","cat":312237},{"id":39974,"n":"Plat bébé Blédina 6 mois  Purée butternut poulet - 2x200g","p":2.53,"u":"6,33 €/KG","img":"https://fd13-photos.leclercdrive.fr/image.ashx?id=2975080&use=l&cat=p&typeid=i","cat":312236},{"id":39992,"n":"Gel douche Manava Monoï de Polynésie 250ml","p":1.15,"u":"4,60 €/L","img":"https://fd13-photos.leclercdrive.fr/image.ashx?id=1951064&use=l&cat=p&typeid=i","cat":284594},{"id":39995,"n":"Recharge gel lavant Manava Savon de Marseil. Olive - 250ml","p":0.66,"u":"2,64 €/L","img":"https://fd13-photos.leclercdrive.fr/image.ashx?id=2935501&use=l&cat=p&typeid=i","cat":284597},{"id":40003,"n":"Saucisson Justin Bridou La Juste Sèche - 275g","p":3.76,"u":"13,67 €/KG","img":"https://fd13-photos.leclercdrive.fr/image.ashx?id=2756927&use=l&cat=p&typeid=i","cat":316006},{"id":40004,"n":"Saucisson Mini Justin Bridou  Bâton de Berger - 100g","p":2.33,"u":"23,30 €/KG","img":"https://fd13-photos.leclercdrive.fr/image.ashx?id=3011440&use=l&cat=p&typeid=i","cat":316006},{"id":40017,"n":"Tzatziki Blini Extra - 175g","p":2.76,"u":"15,77 €/KG","img":"https://fd13-photos.leclercdrive.fr/image.ashx?id=2973703&use=l&cat=p&typeid=i","cat":315999},{"id":40027,"n":"Tartinable Thon Cap Océan MSC Fromage Frais Ciboulette - 140g","p":1.88,"u":"13,43 €/KG","img":"https://fd13-photos.leclercdrive.fr/image.ashx?id=2434425&use=l&cat=p&typeid=i","cat":285191},{"id":40033,"n":"Yaourt nature sucré Yoplait - 16x125g","p":3.28,"u":"1,64 €/KG","img":"https://fd13-photos.leclercdrive.fr/image.ashx?id=2796821&use=l&cat=p&typeid=i","cat":284409},{"id":40034,"n":"Menthe Pastille Giffard 24%vol - 70cl","p":11.85,"pp":10.85,"u":"15,50 €/L","img":"https://fd13-photos.leclercdrive.fr/image.ashx?id=2529903&use=l&cat=p&typeid=i","cat":286032},{"id":40038,"n":"Bière Lindemans Kriek 3.5%vol. - 25cl","p":1.69,"u":"6,76 €/L","img":"https://fd13-photos.leclercdrive.fr/image.ashx?id=2830894&use=l&cat=p&typeid=i","cat":334872},{"id":40046,"n":"Bière blonde triple Chimay 8%vol -  33cl","p":2.09,"u":"6,33 €/L","img":"https://fd13-photos.leclercdrive.fr/image.ashx?id=1758846&use=l&cat=p&typeid=i","cat":334872},{"id":40051,"n":"Crêpes bretonnes Saint Michel Nature - x12 - 315g","p":2.24,"u":"7,11 €/KG","img":"https://fd13-photos.leclercdrive.fr/image.ashx?id=2060238&use=l&cat=p&typeid=i","cat":284494},{"id":40089,"n":"Gel douche Manava Cranberry myrtille - 250ml","p":1.15,"u":"4,60 €/L","img":"https://fd13-photos.leclercdrive.fr/image.ashx?id=1961455&use=l&cat=p&typeid=i","cat":284594},{"id":40090,"n":"Lait corps Inell Nourrissant - 250ml","p":2.33,"u":"9,32 €/L","img":"https://fd13-photos.leclercdrive.fr/image.ashx?id=1732820&use=l&cat=p&typeid=i","cat":325349},{"id":40094,"n":"Saucissons secs Saint Azay Stick nature 100g","p":1.99,"u":"19,90 €/KG","img":"https://fd13-photos.leclercdrive.fr/image.ashx?id=2977162&use=l&cat=p&typeid=i","cat":316006},{"id":40101,"n":"Saucisson Saint-Azay  Fuet Catalan - 170 g","p":2.09,"u":"12,29 €/KG","img":"https://fd13-photos.leclercdrive.fr/image.ashx?id=2856302&use=l&cat=p&typeid=i","cat":316006},{"id":40122,"n":"AOP Côtes de Provence vin rosé Terres Ocrées - 75cl - 13%","p":4.99,"u":"6,65 €/L","img":"https://fd13-photos.leclercdrive.fr/image.ashx?id=2896895&use=l&cat=p&typeid=i","cat":289558},{"id":40133,"n":"Gaufrettes Paille d'Or LU Framboise - 170g","p":1.84,"u":"10,82 €/KG","img":"https://fd13-photos.leclercdrive.fr/image.ashx?id=2883753&use=l&cat=p&typeid=i","cat":284489},{"id":40134,"n":"Biscottes Heudebert  Nature - 830g","p":3.21,"u":"3,87 €/KG","img":"https://fd13-photos.leclercdrive.fr/image.ashx?id=2473705&use=l&cat=p&typeid=i","cat":284479},{"id":40135,"n":"Biscottes Heudebert  Nature - 300g","p":1.27,"u":"4,23 €/KG","img":"https://fd13-photos.leclercdrive.fr/image.ashx?id=2368291&use=l&cat=p&typeid=i","cat":284479},{"id":40142,"n":"Compote Douceur du Verger Coupelle multivariétés -16x100g","p":3.99,"u":"2,49 €/KG","img":"https://fd13-photos.leclercdrive.fr/image.ashx?id=2663533&use=l&cat=p&typeid=i","cat":284508},{"id":40180,"n":"Emiettés surimi crabe Gastromer 150g","p":1.99,"pp":1.31,"u":"8,73 €/KG","img":"https://fd13-photos.leclercdrive.fr/image.ashx?id=1605662&use=l&cat=p&typeid=i","cat":285191},{"id":40214,"n":"Sauce Pesto Barilla Basilic et Roquette - 190g","p":1.93,"u":"10,16 €/KG","img":"https://fd13-photos.leclercdrive.fr/image.ashx?id=2457980&use=l&cat=p&typeid=i","cat":287599},{"id":40215,"n":"Petit pot soir Babybio Bio P.pois maïs riz, 6 mois 2x200g","p":2.69,"u":"6,73 €/KG","img":"https://fd13-photos.leclercdrive.fr/image.ashx?id=2827476&use=l&cat=p&typeid=i","cat":312239},{"id":40217,"n":"Petits pots Babybio Bio Légumes jambon - 8mois 2x200g","p":2.99,"u":"7,48 €/KG","img":"https://fd13-photos.leclercdrive.fr/image.ashx?id=2838464&use=l&cat=p&typeid=i","cat":312236},{"id":40279,"n":"Jus innocent orange sans pulpe 900ml","p":2.47,"u":"2,74 €/L","img":"https://fd13-photos.leclercdrive.fr/image.ashx?id=2736583&use=l&cat=p&typeid=i","cat":285435},{"id":40303,"n":"Coton Duo Démaquillants Inell Ovale - Aloé véra - Disques x60","p":1.69,"img":"https://fd13-photos.leclercdrive.fr/image.ashx?id=1926957&use=l&cat=p&typeid=i","cat":285593},{"id":40311,"n":"Biscuits cacao P'tit Déli Chocolat noir/blanc - 115g","p":2.0,"u":"17,39 €/KG","img":"https://fd13-photos.leclercdrive.fr/image.ashx?id=2566197&use=l&cat=p&typeid=i","cat":284488},{"id":40313,"n":"Madeleines marbrées P'tit Déli Chocolat 400g","p":2.15,"u":"5,38 €/KG","img":"https://fd13-photos.leclercdrive.fr/image.ashx?id=2646065&use=l&cat=p&typeid=i","cat":284492},{"id":40315,"n":"Chips ondulées Pom'Lisse Epicé - 135g","p":1.17,"u":"8,67 €/KG","img":"https://fd13-photos.leclercdrive.fr/image.ashx?id=2254535&use=l&cat=p&typeid=i","cat":284447},{"id":40330,"n":"Sablés P'tit Déli Pur beurre framboise - 100g","p":1.18,"u":"11,80 €/KG","img":"https://fd13-photos.leclercdrive.fr/image.ashx?id=2691297&use=l&cat=p&typeid=i","cat":284487},{"id":40332,"n":"Bière aromatisée Desperados 5.9%vol. - 20x25cl","p":18.23,"u":"3,65 €/L","img":"https://fd13-photos.leclercdrive.fr/image.ashx?id=2977300&use=l&cat=p&typeid=i","cat":334878},{"id":40342,"n":"Serviette Tena Lady - Maxi Night - x12","p":6.11,"u":"0,51 €/P","img":"https://fd13-photos.leclercdrive.fr/image.ashx?id=2597232&use=l&cat=p&typeid=i","cat":284628},{"id":40345,"n":"Cotons Démaquillants Demak'Up Original ovale x70","p":1.82,"u":"0,03 €/P","img":"https://fd13-photos.leclercdrive.fr/image.ashx?id=2791458&use=l&cat=p&typeid=i","cat":285593},{"id":40369,"n":"Gingembre Tanoshi En fines lamelles - 200g","p":4.26,"u":"21,30 €/KG","img":"https://fd13-photos.leclercdrive.fr/image.ashx?id=2921157&use=l&cat=p&typeid=i","cat":288992},{"id":40430,"n":"Plat bébé soir Blédiner 8 mois  Patate douce carotte - 2x200g","p":2.24,"u":"5,60 €/KG","img":"https://fd13-photos.leclercdrive.fr/image.ashx?id=2902969&use=l&cat=p&typeid=i","cat":312239},{"id":40490,"n":"Compote Andros Pomme abricot - 8x100g","p":2.59,"u":"3,24 €/KG","img":"https://fd13-photos.leclercdrive.fr/image.ashx?id=2968097&use=l&cat=p&typeid=i","cat":284416},{"id":40491,"n":"Compotes Andros Pomme poire 8x100g","p":2.76,"u":"3,45 €/KG","img":"https://fd13-photos.leclercdrive.fr/image.ashx?id=2883943&use=l&cat=p&typeid=i","cat":284416},{"id":40494,"n":"Compotes Andros Pomme châtaigne 8x100g","p":2.85,"u":"3,56 €/KG","img":"https://fd13-photos.leclercdrive.fr/image.ashx?id=2988611&use=l&cat=p&typeid=i","cat":284416},{"id":40495,"n":"Gâteau mix max Balconi Cacao 350g","p":1.91,"u":"5,46 €/KG","img":"https://fd13-photos.leclercdrive.fr/image.ashx?id=2878408&use=l&cat=p&typeid=i","cat":284495},{"id":40516,"n":"Compote Douceur du Verger Gourdes multivariétés - 12x90g","p":4.09,"u":"3,79 €/KG","img":"https://fd13-photos.leclercdrive.fr/image.ashx?id=2837051&use=l&cat=p&typeid=i","cat":284508},{"id":40518,"n":"Kit burritos Old El Paso extra doux - 491g","p":4.72,"u":"9,61 €/KG","img":"https://fd13-photos.leclercdrive.fr/image.ashx?id=2759496&use=l&cat=p&typeid=i","cat":288993},{"id":40519,"n":"Kit fajitas Old El Paso extra doux - 478g","p":5.2,"u":"10,88 €/KG","img":"https://fd13-photos.leclercdrive.fr/image.ashx?id=2765405&use=l&cat=p&typeid=i","cat":288993},{"id":40573,"n":"Tablette chocolat Milka Chocolat lait/Noisette - 2x100g","p":3.41,"u":"17,05 €/KG","img":"https://fd13-photos.leclercdrive.fr/image.ashx?id=2832422&use=l&cat=p&typeid=i","cat":284497},{"id":40574,"n":"Tablette chocolat Milka Chocolat lait/Riz - 2x100g","p":3.05,"u":"15,25 €/KG","img":"https://fd13-photos.leclercdrive.fr/image.ashx?id=2400448&use=l&cat=p&typeid=i","cat":284497},{"id":40586,"n":"Glaces Yéti Best Of - 8 bâtonnets - 360g","p":3.58,"u":"9,94 €/KG","img":"https://fd13-photos.leclercdrive.fr/image.ashx?id=1921194&use=l&cat=p&typeid=i","cat":285250},{"id":40610,"n":"Pérail Lou Pérac Fromage de brebis - 100g","p":2.16,"u":"21,60 €/KG","img":"https://fd13-photos.leclercdrive.fr/image.ashx?id=2848545&use=l&cat=p&typeid=i","cat":314031},{"id":40612,"n":"Fromage de Brebis Etorki  180g","p":3.44,"u":"19,11 €/KG","img":"https://fd13-photos.leclercdrive.fr/image.ashx?id=2702816&use=l&cat=p&typeid=i","cat":329184},{"id":40620,"n":"Jus innocent  orange sans pulpe 1.5L","p":3.58,"u":"2,39 €/L","img":"https://fd13-photos.leclercdrive.fr/image.ashx?id=2889811&use=l&cat=p&typeid=i","cat":285435},{"id":40631,"n":"Levure Chimique Alsacienne alsa 8 sachets - 88g","p":0.68,"u":"7,73 €/KG","img":"https://fd13-photos.leclercdrive.fr/image.ashx?id=3009335&use=l&cat=p&typeid=i","cat":294686},{"id":40649,"n":"Pansement Primoplast Transparents x40","p":0.99,"u":"0,02 €/P","img":"https://fd13-photos.leclercdrive.fr/image.ashx?id=2832957&use=l&cat=p&typeid=i","cat":284630},{"id":40666,"n":"Antiseptique Primoplast Spray - 100ml","p":2.4,"u":"24,00 €/L","img":"https://fd13-photos.leclercdrive.fr/image.ashx?id=1724578&use=l&cat=p&typeid=i","cat":284630},{"id":40676,"n":"Beurre Tendre Président Demi-sel - 80% MG - 250g","p":3.21,"u":"12,84 €/KG","img":"https://fd13-photos.leclercdrive.fr/image.ashx?id=2731420&use=l&cat=p&typeid=i","cat":284379},{"id":40736,"n":"Saumon fumé Labeyrie Norvège 2 tranches - 75g","p":4.65,"u":"62,00 €/KG","img":"https://fd13-photos.leclercdrive.fr/image.ashx?id=2729905&use=l&cat=p&typeid=i","cat":285188},{"id":40774,"n":"Lingettes nettoyantes La Croix Désinfectant Javel - x 25","p":1.53,"u":"0,06 €/P","img":"https://fd13-photos.leclercdrive.fr/image.ashx?id=2540106&use=l&cat=p&typeid=i","cat":325358},{"id":40776,"n":"Détachant avant lavage K2R  Tâche incrustée mousse  - 400mL","p":2.76,"u":"6,90 €/L","img":"https://fd13-photos.leclercdrive.fr/image.ashx?id=2101177&use=l&cat=p&typeid=i","cat":284651},{"id":40789,"n":"Yaourts à boire Délisse Fraise - 8x100g","p":1.95,"u":"2,44 €/KG","img":"https://fd13-photos.leclercdrive.fr/image.ashx?id=2762504&use=l&cat=p&typeid=i","cat":284415},{"id":40790,"n":"Yaourt brassé Bio Bio Village Nature - 4x125g","p":1.2,"u":"2,40 €/KG","img":"https://fd13-photos.leclercdrive.fr/image.ashx?id=2064624&use=l&cat=p&typeid=i","cat":284409},{"id":40805,"n":"Rondelle caoutchouc Le Parfait Diamètre 70 - x10","p":2.6,"u":"0,26 €/P","img":"https://fd13-photos.leclercdrive.fr/image.ashx?id=2807489&use=l&cat=p&typeid=i","cat":284710},{"id":40806,"n":"Recharge Frixion Ball Pilot Moyen x3","p":4.56,"u":"1,52 €/P","img":"https://fd13-photos.leclercdrive.fr/image.ashx?id=2969073&use=l&cat=p&typeid=i","cat":284696},{"id":40904,"n":"Pesto rosso Turini 190g","p":1.68,"u":"8,84 €/KG","img":"https://fd13-photos.leclercdrive.fr/image.ashx?id=2546257&use=l&cat=p&typeid=i","cat":287599},{"id":40908,"n":"Sauce pizza Tomapizza Panzani aux tomates et origan - 390g","p":1.36,"u":"3,49 €/KG","img":"https://fd13-photos.leclercdrive.fr/image.ashx?id=2744626&use=l&cat=p&typeid=i","cat":288384},{"id":40931,"n":"Whisky Aberlour 12 ans Single Malt Scotch 40% vol 70cl","p":32.91,"u":"47,01 €/L","img":"https://fd13-photos.leclercdrive.fr/image.ashx?id=2999847&use=l&cat=p&typeid=i","cat":284547},{"id":40943,"n":"Whisky Single malt Caol Ila 12ans 43%vol - 70cl","p":37.9,"u":"54,14 €/L","img":"https://fd13-photos.leclercdrive.fr/image.ashx?id=1853499&use=l&cat=p&typeid=i","cat":284547},{"id":40944,"n":"Whisky Singleton Duftown 12 ans - 70cl","p":29.84,"u":"42,63 €/L","img":"https://fd13-photos.leclercdrive.fr/image.ashx?id=2149453&use=l&cat=p&typeid=i","cat":284547},{"id":40946,"n":"Whisky Chivas Regal 18 ans Blended Scotch 40% vol - 70cl","p":50.9,"pp":45.81,"u":"65,44 €/L","img":"https://fd13-photos.leclercdrive.fr/image.ashx?id=2884084&use=l&cat=p&typeid=i","cat":284547},{"id":40948,"n":"Whisky Season Knockando 12 ans - 43%vol - 70cl","p":30.93,"u":"44,19 €/L","img":"https://fd13-photos.leclercdrive.fr/image.ashx?id=2397496&use=l&cat=p&typeid=i","cat":284547},{"id":40955,"n":"Whisky Bourbon Woodford Reserve 70cL","p":32.96,"u":"47,09 €/L","img":"https://fd13-photos.leclercdrive.fr/image.ashx?id=2581337&use=l&cat=p&typeid=i","cat":284547},{"id":40956,"n":"Whisky Jack Daniel's Single Barrel 70cL","p":34.62,"u":"49,46 €/L","img":"https://fd13-photos.leclercdrive.fr/image.ashx?id=2540013&use=l&cat=p&typeid=i","cat":284547},{"id":40967,"n":"AOP Bourgogne Aligoté vin blanc Antoine Barrier - 75cl","p":6.49,"u":"8,65 €/L","img":"https://fd13-photos.leclercdrive.fr/image.ashx?id=2691321&use=l&cat=p&typeid=i","cat":289557},{"id":41002,"n":"Repas fraicheur pour chat Sheba Volaille en sauce - 6x50g","p":2.56,"u":"8,53 €/KG","img":"https://fd13-photos.leclercdrive.fr/image.ashx?id=2888097&use=l&cat=p&typeid=i","cat":285286},{"id":41004,"n":"Bâtonnets Dentastix Pedigree  Fresh Petit chien x7 - 110g","p":2.01,"u":"18,27 €/KG","img":"https://fd13-photos.leclercdrive.fr/image.ashx?id=2850168&use=l&cat=p&typeid=i","cat":294527},{"id":41006,"n":"Biscuits chien Pedigree Markies fourrés - 500g","p":1.74,"u":"3,48 €/KG","img":"https://fd13-photos.leclercdrive.fr/image.ashx?id=2254319&use=l&cat=p&typeid=i","cat":294527},{"id":41009,"n":"Friandises chat Catisfactions Fromage - 60g","p":1.14,"u":"19,00 €/KG","img":"https://fd13-photos.leclercdrive.fr/image.ashx?id=2912608&use=l&cat=p&typeid=i","cat":285285},{"id":41016,"n":"Sachet fraîcheur chat Sheba Poissons en sauce - 4x85g","p":2.15,"u":"6,32 €/KG","img":"https://fd13-photos.leclercdrive.fr/image.ashx?id=2759625&use=l&cat=p&typeid=i","cat":285286},{"id":41018,"n":"Pur jus d'ananas Jafaden Bouteille 1L","p":1.99,"u":"1,99 €/L","img":"https://fd13-photos.leclercdrive.fr/image.ashx?id=2956729&use=l&cat=p&typeid=i","cat":284916},{"id":41019,"n":"Pur jus de raisin Jafaden Bouteille 1L","p":1.54,"u":"1,54 €/L","img":"https://fd13-photos.leclercdrive.fr/image.ashx?id=2860757&use=l&cat=p&typeid=i","cat":284915},{"id":41020,"n":"Pur jus Jafaden Clémentine - 1L","p":1.91,"u":"1,91 €/L","img":"https://fd13-photos.leclercdrive.fr/image.ashx?id=2895786&use=l&cat=p&typeid=i","cat":284915},{"id":41022,"n":"Sachet fraicheur chat Sheba Thon cabillaud en sauce - 6x50g","p":2.58,"u":"8,60 €/KG","img":"https://fd13-photos.leclercdrive.fr/image.ashx?id=2347128&use=l&cat=p&typeid=i","cat":285286},{"id":41079,"n":"Yaourts Savoie Yaourt Fruits rouges - 6x125g","p":2.69,"u":"3,59 €/KG","img":"https://fd13-photos.leclercdrive.fr/image.ashx?id=2504746&use=l&cat=p&typeid=i","cat":284410},{"id":41117,"n":"Vinaigre de nettoyage Clair Citron - 750ml","p":1.95,"u":"2,60 €/L","img":"https://fd13-photos.leclercdrive.fr/image.ashx?id=1947728&use=l&cat=p&typeid=i","cat":325365},{"id":41140,"n":"Filets maquereaux Pêche Océan Naturel - 95g","p":1.48,"u":"15,58 €/KG","img":"https://fd13-photos.leclercdrive.fr/image.ashx?id=2515685&use=l&cat=p&typeid=i","cat":303868},{"id":41162,"n":"Olives Apéritives Cassées à l'ail - 250g","p":2.83,"u":"11,32 €/KG","img":"https://fd13-photos.leclercdrive.fr/image.ashx?id=2833696&use=l&cat=p&typeid=i","cat":316002},{"id":41168,"n":"Alcool pour fruits Dob 40° - 1L","p":15.9,"u":"15,90 €/L","img":"https://fd13-photos.leclercdrive.fr/image.ashx?id=2179356&use=l&cat=p&typeid=i","cat":286032},{"id":41188,"n":"Captain Morgan Original Spiced Boisson à base de rhum- 70cl","p":12.69,"u":"18,13 €/L","img":"https://fd13-photos.leclercdrive.fr/image.ashx?id=2518403&use=l&cat=p&typeid=i","cat":284551},{"id":41190,"n":"Liqueur de Whisky Jack Daniel's Honey 70cL","p":19.95,"pp":17.95,"u":"25,64 €/L","img":"https://fd13-photos.leclercdrive.fr/image.ashx?id=2973982&use=l&cat=p&typeid=i","cat":286032},{"id":41223,"n":"Chips natures paysannes Bret's Au sel de Guérande 250g","p":2.27,"u":"9,08 €/KG","img":"https://fd13-photos.leclercdrive.fr/image.ashx?id=2217651&use=l&cat=p&typeid=i","cat":284447},{"id":41237,"n":"Beurre La Motte Président Doux - 82%mg - 250g","p":3.19,"u":"12,76 €/KG","img":"https://fd13-photos.leclercdrive.fr/image.ashx?id=2896955&use=l&cat=p&typeid=i","cat":284379},{"id":41238,"n":"Beurre La Motte Président Sel de mer - 80% MG - 250g","p":3.19,"u":"12,76 €/KG","img":"https://fd13-photos.leclercdrive.fr/image.ashx?id=2896958&use=l&cat=p&typeid=i","cat":284379},{"id":41268,"n":"Croquettes chat  Eco+ Viandes légumes-  2kg","p":2.33,"u":"1,17 €/KG","img":"https://fd13-photos.leclercdrive.fr/image.ashx?id=2932381&use=l&cat=p&typeid=i","cat":284680},{"id":41271,"n":"Croquettes chiens Eco+ Adulte - Boeuf - 10kg","p":9.97,"u":"1,00 €/KG","img":"https://fd13-photos.leclercdrive.fr/image.ashx?id=2946808&use=l&cat=p&typeid=i","cat":284672},{"id":41275,"n":"Croquettes chat Purina One Sterilisé - Poulet - 1,5kg","p":6.94,"u":"4,63 €/KG","img":"https://fd13-photos.leclercdrive.fr/image.ashx?id=2488046&use=l&cat=p&typeid=i","cat":284680},{"id":41278,"n":"Croquettes chiens Eco+ Adulte - Viande -  4kg","p":3.93,"u":"0,98 €/KG","img":"https://fd13-photos.leclercdrive.fr/image.ashx?id=2946799&use=l&cat=p&typeid=i","cat":284672},{"id":41283,"n":"Sachets pour chats Gourmet Multivariétés - 12x85g","p":5.59,"u":"5,48 €/KG","img":"https://fd13-photos.leclercdrive.fr/image.ashx?id=2902343&use=l&cat=p&typeid=i","cat":285286},{"id":41285,"n":"Croquettes chaton Purina One  Junior -Poulet/Céréales - 1,5kg","p":7.34,"u":"4,89 €/KG","img":"https://fd13-photos.leclercdrive.fr/image.ashx?id=2433563&use=l&cat=p&typeid=i","cat":284680},{"id":41286,"n":"Croquettes chat Purina One  Stérilisé Adulte-Saumon/Blé-3kg","p":13.29,"u":"4,43 €/KG","img":"https://fd13-photos.leclercdrive.fr/image.ashx?id=2488049&use=l&cat=p&typeid=i","cat":284680},{"id":41287,"n":"Croquettes chiens Purina One Minis chiens adultes -  1,5kg","p":5.39,"u":"3,59 €/KG","img":"https://fd13-photos.leclercdrive.fr/image.ashx?id=2899674&use=l&cat=p&typeid=i","cat":294526},{"id":41289,"n":"Croquettes chat Purina One Urinary care - Poulet - 450g","p":2.79,"u":"6,20 €/KG","img":"https://fd13-photos.leclercdrive.fr/image.ashx?id=2459940&use=l&cat=p&typeid=i","cat":284680},{"id":41291,"n":"Croquettes chat Purina One Stérilisé Adulte-Boeuf/blé -3kg","p":13.15,"u":"4,38 €/KG","img":"https://fd13-photos.leclercdrive.fr/image.ashx?id=2488043&use=l&cat=p&typeid=i","cat":284680},{"id":41293,"n":"Sachets repas chats Purina One Stérilisés - Saumon Dinde 4x85g","p":2.07,"u":"6,09 €/KG","img":"https://fd13-photos.leclercdrive.fr/image.ashx?id=2902349&use=l&cat=p&typeid=i","cat":285286},{"id":41337,"n":"Lait céréales Blédidej 9 mois Madeleine - 4x250ml","p":3.68,"u":"3,68 €/L","img":"https://fd13-photos.leclercdrive.fr/image.ashx?id=2921052&use=l&cat=p&typeid=i","cat":312226},{"id":41352,"n":"Gommage visage Inell Douceur - 75ml","p":2.0,"u":"26,67 €/L","img":"https://fd13-photos.leclercdrive.fr/image.ashx?id=2686344&use=l&cat=p&typeid=i","cat":284603},{"id":41366,"n":"Nuggets de poulet Côté Croc Croustillant - 200g","p":1.79,"u":"8,95 €/KG","img":"https://fd13-photos.leclercdrive.fr/image.ashx?id=1886576&use=l&cat=p&typeid=i","cat":333684},{"id":41377,"n":"Manchons de poulet Côté Croc Croustillant - 250g","p":2.59,"u":"10,36 €/KG","img":"https://fd13-photos.leclercdrive.fr/image.ashx?id=1703557&use=l&cat=p&typeid=i","cat":333685},{"id":41422,"n":"Fromage à Tartiner St Môret  Nature - 300g","p":3.29,"u":"10,97 €/KG","img":"https://fd13-photos.leclercdrive.fr/image.ashx?id=2755465&use=l&cat=p&typeid=i","cat":314029},{"id":41460,"n":"Pain de mie 100% Mie Harrys Complet sans croûte - 500g","p":1.81,"u":"3,62 €/KG","img":"https://fd13-photos.leclercdrive.fr/image.ashx?id=2731864&use=l&cat=p&typeid=i","cat":284477},{"id":41463,"n":"Autocollants Insectivor Anti-mouches - x4","p":2.54,"u":"0,64 €/P","img":"https://fd13-photos.leclercdrive.fr/image.ashx?id=2606828&use=l&cat=p&typeid=i","cat":298368},{"id":41464,"n":"Purée de tomates Turini Brique 500g","p":0.75,"u":"1,50 €/KG","img":"https://fd13-photos.leclercdrive.fr/image.ashx?id=1686100&use=l&cat=p&typeid=i","cat":288384},{"id":41465,"n":"Cotons Inell Maxi confort x80","p":1.78,"img":"https://fd13-photos.leclercdrive.fr/image.ashx?id=1926969&use=l&cat=p&typeid=i","cat":284636},{"id":41466,"n":"Coton carré bébé Mots d'Enfants Aloe vera x50","p":1.67,"u":"0,03 €/P","img":"https://fd13-photos.leclercdrive.fr/image.ashx?id=3014236&use=l&cat=p&typeid=i","cat":284739},{"id":41467,"n":"Sauce Pesto Tradizioni d'Italia Rosso - 180g","p":1.82,"u":"10,11 €/KG","img":"https://fd13-photos.leclercdrive.fr/image.ashx?id=2840034&use=l&cat=p&typeid=i","cat":287599},{"id":41492,"n":"Tartines croustillantes Wasa Fibres - 230g","p":1.54,"u":"6,70 €/KG","img":"https://fd13-photos.leclercdrive.fr/image.ashx?id=3011854&use=l&cat=p&typeid=i","cat":284479},{"id":41493,"n":"Tartines croustillantes Wasa Authentique - 275g","p":1.46,"u":"5,31 €/KG","img":"https://fd13-photos.leclercdrive.fr/image.ashx?id=3011857&use=l&cat=p&typeid=i","cat":284479},{"id":41494,"n":"Bière Red 8.6 Canette - 7.9%vol. - 50cl","p":1.56,"u":"3,12 €/L","img":"https://fd13-photos.leclercdrive.fr/image.ashx?id=2687329&use=l&cat=p&typeid=i","cat":334853},{"id":41517,"n":"Couches bébé Mots d'Enfants T6 Douceur - 16kg+ - x58 changes","p":12.75,"img":"https://fd13-photos.leclercdrive.fr/image.ashx?id=2301496&use=l&cat=p&typeid=i","cat":284737},{"id":41524,"n":"Ossau Iraty AOP Istara Fromage de brebis - 180g","p":3.62,"u":"20,11 €/KG","img":"https://fd13-photos.leclercdrive.fr/image.ashx?id=2766193&use=l&cat=p&typeid=i","cat":329184},{"id":41532,"n":"Gressins Tradizioni d'Italia A la turinoise - 250g","p":2.29,"u":"9,16 €/KG","img":"https://fd13-photos.leclercdrive.fr/image.ashx?id=1952943&use=l&cat=p&typeid=i","cat":297000},{"id":41551,"n":"Soda Schweppes Saveur Citron - 1,5L","p":1.95,"u":"1,30 €/L","img":"https://fd13-photos.leclercdrive.fr/image.ashx?id=2852417&use=l&cat=p&typeid=i","cat":284532},{"id":41556,"n":"Boisson aux fruits Oasis Orange - 2L","p":2.5,"u":"1,25 €/L","img":"https://fd13-photos.leclercdrive.fr/image.ashx?id=2688653&use=l&cat=p&typeid=i","cat":295018},{"id":41557,"n":"Céréales Cookie Crisp Nestlé 625g","p":3.84,"u":"6,14 €/KG","img":"https://fd13-photos.leclercdrive.fr/image.ashx?id=2927672&use=l&cat=p&typeid=i","cat":309513},{"id":41579,"n":"Macédoine déjà égouttée D'aucy  530g","p":2.05,"u":"3,87 €/KG","img":"https://fd13-photos.leclercdrive.fr/image.ashx?id=2835833&use=l&cat=p&typeid=i","cat":312612},{"id":41596,"n":"Chips Lay's Saveur spicy - 130g","p":1.33,"u":"10,23 €/KG","img":"https://fd13-photos.leclercdrive.fr/image.ashx?id=3011131&use=l&cat=p&typeid=i","cat":284447},{"id":41603,"n":"Coeurs d'artichauts Eco + 240g","p":1.6,"u":"6,67 €/KG","img":"https://fd13-photos.leclercdrive.fr/image.ashx?id=2946154&use=l&cat=p&typeid=i","cat":312611},{"id":41606,"n":"Artichauts Tradizioni d'Italia  Demi coeurs - 280g","p":3.89,"u":"13,89 €/KG","img":"https://fd13-photos.leclercdrive.fr/image.ashx?id=1965596&use=l&cat=p&typeid=i","cat":312611},{"id":41625,"n":"Tomates Tradizioni d'Italia Séchées à huile d'olive - 270g","p":3.49,"u":"12,93 €/KG","img":"https://fd13-photos.leclercdrive.fr/image.ashx?id=783864&use=l&cat=p&typeid=i","cat":284458},{"id":41647,"n":"AOP Alsace Gewurztraminer   vin blanc Rebmann - 75 cl","p":5.99,"u":"7,99 €/L","img":"https://fd13-photos.leclercdrive.fr/image.ashx?id=2202431&use=l&cat=p&typeid=i","cat":289557},{"id":41691,"n":"AOP Cabernet d'Anjou BIO vin  rosé Les Caractères - 75cl","p":4.99,"u":"6,65 €/L","img":"https://fd13-photos.leclercdrive.fr/image.ashx?id=2816484&use=l&cat=p&typeid=i","cat":289558},{"id":41700,"n":"Sauce Tomate Cuisinée Heinz Ail & Oignon - 520g","p":1.37,"u":"2,63 €/KG","img":"https://fd13-photos.leclercdrive.fr/image.ashx?id=2950849&use=l&cat=p&typeid=i","cat":288384},{"id":41722,"n":"Bière Black Licorne Canette - 6%vol. - 50cl","p":1.59,"u":"3,18 €/L","img":"https://fd13-photos.leclercdrive.fr/image.ashx?id=2047376&use=l&cat=p&typeid=i","cat":334853},{"id":41781,"n":"Whisky Cardhu Gold reserve 40%vol. - 70cl","p":33.79,"u":"48,27 €/L","img":"https://fd13-photos.leclercdrive.fr/image.ashx?id=2518400&use=l&cat=p&typeid=i","cat":284547},{"id":41782,"n":"Whisky Talisker Skye 45,8%vol. Etui - 70cl","p":33.9,"u":"48,43 €/L","img":"https://fd13-photos.leclercdrive.fr/image.ashx?id=2165887&use=l&cat=p&typeid=i","cat":284547},{"id":41800,"n":"Mayonnaise Fine & Douce Lesieur 475g","p":2.25,"u":"4,74 €/KG","img":"https://fd13-photos.leclercdrive.fr/image.ashx?id=2918541&use=l&cat=p&typeid=i","cat":298295},{"id":41806,"n":"Ketchup nature Amora 850g","p":2.28,"u":"2,68 €/KG","img":"https://fd13-photos.leclercdrive.fr/image.ashx?id=2589690&use=l&cat=p&typeid=i","cat":284455},{"id":41820,"n":"Mayonnaise Amora Recette fouettée - 230g","p":2.31,"u":"10,04 €/KG","img":"https://fd13-photos.leclercdrive.fr/image.ashx?id=2564186&use=l&cat=p&typeid=i","cat":298295},{"id":41827,"n":"Nuggets de Poulet Père Dodu   x20 - 400g - Familial","p":3.35,"u":"8,38 €/KG","img":"https://fd13-photos.leclercdrive.fr/image.ashx?id=2957167&use=l&cat=p&typeid=i","cat":333684},{"id":41841,"n":"AOP Bordeaux vin rouge Chantet Blanet - 75cl","p":2.89,"u":"3,85 €/L","img":"https://fd13-photos.leclercdrive.fr/image.ashx?id=2366328&use=l&cat=p&typeid=i","cat":289556},{"id":41846,"n":"Compotes Andros Panachés 16x100g","p":4.83,"u":"3,02 €/KG","img":"https://fd13-photos.leclercdrive.fr/image.ashx?id=2921343&use=l&cat=p&typeid=i","cat":284416},{"id":41858,"n":"Yaourt SMARTIES Fraise bonbons chocolat 4x120g","p":2.47,"u":"5,15 €/KG","img":"https://fd13-photos.leclercdrive.fr/image.ashx?id=2890046&use=l&cat=p&typeid=i","cat":284414},{"id":41862,"n":"Compotes Andros 6 Pommes  et 6 pommes fraises - 12x100g","p":3.48,"u":"2,90 €/KG","img":"https://fd13-photos.leclercdrive.fr/image.ashx?id=2988318&use=l&cat=p&typeid=i","cat":284416},{"id":41868,"n":"Bûche de chèvre Soignon 400g","p":4.24,"u":"10,60 €/KG","img":"https://fd13-photos.leclercdrive.fr/image.ashx?id=2840988&use=l&cat=p&typeid=i","cat":314031},{"id":41870,"n":"Pur jus d'orange Jafaden Sans pulpe - 50cl","p":1.15,"u":"2,30 €/L","img":"https://fd13-photos.leclercdrive.fr/image.ashx?id=2079834&use=l&cat=p&typeid=i","cat":284521},{"id":41874,"n":"AOC Muscadet Sèvre et Maine sur Lie Les Caractères - 37,5cl","p":3.29,"u":"8,77 €/L","img":"https://fd13-photos.leclercdrive.fr/image.ashx?id=2750144&use=l&cat=p&typeid=i","cat":289557},{"id":41883,"n":"Steaks Hachés Charolais Charal Pur Bœuf 12%MG - 10x100g - 1kg","p":14.47,"u":"14,47 €/KG","img":"https://fd13-photos.leclercdrive.fr/image.ashx?id=2741943&use=l&cat=p&typeid=i","cat":319778},{"id":41903,"n":"Jus de pomme Jafaden A base de concentré - 2L","p":1.85,"u":"0,93 €/L","img":"https://fd13-photos.leclercdrive.fr/image.ashx?id=2470240&use=l&cat=p&typeid=i","cat":284522},{"id":41912,"n":"Sirop fraise de Plougastel NRT 70cl","p":3.2,"u":"4,57 €/L","img":"https://fd13-photos.leclercdrive.fr/image.ashx?id=2590481&use=l&cat=p&typeid=i","cat":295020},{"id":41920,"n":"Patch pureté Inell x6","p":2.4,"u":"0,40 €/P","img":"https://fd13-photos.leclercdrive.fr/image.ashx?id=2158221&use=l&cat=p&typeid=i","cat":284603},{"id":41921,"n":"Vin d'Union Européenne blanc Adrien Champaud - 75 cl","p":1.85,"u":"2,47 €/L","img":"https://fd13-photos.leclercdrive.fr/image.ashx?id=2955719&use=l&cat=p&typeid=i","cat":289557},{"id":41923,"n":"Vin d'Union Européenne rosé Adrien Champaud 11% vol BIB 5L","p":8.49,"u":"1,70 €/L","img":"https://fd13-photos.leclercdrive.fr/image.ashx?id=2959707&use=l&cat=p&typeid=i","cat":289560},{"id":41924,"n":"Vin d'Union Européenne rouge Adrien Champaud 12% vol BIB 5L","p":8.49,"u":"1,70 €/L","img":"https://fd13-photos.leclercdrive.fr/image.ashx?id=2959713&use=l&cat=p&typeid=i","cat":289560},{"id":41942,"n":"Bière Extreme 8.6 Canette - 10.5%vol. - 50cl","p":1.76,"u":"3,52 €/L","img":"https://fd13-photos.leclercdrive.fr/image.ashx?id=1883597&use=l&cat=p&typeid=i","cat":334853},{"id":41990,"n":"Steaks Hachés Limousin Charal Pur Bœuf 12%MG - 8x125g - 1kg","p":11.12,"u":"11,12 €/KG","img":"https://fd13-photos.leclercdrive.fr/image.ashx?id=2974626&use=l&cat=p&typeid=i","cat":319778},{"id":41994,"n":"Cassoulet William Saurin 2x840g + 1 offerte","p":5.79,"u":"2,30 €/KG","img":"https://fd13-photos.leclercdrive.fr/image.ashx?id=2757623&use=l&cat=p&typeid=i","cat":284440},{"id":42044,"n":"Noix de cajou Maître Prunille Sans sel, grillé, sachet 200g","p":3.99,"u":"19,95 €/KG","img":"https://fd13-photos.leclercdrive.fr/image.ashx?id=1750478&use=l&cat=p&typeid=i","cat":284357},{"id":42045,"n":"Amande grillée Maître Prunille Décortiquée sans sel 250g","p":3.99,"u":"15,96 €/KG","img":"https://fd13-photos.leclercdrive.fr/image.ashx?id=1750481&use=l&cat=p&typeid=i","cat":284448},{"id":42057,"n":"Asperges blanches d'aucy  21,2cl","p":2.14,"u":"19,45 €/KG","img":"https://fd13-photos.leclercdrive.fr/image.ashx?id=2597720&use=l&cat=p&typeid=i","cat":312611},{"id":42063,"n":"Madeleines Saint Michel Oeufs de poule plein air - 500g","p":1.98,"u":"3,96 €/KG","img":"https://fd13-photos.leclercdrive.fr/image.ashx?id=2936191&use=l&cat=p&typeid=i","cat":284492},{"id":42064,"n":"Madeleines Saint Michel Oeufs de poule plein air - 300g","p":3.68,"u":"12,27 €/KG","img":"https://fd13-photos.leclercdrive.fr/image.ashx?id=2936203&use=l&cat=p&typeid=i","cat":284492},{"id":42067,"n":"Biscuits p'tit déjeuner BN Chocolat - 200g","p":1.56,"u":"7,80 €/KG","img":"https://fd13-photos.leclercdrive.fr/image.ashx?id=2603468&use=l&cat=p&typeid=i","cat":284491},{"id":42081,"n":"Gaufrette wafers Balconi Noisette multi - 225g","p":1.43,"u":"6,36 €/KG","img":"https://fd13-photos.leclercdrive.fr/image.ashx?id=2854030&use=l&cat=p&typeid=i","cat":284488},{"id":42082,"n":"Gaufrette wafers Balconi Vanille multi - 225g","p":0.8,"u":"3,56 €/KG","img":"https://fd13-photos.leclercdrive.fr/image.ashx?id=2453700&use=l&cat=p&typeid=i","cat":284488},{"id":42096,"n":"Thon vapeur Petit Navire Nature - 2x130g","p":3.72,"u":"14,31 €/KG","img":"https://fd13-photos.leclercdrive.fr/image.ashx?id=2592225&use=l&cat=p&typeid=i","cat":303867},{"id":42117,"n":"Céréales muesli Bjorg Bio Sans sucre ajoutés - 375g","p":1.88,"u":"5,01 €/KG","img":"https://fd13-photos.leclercdrive.fr/image.ashx?id=2906163&use=l&cat=p&typeid=i","cat":309512},{"id":42121,"n":"Jus de carotte Gayelord Hauser - 75cl","p":2.9,"u":"3,87 €/L","img":"https://fd13-photos.leclercdrive.fr/image.ashx?id=2923783&use=l&cat=p&typeid=i","cat":284523},{"id":42123,"n":"Jus de pruneaux Gayelord Hauser - 75cl","p":3.05,"u":"4,07 €/L","img":"https://fd13-photos.leclercdrive.fr/image.ashx?id=2962482&use=l&cat=p&typeid=i","cat":284915},{"id":42140,"n":"Sirop La Maison Guiot Grenadine - 70cl","p":3.06,"u":"4,37 €/L","img":"https://fd13-photos.leclercdrive.fr/image.ashx?id=2857195&use=l&cat=p&typeid=i","cat":295020},{"id":42218,"n":"Bloc WC Bref Power  Activ'Océan toilettes - 50g x1","p":1.41,"u":"28,20 €/KG","img":"https://fd13-photos.leclercdrive.fr/image.ashx?id=2789802&use=l&cat=p&typeid=i","cat":284662},{"id":42226,"n":"Emincés de Poulet Roti Père Dod  Nature - 200g","p":3.84,"u":"19,20 €/KG","img":"https://fd13-photos.leclercdrive.fr/image.ashx?id=2957089&use=l&cat=p&typeid=i","cat":316011},{"id":42289,"n":"Huile pimentée pizza Cauvin A l'huile d'olive - 25cl","p":2.43,"u":"9,72 €/L","img":"https://fd13-photos.leclercdrive.fr/image.ashx?id=2539857&use=l&cat=p&typeid=i","cat":284453},{"id":42290,"n":"Huile de colza Eco + 1L","p":1.46,"u":"1,46 €/L","img":"https://fd13-photos.leclercdrive.fr/image.ashx?id=2486769&use=l&cat=p&typeid=i","cat":284453},{"id":42291,"n":"Huile pour friture Eco + 1L","p":2.23,"u":"2,23 €/L","img":"https://fd13-photos.leclercdrive.fr/image.ashx?id=2913639&use=l&cat=p&typeid=i","cat":284453},{"id":42295,"n":"Vinaigrette bi-phase Rustica Vin rouge/échalote - 50cl","p":2.49,"u":"4,98 €/L","img":"https://fd13-photos.leclercdrive.fr/image.ashx?id=2142190&use=l&cat=p&typeid=i","cat":284456},{"id":42297,"n":"Sauce caesar Rustica 50cl","p":2.59,"u":"5,18 €/L","img":"https://fd13-photos.leclercdrive.fr/image.ashx?id=1972928&use=l&cat=p&typeid=i","cat":284456},{"id":42321,"n":"Nettoyant Menager Cif lingettes Ocean Antibacterien - x120","p":2.2,"img":"https://fd13-photos.leclercdrive.fr/image.ashx?id=2747163&use=l&cat=p&typeid=i","cat":325358},{"id":42325,"n":"Spray Nettoyant Menager Cif  Antibacterien - 750 ml","p":2.52,"u":"3,36 €/L","img":"https://fd13-photos.leclercdrive.fr/image.ashx?id=2813540&use=l&cat=p&typeid=i","cat":325357},{"id":42331,"n":"Saucisses Knacki Herta Poulet x10 - 350g","p":1.52,"u":"4,34 €/KG","img":"https://fd13-photos.leclercdrive.fr/image.ashx?id=2290431&use=l&cat=p&typeid=i","cat":316012},{"id":42341,"n":"Compotes Pom'Potes Gourdes  Multivariétés Inédits - 12x90g","p":5.57,"u":"5,16 €/KG","img":"https://fd13-photos.leclercdrive.fr/image.ashx?id=2864309&use=l&cat=p&typeid=i","cat":284508},{"id":42428,"n":"Pains au chocolat Pasquier x8 - 360g","p":2.23,"u":"6,19 €/KG","img":"https://fd13-photos.leclercdrive.fr/image.ashx?id=2863446&use=l&cat=p&typeid=i","cat":296366},{"id":42437,"n":"Cornichons doux Orant Aux 3 herbes - 380g","p":2.83,"u":"7,45 €/KG","img":"https://fd13-photos.leclercdrive.fr/image.ashx?id=2873357&use=l&cat=p&typeid=i","cat":284458},{"id":42442,"n":"Moutarde forte Eco + 370g","p":0.73,"u":"1,97 €/KG","img":"https://fd13-photos.leclercdrive.fr/image.ashx?id=2954319&use=l&cat=p&typeid=i","cat":288850},{"id":42448,"n":"Capsules Nescafé Dolce Gusto  Ricoré Latte - x16","p":4.94,"u":"29,40 €/KG","img":"https://fd13-photos.leclercdrive.fr/image.ashx?id=2818085&use=l&cat=p&typeid=i","cat":293239},{"id":42449,"n":"Antipasto tomate séchée Sacla 280g","p":3.02,"u":"10,79 €/KG","img":"https://fd13-photos.leclercdrive.fr/image.ashx?id=2290482&use=l&cat=p&typeid=i","cat":284458},{"id":42450,"n":"Moutarde verrine Maille Fin gourmet - 155g","p":2.27,"u":"14,65 €/KG","img":"https://fd13-photos.leclercdrive.fr/image.ashx?id=2076209&use=l&cat=p&typeid=i","cat":288850},{"id":42452,"n":"Moutarde douce Amora Flacon souple - 260g","p":1.98,"u":"7,62 €/KG","img":"https://fd13-photos.leclercdrive.fr/image.ashx?id=3005401&use=l&cat=p&typeid=i","cat":288850},{"id":42459,"n":"Olives noires à la Grecque Eco+ 400g","p":2.23,"u":"5,58 €/KG","img":"https://fd13-photos.leclercdrive.fr/image.ashx?id=2970527&use=l&cat=p&typeid=i","cat":284458},{"id":42460,"n":"Olives vertes entières Eco + 400g","p":1.07,"u":"2,68 €/KG","img":"https://fd13-photos.leclercdrive.fr/image.ashx?id=2609261&use=l&cat=p&typeid=i","cat":284458},{"id":42461,"n":"Olives vertes Eco + Dénoyautées - 320g","p":1.88,"u":"5,88 €/KG","img":"https://fd13-photos.leclercdrive.fr/image.ashx?id=2609264&use=l&cat=p&typeid=i","cat":284458},{"id":42507,"n":"Crème dessert Mont Blanc Choco Vanille Praliné - 6x125g","p":4.6,"u":"6,13 €/KG","img":"https://fd13-photos.leclercdrive.fr/image.ashx?id=3011605&use=l&cat=p&typeid=i","cat":284506},{"id":42508,"n":"Cookies Nestlé Dessert Pépites de chocolat - 351g","p":3.99,"u":"11,37 €/KG","img":"https://fd13-photos.leclercdrive.fr/image.ashx?id=2848382&use=l&cat=p&typeid=i","cat":284505},{"id":42518,"n":"Complément alimentaire Juvamine Cranberry  60 gélules végétales","p":5.01,"u":"0,08 €/P","img":"https://fd13-photos.leclercdrive.fr/image.ashx?id=2578076&use=l&cat=p&typeid=i","cat":313217},{"id":42560,"n":"Jus innocent ananas passion 900ml","p":2.69,"u":"2,99 €/L","img":"https://fd13-photos.leclercdrive.fr/image.ashx?id=2861740&use=l&cat=p&typeid=i","cat":285435},{"id":42563,"n":"Boisson végétale lait d'amande bio bjorg sans sucre - 1l","p":1.7,"u":"1,70 €/L","img":"https://fd13-photos.leclercdrive.fr/image.ashx?id=2939415&use=l&cat=p&typeid=i","cat":316067},{"id":42565,"n":"Vinaigre blanc d'alcool Eco +  - 1,5L","p":0.6,"u":"0,40 €/L","img":"https://fd13-photos.leclercdrive.fr/image.ashx?id=2954049&use=l&cat=p&typeid=i","cat":298543},{"id":42567,"n":"Pâte à tartiner Bio Jardin Bio - 750g","p":6.93,"u":"9,24 €/KG","img":"https://fd13-photos.leclercdrive.fr/image.ashx?id=2918925&use=l&cat=p&typeid=i","cat":284481},{"id":42569,"n":"Double concentré Bio Jardin Bio Tomate - 140g","p":0.95,"u":"6,79 €/KG","img":"https://fd13-photos.leclercdrive.fr/image.ashx?id=2944867&use=l&cat=p&typeid=i","cat":288384},{"id":42624,"n":"Pâtes coudes rayés Panzani 1kg","p":2.11,"u":"2,11 €/KG","img":"https://fd13-photos.leclercdrive.fr/image.ashx?id=2876029&use=l&cat=p&typeid=i","cat":284427},{"id":42655,"n":"Huile merveilleuse Garnier Huile d'argan & camélia - 150ml","p":6.22,"u":"41,47 €/L","img":"https://fd13-photos.leclercdrive.fr/image.ashx?id=2661730&use=l&cat=p&typeid=i","cat":284608},{"id":42665,"n":"Gel shampooing douche Fa Men Extreme cool flacon - 250ml","p":1.42,"u":"5,68 €/L","img":"https://fd13-photos.leclercdrive.fr/image.ashx?id=2995094&use=l&cat=p&typeid=i","cat":284621},{"id":42667,"n":"Soin de jour L'Oréal Paris Revitalift Anti-Âge - 50ml","p":13.98,"u":"279,60 €/L","img":"https://fd13-photos.leclercdrive.fr/image.ashx?id=2921876&use=l&cat=p&typeid=i","cat":325345},{"id":42703,"n":"P'tit Basque Istara Fromage de brebis - 220g","p":5.32,"u":"24,18 €/KG","img":"https://fd13-photos.leclercdrive.fr/image.ashx?id=2759876&use=l&cat=p&typeid=i","cat":329184},{"id":42757,"n":"Emmental rapé Eco + 30% MG - 500g","p":3.7,"u":"7,40 €/KG","img":"https://fd13-photos.leclercdrive.fr/image.ashx?id=2942172&use=l&cat=p&typeid=i","cat":314035},{"id":42759,"n":"Copeaux Parmigiano Reggiano AOP Les Croisés - 80g","p":1.9,"u":"23,75 €/KG","img":"https://fd13-photos.leclercdrive.fr/image.ashx?id=2287403&use=l&cat=p&typeid=i","cat":314035},{"id":42789,"n":"Cheddar Les Croisés 32% MG Tranchettes - 200g","p":2.64,"u":"13,20 €/KG","img":"https://fd13-photos.leclercdrive.fr/image.ashx?id=2796064&use=l&cat=p&typeid=i","cat":314028},{"id":42799,"n":"Miel liquide Bio Squeezer Bio village - 250g","p":2.95,"u":"11,80 €/KG","img":"https://fd13-photos.leclercdrive.fr/image.ashx?id=795654&use=l&cat=p&typeid=i","cat":287643},{"id":42826,"n":"Nettoyant vitre cristal Clair 750 ml","p":1.75,"u":"2,33 €/L","img":"https://fd13-photos.leclercdrive.fr/image.ashx?id=1647715&use=l&cat=p&typeid=i","cat":325363},{"id":42846,"n":"Cacahuètes Menguy's Grillées et salées - 800g","p":5.5,"u":"6,88 €/KG","img":"https://fd13-photos.leclercdrive.fr/image.ashx?id=2979800&use=l&cat=p&typeid=i","cat":284448},{"id":42847,"n":"Pop corn salé Menguy's Micro-ondes - 3x90g","p":1.81,"u":"6,70 €/KG","img":"https://fd13-photos.leclercdrive.fr/image.ashx?id=2966023&use=l&cat=p&typeid=i","cat":284449},{"id":42872,"n":"Jus innocent pomme framboise 900ml","p":2.76,"u":"3,07 €/L","img":"https://fd13-photos.leclercdrive.fr/image.ashx?id=2862877&use=l&cat=p&typeid=i","cat":285435},{"id":42873,"n":"Jus innocent orange carotte 900ml","p":2.94,"u":"3,27 €/L","img":"https://fd13-photos.leclercdrive.fr/image.ashx?id=2892217&use=l&cat=p&typeid=i","cat":285435},{"id":42874,"n":"Jus innocent poire pêche 900ml","p":2.84,"u":"3,16 €/L","img":"https://fd13-photos.leclercdrive.fr/image.ashx?id=2893000&use=l&cat=p&typeid=i","cat":285435},{"id":42876,"n":"Jus innocent pomme mangue 900ml","p":2.9,"u":"3,22 €/L","img":"https://fd13-photos.leclercdrive.fr/image.ashx?id=2892220&use=l&cat=p&typeid=i","cat":285435},{"id":42891,"n":"Boîte classement Esquisse Bleu - Polypro 2.5cm","p":2.1,"img":"https://fd13-photos.leclercdrive.fr/image.ashx?id=1180668&use=l&cat=p&typeid=i","cat":284745},{"id":42892,"n":"Protège-document Esquisse Transparent - A4 - 60 vues","p":1.95,"img":"https://fd13-photos.leclercdrive.fr/image.ashx?id=1694251&use=l&cat=p&typeid=i","cat":284745},{"id":42893,"n":"Protège-document Esquisse Rouge - A4 - 60 vues","p":1.95,"img":"https://fd13-photos.leclercdrive.fr/image.ashx?id=940831&use=l&cat=p&typeid=i","cat":284745},{"id":42894,"n":"Protège-document Esquisse Anis - A4 - 60 vues","p":1.95,"img":"https://fd13-photos.leclercdrive.fr/image.ashx?id=1694254&use=l&cat=p&typeid=i","cat":284745},{"id":42964,"n":"Os à mâcher Lydog Fourrés boeuf - 2x100g","p":2.3,"u":"11,50 €/KG","img":"https://fd13-photos.leclercdrive.fr/image.ashx?id=1947283&use=l&cat=p&typeid=i","cat":294527},{"id":42965,"n":"Pepites de chocolat au lait Tablier Blanc - 100g","p":2.03,"u":"20,30 €/KG","img":"https://fd13-photos.leclercdrive.fr/image.ashx?id=2723141&use=l&cat=p&typeid=i","cat":284504},{"id":42966,"n":"Haricots verts Notre Jardin Extra fins - 455g","p":1.97,"u":"4,33 €/KG","img":"https://fd13-photos.leclercdrive.fr/image.ashx?id=2988084&use=l&cat=p&typeid=i","cat":312606},{"id":42969,"n":"Petits pois doux Notre Jardin Vapeur - 265g","p":1.29,"u":"4,87 €/KG","img":"https://fd13-photos.leclercdrive.fr/image.ashx?id=3002611&use=l&cat=p&typeid=i","cat":312607},{"id":42977,"n":"Mini crackers Bio Village Bio Fromage/courges - 110g","p":2.49,"u":"22,64 €/KG","img":"https://fd13-photos.leclercdrive.fr/image.ashx?id=1944150&use=l&cat=p&typeid=i","cat":297000},{"id":42980,"n":"Goûter fourré Bio Village Bio Chocolat noir - 185g","p":2.03,"u":"10,97 €/KG","img":"https://fd13-photos.leclercdrive.fr/image.ashx?id=2704502&use=l&cat=p&typeid=i","cat":284488},{"id":42981,"n":"Goûter fourré Bio Village Bio - Chocolat au lait - 185g","p":2.06,"u":"11,14 €/KG","img":"https://fd13-photos.leclercdrive.fr/image.ashx?id=2704505&use=l&cat=p&typeid=i","cat":284488},{"id":42992,"n":"Tortillas chips Tokapi Fromage - 150g","p":0.99,"u":"6,60 €/KG","img":"https://fd13-photos.leclercdrive.fr/image.ashx?id=2647961&use=l&cat=p&typeid=i","cat":287899},{"id":43006,"n":"Colorants alimentaires  Tablier Blanc - 3x6ml","p":1.24,"u":"68,89 €/L","img":"https://fd13-photos.leclercdrive.fr/image.ashx?id=2487470&use=l&cat=p&typeid=i","cat":284504},{"id":43009,"n":"Biscuits fourrés P'tit Deli Noisette - 225g","p":1.38,"u":"6,13 €/KG","img":"https://fd13-photos.leclercdrive.fr/image.ashx?id=2861419&use=l&cat=p&typeid=i","cat":284488},{"id":43010,"n":"Biscuit roulé P'tit Deli Cacao/vanille - 154g","p":0.88,"u":"5,71 €/KG","img":"https://fd13-photos.leclercdrive.fr/image.ashx?id=2124110&use=l&cat=p&typeid=i","cat":284488},{"id":43016,"n":"Asperges blanches moyennes Notre Jardin - 205g","p":1.99,"u":"9,71 €/KG","img":"https://fd13-photos.leclercdrive.fr/image.ashx?id=2049058&use=l&cat=p&typeid=i","cat":312611},{"id":43017,"n":"Betterave en Dés Notre Jardin 265g","p":1.02,"u":"3,85 €/KG","img":"https://fd13-photos.leclercdrive.fr/image.ashx?id=1993203&use=l&cat=p&typeid=i","cat":312611},{"id":43019,"n":"Biscuits animaux P'tit Déli Nappés chocolat lait - 225g","p":1.64,"u":"7,29 €/KG","img":"https://fd13-photos.leclercdrive.fr/image.ashx?id=1951085&use=l&cat=p&typeid=i","cat":284488},{"id":43152,"n":"Culottes Drynites Huggies Garçon - 3-5 ans x16","p":17.36,"u":"1,09 €/P","img":"https://fd13-photos.leclercdrive.fr/image.ashx?id=2844712&use=l&cat=p&typeid=i","cat":290633},{"id":43153,"n":"Culottes Huggies Drynites Fille 3-5 ans - x16","p":12.5,"u":"0,78 €/P","img":"https://fd13-photos.leclercdrive.fr/image.ashx?id=2844715&use=l&cat=p&typeid=i","cat":290633},{"id":43191,"n":"Protège-document Esquisse x1 Bleu - A4 - 80 vues","p":2.49,"img":"https://fd13-photos.leclercdrive.fr/image.ashx?id=1180671&use=l&cat=p&typeid=i","cat":284745},{"id":43192,"n":"Protège-document Esquisse  Transparent - A4 - 80 vues","p":2.49,"img":"https://fd13-photos.leclercdrive.fr/image.ashx?id=1694257&use=l&cat=p&typeid=i","cat":284745},{"id":43194,"n":"Protège-document Esquisse x1 Rouge - A4 - 80 vues","p":2.49,"img":"https://fd13-photos.leclercdrive.fr/image.ashx?id=2943352&use=l&cat=p&typeid=i","cat":284745},{"id":43197,"n":"Tartine Grilletine de Pasquier Briochées - x18 - 242g","p":1.84,"u":"7,60 €/KG","img":"https://fd13-photos.leclercdrive.fr/image.ashx?id=2333054&use=l&cat=p&typeid=i","cat":284479},{"id":43218,"n":"Pains au lait Pasquier x20 - 700g","p":2.76,"u":"3,94 €/KG","img":"https://fd13-photos.leclercdrive.fr/image.ashx?id=2609315&use=l&cat=p&typeid=i","cat":293505},{"id":43237,"n":"Lotion démaquillante Inell Douceur yeux - 150ml","p":1.6,"u":"10,67 €/L","img":"https://fd13-photos.leclercdrive.fr/image.ashx?id=1993197&use=l&cat=p&typeid=i","cat":284603},{"id":43247,"n":"Tuiles apéritives Tokapi Poulet braisé - 170g","p":1.55,"u":"9,12 €/KG","img":"https://fd13-photos.leclercdrive.fr/image.ashx?id=2216960&use=l&cat=p&typeid=i","cat":287899},{"id":43266,"n":"Formule boost Daco Bello Fruits secs - 200g","p":3.67,"u":"18,35 €/KG","img":"https://fd13-photos.leclercdrive.fr/image.ashx?id=2576955&use=l&cat=p&typeid=i","cat":284357},{"id":43293,"n":"Lotion nettoyante Inell 200ml","p":3.29,"u":"16,45 €/L","img":"https://fd13-photos.leclercdrive.fr/image.ashx?id=2691670&use=l&cat=p&typeid=i","cat":284603},{"id":43303,"n":"Panna Cotta Fruits rouges Rians 2x120g","p":2.58,"u":"10,75 €/KG","img":"https://fd13-photos.leclercdrive.fr/image.ashx?id=2555412&use=l&cat=p&typeid=i","cat":284419},{"id":43309,"n":"Dessert végétal Sojasun  Chocolat - 6x100g","p":2.39,"u":"3,98 €/KG","img":"https://fd13-photos.leclercdrive.fr/image.ashx?id=2355692&use=l&cat=p&typeid=i","cat":316071},{"id":43330,"n":"Crème dessert chocolat Danette Pop billes magix - 4x120g","p":2.46,"u":"5,13 €/KG","img":"https://fd13-photos.leclercdrive.fr/image.ashx?id=2935717&use=l&cat=p&typeid=i","cat":285041},{"id":43349,"n":"Laurier feuille entière Ducros 17g","p":1.59,"u":"93,53 €/KG","img":"https://fd13-photos.leclercdrive.fr/image.ashx?id=2486566&use=l&cat=p&typeid=i","cat":298297},{"id":43350,"n":"Coriandre en feuilles Ducros 7g","p":1.68,"u":"240,00 €/KG","img":"https://fd13-photos.leclercdrive.fr/image.ashx?id=2486584&use=l&cat=p&typeid=i","cat":298297},{"id":43358,"n":"Sel fin Eco+ Boîte verseuse - 750g","p":0.53,"u":"0,71 €/KG","img":"https://fd13-photos.leclercdrive.fr/image.ashx?id=2050582&use=l&cat=p&typeid=i","cat":284457},{"id":43373,"n":"AOP Vin rouge  Alsace Pinot noir - 75 cl","p":5.99,"u":"7,99 €/L","img":"https://fd13-photos.leclercdrive.fr/image.ashx?id=2639261&use=l&cat=p&typeid=i","cat":289556},{"id":43381,"n":"Dessert liégeois Viennois  Chocolat - 12x100g","p":3.99,"u":"3,33 €/KG","img":"https://fd13-photos.leclercdrive.fr/image.ashx?id=2875987&use=l&cat=p&typeid=i","cat":285042},{"id":43394,"n":"Spaghetti  Tradizioni d'Italia n°118  Pasta di Gragnano 500g","p":1.52,"u":"3,04 €/KG","img":"https://fd13-photos.leclercdrive.fr/image.ashx?id=2247328&use=l&cat=p&typeid=i","cat":284427},{"id":43396,"n":"Farfalle Tradizioni d'Italia N°210 - 500g","p":1.52,"u":"3,04 €/KG","img":"https://fd13-photos.leclercdrive.fr/image.ashx?id=2247331&use=l&cat=p&typeid=i","cat":284427},{"id":43398,"n":"Fusilli Tradizioni d'Italia N°140 - 500g","p":1.52,"u":"3,04 €/KG","img":"https://fd13-photos.leclercdrive.fr/image.ashx?id=2247334&use=l&cat=p&typeid=i","cat":284427},{"id":43403,"n":"Orechiette Tradizioni d'Italia N°292 - 500g","p":1.69,"u":"3,38 €/KG","img":"https://fd13-photos.leclercdrive.fr/image.ashx?id=2247340&use=l&cat=p&typeid=i","cat":284427},{"id":43407,"n":"Glace à l'eau Smicy Star  Framboise Orange Citron x8 480g","p":2.59,"u":"5,40 €/KG","img":"https://fd13-photos.leclercdrive.fr/image.ashx?id=2954884&use=l&cat=p&typeid=i","cat":285250},{"id":43417,"n":"IGP Pays d'Oc blanc Roche Mazet Chardonnay 12.5% vol - 75cl","p":3.5,"u":"4,67 €/L","img":"https://fd13-photos.leclercdrive.fr/image.ashx?id=2991945&use=l&cat=p&typeid=i","cat":289557},{"id":43419,"n":"IGP Pays d'oc rosé Roche Mazet Merlot 12% vol - 75 cl","p":3.1,"u":"4,13 €/L","img":"https://fd13-photos.leclercdrive.fr/image.ashx?id=2342045&use=l&cat=p&typeid=i","cat":289558},{"id":43604,"n":"Jus d'orange Jafaden Sans pulpe - 1.5L","p":3.13,"u":"2,09 €/L","img":"https://fd13-photos.leclercdrive.fr/image.ashx?id=2207727&use=l&cat=p&typeid=i","cat":285435},{"id":43605,"n":"Jus de clémentine Jafaden  1.5L","p":2.99,"u":"1,99 €/L","img":"https://fd13-photos.leclercdrive.fr/image.ashx?id=2468855&use=l&cat=p&typeid=i","cat":285435},{"id":43617,"n":"Poivre gris moulu Ducros Classique - 36g","p":1.42,"u":"39,44 €/KG","img":"https://fd13-photos.leclercdrive.fr/image.ashx?id=2559475&use=l&cat=p&typeid=i","cat":284457},{"id":43618,"n":"Flocons d'avoine Quaker Oats 550g","p":1.75,"u":"3,18 €/KG","img":"https://fd13-photos.leclercdrive.fr/image.ashx?id=2140656&use=l&cat=p&typeid=i","cat":309512},{"id":43619,"n":"AOC Blaye Côtes de Bordeaux vin rouge Chantet Blanet - 75cl","p":3.8,"u":"5,07 €/L","img":"https://fd13-photos.leclercdrive.fr/image.ashx?id=2727395&use=l&cat=p&typeid=i","cat":289556},{"id":43621,"n":"Liquide vaisselle Uni vert Ecologique PSS 500ml","p":1.15,"u":"2,30 €/L","img":"https://fd13-photos.leclercdrive.fr/image.ashx?id=2380229&use=l&cat=p&typeid=i","cat":284655},{"id":43669,"n":"AOC Puisseguin Saint-Émilion vin rouge Chantet Blanet - 75cl","p":6.49,"u":"8,65 €/L","img":"https://fd13-photos.leclercdrive.fr/image.ashx?id=2783431&use=l&cat=p&typeid=i","cat":289556},{"id":43693,"n":"Couches Mots d'Enfants Activ+ T3 : 4/9kg - x47 changes","p":14.35,"u":"0,31 €/P","img":"https://fd13-photos.leclercdrive.fr/image.ashx?id=2699486&use=l&cat=p&typeid=i","cat":284737},{"id":43707,"n":"Laque Ultra-Forte L'Oréal Paris Thermoprotecteur - 150ml","p":5.19,"u":"34,60 €/L","img":"https://fd13-photos.leclercdrive.fr/image.ashx?id=2582237&use=l&cat=p&typeid=i","cat":284609},{"id":43718,"n":"Croquettes chat Whiskas Stérilisé saumon - 1,75kg","p":5.17,"u":"2,95 €/KG","img":"https://fd13-photos.leclercdrive.fr/image.ashx?id=2915597&use=l&cat=p&typeid=i","cat":284680},{"id":43719,"n":"Croquettes chat Whiskas Stérilisé poulet - 1.75kg","p":5.22,"u":"2,98 €/KG","img":"https://fd13-photos.leclercdrive.fr/image.ashx?id=2952872&use=l&cat=p&typeid=i","cat":284680},{"id":43760,"n":"Biscuits fourrés Prince Vanille - 300g","p":1.49,"u":"4,97 €/KG","img":"https://fd13-photos.leclercdrive.fr/image.ashx?id=2907695&use=l&cat=p&typeid=i","cat":284488},{"id":43771,"n":"Spray démelant  200ml","p":2.55,"u":"12,75 €/L","img":"https://fd13-photos.leclercdrive.fr/image.ashx?id=2712986&use=l&cat=p&typeid=i","cat":284608},{"id":43778,"n":"Morceaux de thon Listao Eco+ 130g","p":0.99,"u":"7,62 €/KG","img":"https://fd13-photos.leclercdrive.fr/image.ashx?id=2698141&use=l&cat=p&typeid=i","cat":303867},{"id":43844,"n":"Friandises chats Tous mes amis Sticks au Poulet - 3x5g - 15g","p":0.56,"u":"37,33 €/KG","img":"https://fd13-photos.leclercdrive.fr/image.ashx?id=1947507&use=l&cat=p&typeid=i","cat":285285},{"id":43924,"n":"AOP Vin blanc italien  Prosecco Vilaveroni 75cl","p":7.27,"u":"9,69 €/L","img":"https://fd13-photos.leclercdrive.fr/image.ashx?id=2492351&use=l&cat=p&typeid=i","cat":289461},{"id":43930,"n":"Vin mousseux blanc Festillant Sans alcool - 75cl","p":3.49,"u":"4,65 €/L","img":"https://fd13-photos.leclercdrive.fr/image.ashx?id=2980899&use=l&cat=p&typeid=i","cat":289460},{"id":43943,"n":"Champagne Cordon rouge Mumm Millésime - 75cl","p":37.95,"pp":34.95,"u":"46,60 €/L","img":"https://fd13-photos.leclercdrive.fr/image.ashx?id=2953758&use=l&cat=p&typeid=i","cat":284542},{"id":43965,"n":"Blinis cocktail entrée maxi format x12 - 300g","p":2.79,"u":"9,30 €/KG","img":"https://fd13-photos.leclercdrive.fr/image.ashx?id=2974623&use=l&cat=p&typeid=i","cat":285191},{"id":44016,"n":"Bocal Morilles extra séchées   Borde - 25g","p":14.99,"pp":9.89,"u":"395,60 €/KG","img":"https://fd13-photos.leclercdrive.fr/image.ashx?id=2731081&use=l&cat=p&typeid=i","cat":284352},{"id":44040,"n":"Soufflé grignot' Tokapi  jambon fromage 90g","p":0.89,"u":"9,89 €/KG","img":"https://fd13-photos.leclercdrive.fr/image.ashx?id=2059489&use=l&cat=p&typeid=i","cat":284449},{"id":44057,"n":"Soufflés Tornades 3D Goût emmental - 85g","p":0.72,"u":"8,47 €/KG","img":"https://fd13-photos.leclercdrive.fr/image.ashx?id=2900139&use=l&cat=p&typeid=i","cat":284449},{"id":44081,"n":"Eau aromatisée Volvic Juicy Fraise - 1,5L","p":1.36,"u":"0,91 €/L","img":"https://fd13-photos.leclercdrive.fr/image.ashx?id=2964664&use=l&cat=p&typeid=i","cat":284537},{"id":44082,"n":"Eau aromatisée Volvic juicy Fruits exotiques - 1,5L","p":1.4,"u":"0,93 €/L","img":"https://fd13-photos.leclercdrive.fr/image.ashx?id=2964667&use=l&cat=p&typeid=i","cat":284537},{"id":44083,"n":"Eau gazeuse  Badoit verte finement pétillante - 6x1l","p":3.58,"u":"0,60 €/L","img":"https://fd13-photos.leclercdrive.fr/image.ashx?id=2919259&use=l&cat=p&typeid=i","cat":284536},{"id":44085,"n":"Petit quatre quarts Bonne Maman x10 - 300g","p":3.04,"u":"10,13 €/KG","img":"https://fd13-photos.leclercdrive.fr/image.ashx?id=2936149&use=l&cat=p&typeid=i","cat":284492},{"id":44090,"n":"AOP Monbazillac vin blanc Moelleux Terrasses d'Autan-75cl","p":6.99,"u":"9,32 €/L","img":"https://fd13-photos.leclercdrive.fr/image.ashx?id=2756873&use=l&cat=p&typeid=i","cat":289557},{"id":44091,"n":"AOC Côtes du Rhône Villages vin rouge Rives & Terrasses - 75cl","p":3.89,"u":"5,19 €/L","img":"https://fd13-photos.leclercdrive.fr/image.ashx?id=2650354&use=l&cat=p&typeid=i","cat":289556},{"id":44094,"n":"Bière blonde Leffe 6,6% - 50cl canette","p":1.59,"u":"3,18 €/L","img":"https://fd13-photos.leclercdrive.fr/image.ashx?id=2948417&use=l&cat=p&typeid=i","cat":334853},{"id":44095,"n":"Bière blonde Leffe 6,6% - 75cl","p":2.49,"u":"3,32 €/L","img":"https://fd13-photos.leclercdrive.fr/image.ashx?id=1720789&use=l&cat=p&typeid=i","cat":334852},{"id":44166,"n":"Vinaigre de Riz Tanoshi Flacon 150ml","p":3.45,"u":"23,00 €/L","img":"https://fd13-photos.leclercdrive.fr/image.ashx?id=2907982&use=l&cat=p&typeid=i","cat":288992},{"id":44168,"n":"Guacamole en pot 300g","p":1.75,"u":"5,83 €/KG","img":"https://fd13-photos.leclercdrive.fr/image.ashx?id=2466072&use=l&cat=p&typeid=i","cat":288993},{"id":44170,"n":"Assaisonnement pour Fajitas Mélange d'épices - 30g","p":1.06,"u":"35,33 €/KG","img":"https://fd13-photos.leclercdrive.fr/image.ashx?id=2477565&use=l&cat=p&typeid=i","cat":288993},{"id":44171,"n":"6 wraps de blé nature 370g","p":1.99,"u":"5,38 €/KG","img":"https://fd13-photos.leclercdrive.fr/image.ashx?id=2679741&use=l&cat=p&typeid=i","cat":288993},{"id":44172,"n":"Assaisonnement pour Guacamole Tables du monde - 20g","p":0.95,"u":"47,50 €/KG","img":"https://fd13-photos.leclercdrive.fr/image.ashx?id=1947504&use=l&cat=p&typeid=i","cat":288993},{"id":44181,"n":"Poivrons grillés Florelli Antipasti - 280g","p":3.03,"u":"10,82 €/KG","img":"https://fd13-photos.leclercdrive.fr/image.ashx?id=2633091&use=l&cat=p&typeid=i","cat":289010},{"id":44183,"n":"Tortillas Old El Paso de blé nature x8 - 326g","p":2.46,"u":"7,55 €/KG","img":"https://fd13-photos.leclercdrive.fr/image.ashx?id=2737642&use=l&cat=p&typeid=i","cat":288993},{"id":44184,"n":"Kit fajitas Old El Paso Original doux - 500g","p":4.86,"u":"9,72 €/KG","img":"https://fd13-photos.leclercdrive.fr/image.ashx?id=2940576&use=l&cat=p&typeid=i","cat":288993},{"id":44185,"n":"Kit Burritos Old El Paso Original paprika doux - 510g","p":5.04,"u":"9,88 €/KG","img":"https://fd13-photos.leclercdrive.fr/image.ashx?id=2940579&use=l&cat=p&typeid=i","cat":288993},{"id":44197,"n":"Couches Activ+ Mots d'Enfants T4 : 7/18kg - x39 changes","p":12.89,"u":"0,33 €/P","img":"https://fd13-photos.leclercdrive.fr/image.ashx?id=2934715&use=l&cat=p&typeid=i","cat":284737},{"id":44278,"n":"Ravioli bolognaise Panzani - 400g","p":2.59,"u":"6,48 €/KG","img":"https://fd13-photos.leclercdrive.fr/image.ashx?id=2876059&use=l&cat=p&typeid=i","cat":284442},{"id":44279,"n":"Fromage apéritif Apericube Panier de campagne 24 cubes","p":2.39,"u":"19,12 €/KG","img":"https://fd13-photos.leclercdrive.fr/image.ashx?id=2882656&use=l&cat=p&typeid=i","cat":314027},{"id":44285,"n":"Thon cuisiné Saupiquet  sauce catalane 1/6 2x135g","p":2.2,"u":"8,15 €/KG","img":"https://fd13-photos.leclercdrive.fr/image.ashx?id=2731549&use=l&cat=p&typeid=i","cat":303867},{"id":44293,"n":"Emmental râpé  Entremont  français 160g","p":1.81,"u":"11,31 €/KG","img":"https://fd13-photos.leclercdrive.fr/image.ashx?id=2983153&use=l&cat=p&typeid=i","cat":314035},{"id":44298,"n":"L'Ortolan familial  Fromagerie Milleret-  330g","p":3.28,"u":"9,94 €/KG","img":"https://fd13-photos.leclercdrive.fr/image.ashx?id=2226400&use=l&cat=p&typeid=i","cat":314033},{"id":44299,"n":"Fromage à Tartiner Tartare  Ail et fines herbes - 250g","p":2.8,"u":"11,20 €/KG","img":"https://fd13-photos.leclercdrive.fr/image.ashx?id=2903170&use=l&cat=p&typeid=i","cat":314029},{"id":44300,"n":"Mini bûches de chèvre Soignon x6 - 150g","p":2.91,"u":"19,40 €/KG","img":"https://fd13-photos.leclercdrive.fr/image.ashx?id=2646560&use=l&cat=p&typeid=i","cat":314030},{"id":44307,"n":"Fromage Tomme noire NRT IGP  des Pyrénées - 200g","p":2.45,"u":"12,25 €/KG","img":"https://fd13-photos.leclercdrive.fr/image.ashx?id=1985155&use=l&cat=p&typeid=i","cat":329184},{"id":44327,"n":"Vin Union Européenne rosé Le Tonnelier - BIB 5L","p":8.67,"u":"1,73 €/L","img":"https://fd13-photos.leclercdrive.fr/image.ashx?id=2107474&use=l&cat=p&typeid=i","cat":289560},{"id":44336,"n":"Savon Noir liquide Briochin Ecocert - 1L","p":2.48,"u":"2,48 €/L","img":"https://fd13-photos.leclercdrive.fr/image.ashx?id=3011389&use=l&cat=p&typeid=i","cat":325365},{"id":44342,"n":"Eau de cologne Bien Etre  Verveine, Romarin - 250ml","p":4.42,"u":"17,68 €/L","img":"https://fd13-photos.leclercdrive.fr/image.ashx?id=2353668&use=l&cat=p&typeid=i","cat":291525},{"id":44350,"n":"Matière grasse 55%MG Primevère à tartiner - 1/2sel - 500g","p":3.05,"u":"6,10 €/KG","img":"https://fd13-photos.leclercdrive.fr/image.ashx?id=1740281&use=l&cat=p&typeid=i","cat":315229},{"id":44355,"n":"Sandwich Baguette Mega Viennois  Sodebo Poulet Œuf - 270g","p":1.7,"u":"6,30 €/KG","img":"https://fd13-photos.leclercdrive.fr/image.ashx?id=2732392&use=l&cat=p&typeid=i","cat":333658},{"id":44357,"n":"Sauce Hollandaise Gastromer Gastronomie de la mer - 200g","p":1.31,"u":"6,55 €/KG","img":"https://fd13-photos.leclercdrive.fr/image.ashx?id=2504659&use=l&cat=p&typeid=i","cat":284382},{"id":44361,"n":"Chocolat Pâtissier Nestlé Dessert : Noir - 205g","p":3.0,"u":"14,63 €/KG","img":"https://fd13-photos.leclercdrive.fr/image.ashx?id=2938920&use=l&cat=p&typeid=i","cat":285562},{"id":44364,"n":"Bonbon Alpin Fresh Ricola Sans sucres - 50g","p":1.62,"u":"32,40 €/KG","img":"https://fd13-photos.leclercdrive.fr/image.ashx?id=2387831&use=l&cat=p&typeid=i","cat":304256},{"id":44368,"n":"Dentifrice mini voyage Dentamyl Haleine fraiche - 25ml","p":1.6,"u":"64,00 €/L","img":"https://fd13-photos.leclercdrive.fr/image.ashx?id=2658581&use=l&cat=p&typeid=i","cat":284612},{"id":44434,"n":"Nectar Bio Pressade Multifruits - 1,5L","p":2.27,"u":"1,51 €/L","img":"https://fd13-photos.leclercdrive.fr/image.ashx?id=2732533&use=l&cat=p&typeid=i","cat":284917},{"id":44445,"n":"Wraps Old El Paso de blé nature x6 - 350g","p":2.31,"u":"6,60 €/KG","img":"https://fd13-photos.leclercdrive.fr/image.ashx?id=2737645&use=l&cat=p&typeid=i","cat":288993},{"id":44572,"n":"AOC Bordeaux Supérieur vin rouge Chantet Blanet - 75cl","p":3.49,"u":"4,65 €/L","img":"https://fd13-photos.leclercdrive.fr/image.ashx?id=2776570&use=l&cat=p&typeid=i","cat":289556},{"id":44576,"n":"Dégivrant -25°C TECH9 400ml","p":2.65,"u":"6,63 €/L","img":"https://fd13-photos.leclercdrive.fr/image.ashx?id=1543909&use=l&cat=p&typeid=i","cat":298252},{"id":44578,"n":"Madeleines Saint Michel Pépites chocolat 400g","p":1.95,"u":"4,88 €/KG","img":"https://fd13-photos.leclercdrive.fr/image.ashx?id=2936200&use=l&cat=p&typeid=i","cat":284492},{"id":44656,"n":"Couette standard Tissaia  Chaude - 200x200cm","p":32.95,"u":"Dont 0,12 € d'éco-part.","img":"https://fd13-photos.leclercdrive.fr/image.ashx?id=2648445&use=l&cat=p&typeid=i","cat":288835},{"id":44657,"n":"Bière blonde Leffe Rituel 9% - 12x25cl","p":9.85,"u":"3,28 €/L","img":"https://fd13-photos.leclercdrive.fr/image.ashx?id=2548288&use=l&cat=p&typeid=i","cat":334852},{"id":44685,"n":"Chaussettes Homme ultra courtes Sport,  blanc T39/42 - x3","p":4.65,"u":"1,55 €/P","img":"https://fd13-photos.leclercdrive.fr/image.ashx?id=816730&use=l&cat=p&typeid=i","cat":334130},{"id":44688,"n":"Chaussettes Homme ultra courtes Noir T39/42 - x3","p":4.65,"u":"1,55 €/P","img":"https://fd13-photos.leclercdrive.fr/image.ashx?id=805719&use=l&cat=p&typeid=i","cat":334130},{"id":44693,"n":"Socquette sport Homme Blanc T46/48 - x3","p":4.8,"u":"1,60 €/P","img":"https://fd13-photos.leclercdrive.fr/image.ashx?id=805751&use=l&cat=p&typeid=i","cat":334130},{"id":44695,"n":"Socquette sport Homme Noir T43/45 - x3","p":4.8,"u":"1,60 €/P","img":"https://fd13-photos.leclercdrive.fr/image.ashx?id=805699&use=l&cat=p&typeid=i","cat":334130},{"id":44700,"n":"Chaussettes sport Homme Tissaia Mi-haute Noir T39/42 - x3","p":4.75,"u":"1,58 €/P","img":"https://fd13-photos.leclercdrive.fr/image.ashx?id=805679&use=l&cat=p&typeid=i","cat":334130},{"id":44706,"n":"Palets bretons P'tit Déli 2x125g","p":1.84,"u":"7,36 €/KG","img":"https://fd13-photos.leclercdrive.fr/image.ashx?id=2820134&use=l&cat=p&typeid=i","cat":284487},{"id":44736,"n":"Blanquette volaille Côté Table 900g","p":6.99,"u":"7,77 €/KG","img":"https://fd13-photos.leclercdrive.fr/image.ashx?id=2621934&use=l&cat=p&typeid=i","cat":284254},{"id":44743,"n":"Julienne de légumes Bio Village Bio - 600g","p":1.99,"u":"3,32 €/KG","img":"https://fd13-photos.leclercdrive.fr/image.ashx?id=2175780&use=l&cat=p&typeid=i","cat":319823},{"id":44745,"n":"Mini boulettes au boeuf Férial  x50 - 750g","p":6.99,"u":"9,32 €/KG","img":"https://fd13-photos.leclercdrive.fr/image.ashx?id=1499810&use=l&cat=p&typeid=i","cat":319779},{"id":44746,"n":"Glace Mystère Extrême Vanille Meringue x4 308.6g","p":5.33,"u":"17,25 €/KG","img":"https://fd13-photos.leclercdrive.fr/image.ashx?id=2878375&use=l&cat=p&typeid=i","cat":284266},{"id":44748,"n":"Purée de carottes Notre Jardin potirons 750g","p":2.62,"u":"3,49 €/KG","img":"https://fd13-photos.leclercdrive.fr/image.ashx?id=2856190&use=l&cat=p&typeid=i","cat":319805},{"id":44770,"n":"Steak haché Férial  5%mg x4 - 400g","p":6.99,"u":"17,48 €/KG","img":"https://fd13-photos.leclercdrive.fr/image.ashx?id=3004663&use=l&cat=p&typeid=i","cat":319778},{"id":44859,"n":"Olives Vertes -25% sel Tramier  Dénoyautées 160g","p":1.99,"u":"12,44 €/KG","img":"https://fd13-photos.leclercdrive.fr/image.ashx?id=2840823&use=l&cat=p&typeid=i","cat":284458},{"id":44861,"n":"Sauce pesto Tradizioni d'Italia A la génoise - 180g","p":1.79,"u":"9,94 €/KG","img":"https://fd13-photos.leclercdrive.fr/image.ashx?id=2840043&use=l&cat=p&typeid=i","cat":287599},{"id":44865,"n":"Dessert fruits mixés Sojasun Abricot / Goyave - 4x100g","p":1.64,"u":"4,10 €/KG","img":"https://fd13-photos.leclercdrive.fr/image.ashx?id=2355668&use=l&cat=p&typeid=i","cat":316071},{"id":44876,"n":"Nettoyant multi-usage TECH9 Ecocert - 500ml","p":3.4,"u":"6,80 €/L","img":"https://fd13-photos.leclercdrive.fr/image.ashx?id=2536866&use=l&cat=p&typeid=i","cat":298252},{"id":44884,"n":"Soupe Mouliné Bio Village Bio - Légumes variés - 1L","p":1.97,"u":"1,97 €/L","img":"https://fd13-photos.leclercdrive.fr/image.ashx?id=2133957&use=l&cat=p&typeid=i","cat":284462},{"id":44885,"n":"Velouté de légumes Bio Village Bio - 1L","p":2.79,"u":"2,79 €/L","img":"https://fd13-photos.leclercdrive.fr/image.ashx?id=2339879&use=l&cat=p&typeid=i","cat":284462},{"id":44896,"n":"Café moulu Lobodis  Bolivie Bio - 260g","p":5.99,"u":"23,04 €/KG","img":"https://fd13-photos.leclercdrive.fr/image.ashx?id=2638892&use=l&cat=p&typeid=i","cat":284750},{"id":44910,"n":"Crème dessert La Laitière Pot de crème chocolat - 8x100g","p":4.2,"u":"5,25 €/KG","img":"https://fd13-photos.leclercdrive.fr/image.ashx?id=2692116&use=l&cat=p&typeid=i","cat":285041},{"id":44911,"n":"Crème dessert La Laitière Pot de crème vanille - 8x100g","p":4.2,"u":"5,25 €/KG","img":"https://fd13-photos.leclercdrive.fr/image.ashx?id=2692119&use=l&cat=p&typeid=i","cat":285041},{"id":44939,"n":"Mini gratins Côté Table Pomme de terre salardaise 400g","p":3.89,"u":"9,73 €/KG","img":"https://fd13-photos.leclercdrive.fr/image.ashx?id=1875671&use=l&cat=p&typeid=i","cat":319802},{"id":44942,"n":"Mini gratins Côté Table Pomme de terre Champignons 400g","p":2.99,"u":"7,48 €/KG","img":"https://fd13-photos.leclercdrive.fr/image.ashx?id=1216257&use=l&cat=p&typeid=i","cat":319802},{"id":44953,"n":"Pâtes Sans gluten Barilla Spaghetti - 400g","p":1.89,"u":"4,73 €/KG","img":"https://fd13-photos.leclercdrive.fr/image.ashx?id=2647639&use=l&cat=p&typeid=i","cat":284427},{"id":44954,"n":"Pâtes Sans gluten Barilla Penne Rigate - 400g","p":1.91,"u":"4,78 €/KG","img":"https://fd13-photos.leclercdrive.fr/image.ashx?id=2975461&use=l&cat=p&typeid=i","cat":284427},{"id":44959,"n":"Lingettes démaquillantes Inell Eau micellaire x25","p":2.6,"u":"0,10 €/P","img":"https://fd13-photos.leclercdrive.fr/image.ashx?id=2764392&use=l&cat=p&typeid=i","cat":284603},{"id":44963,"n":"Stick lèvres Inell Miss pink - 1 pièce","p":1.69,"img":"https://fd13-photos.leclercdrive.fr/image.ashx?id=2691673&use=l&cat=p&typeid=i","cat":285485},{"id":44964,"n":"Alèses absorbantes Chorys 60x90cm - x16","p":6.99,"u":"0,44 €/P","img":"https://fd13-photos.leclercdrive.fr/image.ashx?id=2169162&use=l&cat=p&typeid=i","cat":284628},{"id":44967,"n":"Culottes bébé Mots d'Enfants  T5 : 12/18kg - x20 changes","p":5.45,"u":"0,27 €/P","img":"https://fd13-photos.leclercdrive.fr/image.ashx?id=2904580&use=l&cat=p&typeid=i","cat":290633},{"id":44968,"n":"Culottes bébé Mots d'Enfants  T6 : 16kg - x18 changes","p":4.99,"u":"0,28 €/P","img":"https://fd13-photos.leclercdrive.fr/image.ashx?id=2907201&use=l&cat=p&typeid=i","cat":290633},{"id":44980,"n":"Gel lave-vaisselle Visior Classique x75 - 1,5L","p":4.75,"u":"3,17 €/L","img":"https://fd13-photos.leclercdrive.fr/image.ashx?id=1544234&use=l&cat=p&typeid=i","cat":284656},{"id":45001,"n":"Pain de campagne Epi d'Or Spécial - 500g","p":1.79,"u":"3,58 €/KG","img":"https://fd13-photos.leclercdrive.fr/image.ashx?id=2114928&use=l&cat=p&typeid=i","cat":325069},{"id":45005,"n":"Fond de veau Rustica dégraissé 100g","p":2.18,"u":"21,80 €/KG","img":"https://fd13-photos.leclercdrive.fr/image.ashx?id=2979571&use=l&cat=p&typeid=i","cat":288379},{"id":45009,"n":"Cacahuètes grillées Tokapi salées 3x120g","p":1.49,"u":"4,14 €/KG","img":"https://fd13-photos.leclercdrive.fr/image.ashx?id=2793230&use=l&cat=p&typeid=i","cat":284448},{"id":45015,"n":"Biscuits P'tit Déli Pépites de chocolat 300g","p":2.49,"u":"8,30 €/KG","img":"https://fd13-photos.leclercdrive.fr/image.ashx?id=2390425&use=l&cat=p&typeid=i","cat":284487},{"id":45034,"n":"AOC Crozes-Hermitage vin rouge Rives & Terrasses - 75cl","p":9.99,"u":"13,32 €/L","img":"https://fd13-photos.leclercdrive.fr/image.ashx?id=2623437&use=l&cat=p&typeid=i","cat":289556},{"id":45035,"n":"AOP Alsace Riesling vin blanc Rebmann - 75 cl","p":4.85,"u":"6,47 €/L","img":"https://fd13-photos.leclercdrive.fr/image.ashx?id=2632292&use=l&cat=p&typeid=i","cat":289557},{"id":45038,"n":"AOP Côtes du Rhône vin rouge Grégoire XI - 75 cl","p":2.99,"u":"3,99 €/L","img":"https://fd13-photos.leclercdrive.fr/image.ashx?id=2175771&use=l&cat=p&typeid=i","cat":289556},{"id":45050,"n":"AOP Bourgogne Pinot noir vin rouge Antoine Barrier - 75cl","p":7.99,"u":"10,65 €/L","img":"https://fd13-photos.leclercdrive.fr/image.ashx?id=2691375&use=l&cat=p&typeid=i","cat":289556},{"id":45052,"n":"Velouté Régal Soupe Potiron Châtaigne - 1L","p":2.46,"u":"2,46 €/L","img":"https://fd13-photos.leclercdrive.fr/image.ashx?id=2983811&use=l&cat=p&typeid=i","cat":284462},{"id":45055,"n":"Soupe velouté Régal Soupe Légumes du soleil 2x30cl","p":1.62,"u":"2,70 €/L","img":"https://fd13-photos.leclercdrive.fr/image.ashx?id=2054984&use=l&cat=p&typeid=i","cat":284462},{"id":45065,"n":"Bretzels d'alsace NRT sachet 200g","p":0.74,"u":"3,70 €/KG","img":"https://fd13-photos.leclercdrive.fr/image.ashx?id=2638018&use=l&cat=p&typeid=i","cat":297000},{"id":45068,"n":"Pâtes Sans gluten Barilla Coquillettes - 400g","p":1.88,"u":"4,70 €/KG","img":"https://fd13-photos.leclercdrive.fr/image.ashx?id=2976113&use=l&cat=p&typeid=i","cat":284427},{"id":45102,"n":"Culottes bébé Mots d'Enfants  T4 : 8/15kg - x22 changes","p":5.35,"u":"0,24 €/P","img":"https://fd13-photos.leclercdrive.fr/image.ashx?id=2907198&use=l&cat=p&typeid=i","cat":290633},{"id":45138,"n":"Biscuits Bio Bjorg complets P'tit nature - 200g","p":1.57,"u":"7,85 €/KG","img":"https://fd13-photos.leclercdrive.fr/image.ashx?id=2906157&use=l&cat=p&typeid=i","cat":284487},{"id":45140,"n":"boisson végétale bio  épeautre bjorg 1l","p":2.43,"u":"2,43 €/L","img":"https://fd13-photos.leclercdrive.fr/image.ashx?id=2967058&use=l&cat=p&typeid=i","cat":316067},{"id":45145,"n":"Crème amande cuisine  Bjorg  Bio - 200ml","p":1.65,"u":"8,25 €/L","img":"https://fd13-photos.leclercdrive.fr/image.ashx?id=2851770&use=l&cat=p&typeid=i","cat":288383},{"id":45147,"n":"boisson végétale bio coco  bjorg 1L","p":2.67,"u":"2,67 €/L","img":"https://fd13-photos.leclercdrive.fr/image.ashx?id=2909530&use=l&cat=p&typeid=i","cat":316067},{"id":45148,"n":"Boisson végétale épeautre noisette Bjorg Bio - 1L","p":2.47,"u":"2,47 €/L","img":"https://fd13-photos.leclercdrive.fr/image.ashx?id=2960804&use=l&cat=p&typeid=i","cat":316067},{"id":45149,"n":"Boisson végétale lait d'amande  chocolat bjorg bio - 1l","p":2.61,"u":"2,61 €/L","img":"https://fd13-photos.leclercdrive.fr/image.ashx?id=2939412&use=l&cat=p&typeid=i","cat":316067},{"id":45157,"n":"Boulghour Tunisienne Céréal Bio Bio repas express - 220g","p":1.85,"u":"8,41 €/KG","img":"https://fd13-photos.leclercdrive.fr/image.ashx?id=2574062&use=l&cat=p&typeid=i","cat":287600},{"id":45165,"n":"Pots soir bébé bio Babybio Légumes blé - 6 mois - 2x200g","p":2.73,"u":"6,83 €/KG","img":"https://fd13-photos.leclercdrive.fr/image.ashx?id=2827479&use=l&cat=p&typeid=i","cat":312239},{"id":45169,"n":"Bouillon cube bio Jardin Bio Volaille dégraissé x10 - 100g","p":2.1,"u":"21,00 €/KG","img":"https://fd13-photos.leclercdrive.fr/image.ashx?id=2535538&use=l&cat=p&typeid=i","cat":288379},{"id":45185,"n":"Tablette de chocolat Alter Eco  Pérou Bio Noir 90% - 100g","p":2.8,"u":"28,00 €/KG","img":"https://fd13-photos.leclercdrive.fr/image.ashx?id=2906544&use=l&cat=p&typeid=i","cat":284956},{"id":45192,"n":"Pâtes bio Jardin Bio Coquillettes 3 min - 500g","p":1.79,"u":"3,58 €/KG","img":"https://fd13-photos.leclercdrive.fr/image.ashx?id=2939976&use=l&cat=p&typeid=i","cat":284427},{"id":45197,"n":"Quinoa boulghour  Céréal Bio  à l'Indienne bio -220g","p":2.15,"u":"9,77 €/KG","img":"https://fd13-photos.leclercdrive.fr/image.ashx?id=2574068&use=l&cat=p&typeid=i","cat":287600},{"id":45207,"n":"Biscuits Bio Bjorg Fourrés à la Vanille - 225g","p":3.88,"u":"17,24 €/KG","img":"https://fd13-photos.leclercdrive.fr/image.ashx?id=2912059&use=l&cat=p&typeid=i","cat":284489},{"id":45212,"n":"Duo de quinoa Jardin Bio  Bio aux légumes - 250g","p":2.2,"u":"8,80 €/KG","img":"https://fd13-photos.leclercdrive.fr/image.ashx?id=2535481&use=l&cat=p&typeid=i","cat":287600},{"id":45213,"n":"Flageolets Jardin Bio  Bio cuisinés - 680g","p":3.09,"u":"4,54 €/KG","img":"https://fd13-photos.leclercdrive.fr/image.ashx?id=2918319&use=l&cat=p&typeid=i","cat":312606},{"id":45229,"n":"biscuits gaufres bio bjorg  Miel - 175g","p":2.13,"u":"12,17 €/KG","img":"https://fd13-photos.leclercdrive.fr/image.ashx?id=2915973&use=l&cat=p&typeid=i","cat":294777},{"id":45243,"n":"Lait de coco fluide Bio Bjorg 200ml","p":1.59,"u":"7,95 €/L","img":"https://fd13-photos.leclercdrive.fr/image.ashx?id=2752995&use=l&cat=p&typeid=i","cat":288992},{"id":45244,"n":"boisson végétale lait d'amande  bio bjorg 1l","p":2.25,"u":"2,25 €/L","img":"https://fd13-photos.leclercdrive.fr/image.ashx?id=2967067&use=l&cat=p&typeid=i","cat":316067},{"id":45245,"n":"Boisson végétale lait d'amande  vanille bjorg bio - 1l","p":2.48,"u":"2,48 €/L","img":"https://fd13-photos.leclercdrive.fr/image.ashx?id=2991978&use=l&cat=p&typeid=i","cat":316067},{"id":45247,"n":"Maïs bio Géant Vert extra croquant - 2x140g","p":1.98,"u":"7,07 €/KG","img":"https://fd13-photos.leclercdrive.fr/image.ashx?id=2840545&use=l&cat=p&typeid=i","cat":312611},{"id":45251,"n":"Lentilles vertes Jardin Bio  Bio saveur du terroir - 250g","p":1.6,"u":"6,40 €/KG","img":"https://fd13-photos.leclercdrive.fr/image.ashx?id=2535559&use=l&cat=p&typeid=i","cat":287600},{"id":45252,"n":"Lentilles Jardin Bio  Bio façon petit salé - 250g","p":2.06,"u":"8,24 €/KG","img":"https://fd13-photos.leclercdrive.fr/image.ashx?id=2535019&use=l&cat=p&typeid=i","cat":287600},{"id":45253,"n":"Infusion détox Bio Clipper Hibiscus fruits rouges - 40g","p":2.21,"u":"55,25 €/KG","img":"https://fd13-photos.leclercdrive.fr/image.ashx?id=2922083&use=l&cat=p&typeid=i","cat":293234},{"id":45254,"n":"Infusion Clipper Bio - Citron gingembre - 50g","p":2.13,"u":"42,60 €/KG","img":"https://fd13-photos.leclercdrive.fr/image.ashx?id=2909176&use=l&cat=p&typeid=i","cat":293234},{"id":45261,"n":"Orge riz rouge bio Céréal Bio  lentilles repas express-220g","p":1.79,"u":"7,16 €/KG","img":"https://fd13-photos.leclercdrive.fr/image.ashx?id=2574080&use=l&cat=p&typeid=i","cat":287600},{"id":45262,"n":"Orge pruneaux bio Céréal Bio  Marocain repas express-220g","p":2.23,"u":"10,14 €/KG","img":"https://fd13-photos.leclercdrive.fr/image.ashx?id=2575075&use=l&cat=p&typeid=i","cat":287600},{"id":45265,"n":"Céréales Bio Muesli avoine Chocolat  Bjorg - 375g","p":3.11,"u":"8,29 €/KG","img":"https://fd13-photos.leclercdrive.fr/image.ashx?id=2863380&use=l&cat=p&typeid=i","cat":309512},{"id":45270,"n":"Pains au chocolat Bio La Boulangère - 6x270g","p":2.61,"u":"9,67 €/KG","img":"https://fd13-photos.leclercdrive.fr/image.ashx?id=2912185&use=l&cat=p&typeid=i","cat":296366},{"id":45278,"n":"Purée potimarron Céréal Bio  lentilles bio-250g","p":1.78,"u":"7,12 €/KG","img":"https://fd13-photos.leclercdrive.fr/image.ashx?id=2574074&use=l&cat=p&typeid=i","cat":287600},{"id":45288,"n":"Compote bébé Babybio Bio 4 mois Pomme / Myrtille - 2x130g","p":2.01,"u":"7,73 €/KG","img":"https://fd13-photos.leclercdrive.fr/image.ashx?id=2827491&use=l&cat=p&typeid=i","cat":312387},{"id":45289,"n":"Petits pois bio Jardin Bio A l'étuvée extra fins - 230g","p":2.17,"u":"9,43 €/KG","img":"https://fd13-photos.leclercdrive.fr/image.ashx?id=2944732&use=l&cat=p&typeid=i","cat":312607},{"id":45290,"n":"Petits pois Le jardin Bio  Bio extra fins - 445g","p":3.19,"u":"7,17 €/KG","img":"https://fd13-photos.leclercdrive.fr/image.ashx?id=2944735&use=l&cat=p&typeid=i","cat":312607},{"id":45291,"n":"Quinoa Jardin Bio  Bio poulet et Sésame - 250g","p":2.19,"u":"8,76 €/KG","img":"https://fd13-photos.leclercdrive.fr/image.ashx?id=2956433&use=l&cat=p&typeid=i","cat":287600},{"id":45319,"n":"Pineau blanc Charentes NRT  17% vol - 75cl","p":7.95,"u":"10,60 €/L","img":"https://fd13-photos.leclercdrive.fr/image.ashx?id=2562126&use=l&cat=p&typeid=i","cat":284913},{"id":45320,"n":"Pineau rosé Charentes NRT  17% vol - 75cl","p":8.99,"u":"11,99 €/L","img":"https://fd13-photos.leclercdrive.fr/image.ashx?id=2562123&use=l&cat=p&typeid=i","cat":284913},{"id":45339,"n":"Tartine sarrasin Céréal Bio Bio - 145g","p":1.54,"u":"10,62 €/KG","img":"https://fd13-photos.leclercdrive.fr/image.ashx?id=2810792&use=l&cat=p&typeid=i","cat":284479},{"id":45340,"n":"Tartine  Céréal Bio  Bio multicéréales - 145g","p":1.55,"u":"10,69 €/KG","img":"https://fd13-photos.leclercdrive.fr/image.ashx?id=2810795&use=l&cat=p&typeid=i","cat":284479},{"id":45341,"n":"Tartines bio Céréal Bio  Riz et châtaigne - 145g","p":2.43,"u":"16,76 €/KG","img":"https://fd13-photos.leclercdrive.fr/image.ashx?id=2752912&use=l&cat=p&typeid=i","cat":284479},{"id":45345,"n":"Terrine d'aubergine Bio Bjorg  125g","p":2.36,"u":"18,88 €/KG","img":"https://fd13-photos.leclercdrive.fr/image.ashx?id=2786030&use=l&cat=p&typeid=i","cat":315999},{"id":45351,"n":"Tartines bio Jardin Bio Sarrasin sans gluten - 150g","p":2.01,"u":"13,40 €/KG","img":"https://fd13-photos.leclercdrive.fr/image.ashx?id=2535547&use=l&cat=p&typeid=i","cat":318654},{"id":45354,"n":"Tartines bio Jardin Bio Châtaigne sans gluten - 150g","p":2.19,"u":"14,60 €/KG","img":"https://fd13-photos.leclercdrive.fr/image.ashx?id=2537649&use=l&cat=p&typeid=i","cat":318654},{"id":45355,"n":"Thé vert Bio Clipper Au Citron - 20 sachets - 35g","p":2.19,"u":"62,57 €/KG","img":"https://fd13-photos.leclercdrive.fr/image.ashx?id=2922089&use=l&cat=p&typeid=i","cat":293233},{"id":45372,"n":"Tomates pelées Jardin Bio  Bio Entières au jus - 240g","p":1.28,"u":"5,33 €/KG","img":"https://fd13-photos.leclercdrive.fr/image.ashx?id=2967911&use=l&cat=p&typeid=i","cat":288384},{"id":45415,"n":"Fromage Emmental Entremont Râpé  - 300g","p":3.34,"u":"11,13 €/KG","img":"https://fd13-photos.leclercdrive.fr/image.ashx?id=2983156&use=l&cat=p&typeid=i","cat":314035},{"id":45437,"n":"Bâtonnets Surimi grands Coraya x10 - 156g","p":2.49,"u":"15,96 €/KG","img":"https://fd13-photos.leclercdrive.fr/image.ashx?id=2762133&use=l&cat=p&typeid=i","cat":285189},{"id":45454,"n":"Soufflés Tornades 3D Tokapi  Paprika 85g","p":0.73,"u":"8,59 €/KG","img":"https://fd13-photos.leclercdrive.fr/image.ashx?id=2953347&use=l&cat=p&typeid=i","cat":284449},{"id":45455,"n":"Soupe Velouté Bio Village Saveurs du sud Bio - 2x30cl","p":1.69,"u":"2,82 €/L","img":"https://fd13-photos.leclercdrive.fr/image.ashx?id=1881093&use=l&cat=p&typeid=i","cat":284462},{"id":45456,"n":"Chips Bio Village Bio Nature - 6x30g","p":2.99,"u":"16,61 €/KG","img":"https://fd13-photos.leclercdrive.fr/image.ashx?id=2838957&use=l&cat=p&typeid=i","cat":284447},{"id":45480,"n":"Nettoyant menthe Dentamyl Appareils dentaires x36","p":2.19,"img":"https://fd13-photos.leclercdrive.fr/image.ashx?id=2486802&use=l&cat=p&typeid=i","cat":285158},{"id":45498,"n":"Sacs poubelle 30L Elembal Ultra resist - x20","p":3.25,"u":"0,16 €/P","img":"https://fd13-photos.leclercdrive.fr/image.ashx?id=2958729&use=l&cat=p&typeid=i","cat":285168},{"id":45499,"n":"Sacs poubelle 50L Elembal Ultra résist - x15","p":3.9,"u":"0,26 €/P","img":"https://fd13-photos.leclercdrive.fr/image.ashx?id=2958732&use=l&cat=p&typeid=i","cat":285168},{"id":45500,"n":"Sacs poubelle 100L Elembal Ultra résist - x10","p":3.73,"u":"0,37 €/P","img":"https://fd13-photos.leclercdrive.fr/image.ashx?id=2958735&use=l&cat=p&typeid=i","cat":285168},{"id":45536,"n":"Taboulé Bonduelle Poulet - 300g","p":1.86,"u":"6,20 €/KG","img":"https://fd13-photos.leclercdrive.fr/image.ashx?id=2907902&use=l&cat=p&typeid=i","cat":333657},{"id":45541,"n":"Pizza l'Ovale Sodebo 3 fromages fondants - 200g","p":1.52,"u":"7,60 €/KG","img":"https://fd13-photos.leclercdrive.fr/image.ashx?id=2723644&use=l&cat=p&typeid=i","cat":333679},{"id":45575,"n":"Fromage raclette Les Croisés Nature et 3 poivres - 400g","p":5.3,"u":"13,25 €/KG","img":"https://fd13-photos.leclercdrive.fr/image.ashx?id=1972543&use=l&cat=p&typeid=i","cat":314037},{"id":45576,"n":"Fromage raclette Les Croisés  Nature et fumé 400g","p":5.34,"u":"13,35 €/KG","img":"https://fd13-photos.leclercdrive.fr/image.ashx?id=2054475&use=l&cat=p&typeid=i","cat":314037},{"id":45642,"n":"Ratatouille Cuisinée Cassegrain à la Provençale 185g","p":1.84,"u":"9,95 €/KG","img":"https://fd13-photos.leclercdrive.fr/image.ashx?id=2913007&use=l&cat=p&typeid=i","cat":312612},{"id":45671,"n":"Chips Bret's Chèvre/piment d'espelette -125g","p":1.17,"u":"9,36 €/KG","img":"https://fd13-photos.leclercdrive.fr/image.ashx?id=1941593&use=l&cat=p&typeid=i","cat":284447},{"id":45708,"n":"Yaourt à boire Mini Yop Aromatisé Fraise - 8x100g","p":2.3,"u":"2,88 €/KG","img":"https://fd13-photos.leclercdrive.fr/image.ashx?id=2985159&use=l&cat=p&typeid=i","cat":284415},{"id":45710,"n":"Fromage Burger cheddar/emmental Président - 20 tranches - 340g","p":2.62,"u":"7,71 €/KG","img":"https://fd13-photos.leclercdrive.fr/image.ashx?id=2628239&use=l&cat=p&typeid=i","cat":314028},{"id":45712,"n":"Emmental râpé fondant Président 500g","p":4.75,"u":"9,50 €/KG","img":"https://fd13-photos.leclercdrive.fr/image.ashx?id=2489464&use=l&cat=p&typeid=i","cat":314035},{"id":45750,"n":"Couette unie Microstop Tissaia Anti-acariens - 140x200cm","p":29.89,"u":"Dont 0,12 € d'éco-part.","img":"https://fd13-photos.leclercdrive.fr/image.ashx?id=2648430&use=l&cat=p&typeid=i","cat":288835},{"id":45752,"n":"Couette unie chaude Tissaia Anti-acariens - 200x200cm","p":39.89,"u":"Dont 0,12 € d'éco-part.","img":"https://fd13-photos.leclercdrive.fr/image.ashx?id=2648433&use=l&cat=p&typeid=i","cat":288835},{"id":45770,"n":"Oreiller Tissaia Anti-acariens - 45x70cm","p":10.45,"u":"Dont 0,20 € d'éco-part.","img":"https://fd13-photos.leclercdrive.fr/image.ashx?id=2207664&use=l&cat=p&typeid=i","cat":288835},{"id":45772,"n":"Traversin Tissaia Anti-acarien microstop 140cm","p":15.95,"u":"Dont 0,20 € d'éco-part.","img":"https://fd13-photos.leclercdrive.fr/image.ashx?id=2380241&use=l&cat=p&typeid=i","cat":288835},{"id":45773,"n":"Traversin Tissaia Anti-acarien microstop 160 cm","p":18.95,"u":"Dont 0,20 € d'éco-part.","img":"https://fd13-photos.leclercdrive.fr/image.ashx?id=2207742&use=l&cat=p&typeid=i","cat":288835},{"id":45826,"n":"Brosse à dents pro Dentamyl Médium x2","p":0.65,"u":"0,33 €/P","img":"https://fd13-photos.leclercdrive.fr/image.ashx?id=2790982&use=l&cat=p&typeid=i","cat":284614},{"id":45855,"n":"Whisky Clan Campbell Blended Scotch 40% vol - 1,5L","p":29.16,"u":"19,44 €/L","img":"https://fd13-photos.leclercdrive.fr/image.ashx?id=2868362&use=l&cat=p&typeid=i","cat":284547},{"id":45867,"n":"Crème dessert Mont Blanc Coupelles Chocolat - 4x125g","p":3.22,"u":"6,44 €/KG","img":"https://fd13-photos.leclercdrive.fr/image.ashx?id=2961104&use=l&cat=p&typeid=i","cat":284506},{"id":45868,"n":"Crème dessert Mont Blanc Coupelles Vanille - 4x125g","p":3.25,"u":"6,50 €/KG","img":"https://fd13-photos.leclercdrive.fr/image.ashx?id=2967301&use=l&cat=p&typeid=i","cat":284506},{"id":45870,"n":"Vinaigre ménager Clair 100% naturel - 1L","p":1.08,"u":"1,08 €/L","img":"https://fd13-photos.leclercdrive.fr/image.ashx?id=2779199&use=l&cat=p&typeid=i","cat":325365},{"id":45908,"n":"Biscuits fourrés Prince Chocolat - 3x300g","p":3.62,"u":"4,02 €/KG","img":"https://fd13-photos.leclercdrive.fr/image.ashx?id=3014641&use=l&cat=p&typeid=i","cat":284488},{"id":45923,"n":"Pur jus d'orange Bio Village Bio avec pulpe - 1L","p":3.11,"u":"3,11 €/L","img":"https://fd13-photos.leclercdrive.fr/image.ashx?id=2901542&use=l&cat=p&typeid=i","cat":284521},{"id":45965,"n":"Saucisses Knacki Herta Poulet x6 - 210g","p":1.6,"u":"7,62 €/KG","img":"https://fd13-photos.leclercdrive.fr/image.ashx?id=2290428&use=l&cat=p&typeid=i","cat":316012},{"id":46006,"n":"AOP Jurançon vin blanc Moelleux Terrasses d'Autan-75cl","p":6.99,"u":"9,32 €/L","img":"https://fd13-photos.leclercdrive.fr/image.ashx?id=2025668&use=l&cat=p&typeid=i","cat":289557},{"id":46016,"n":"Chocolat Pâtissier Tablette dOr Chocolat Noir - 3x200g","p":5.35,"u":"8,92 €/KG","img":"https://fd13-photos.leclercdrive.fr/image.ashx?id=3015392&use=l&cat=p&typeid=i","cat":285562},{"id":46037,"n":"Biscottes Toast Pelletier  Goût brioché - 150g","p":1.36,"u":"9,07 €/KG","img":"https://fd13-photos.leclercdrive.fr/image.ashx?id=1888023&use=l&cat=p&typeid=i","cat":284479},{"id":46045,"n":"biscuits fourrés bio   bjorg myrtille - 175g","p":2.63,"u":"15,03 €/KG","img":"https://fd13-photos.leclercdrive.fr/image.ashx?id=2979734&use=l&cat=p&typeid=i","cat":284489},{"id":46047,"n":"Sirop d'érable  250g","p":3.3,"u":"13,20 €/KG","img":"https://fd13-photos.leclercdrive.fr/image.ashx?id=2480298&use=l&cat=p&typeid=i","cat":287643},{"id":46051,"n":"Menus chat Tous mes amis Viande menus gourmands 24x100g","p":6.95,"u":"2,90 €/KG","img":"https://fd13-photos.leclercdrive.fr/image.ashx?id=2027607&use=l&cat=p&typeid=i","cat":285286},{"id":46052,"n":"Gelée pour chat Tous mes amis Poisson menus gourmands 24x100g","p":6.95,"u":"2,90 €/KG","img":"https://fd13-photos.leclercdrive.fr/image.ashx?id=2027604&use=l&cat=p&typeid=i","cat":285286},{"id":46098,"n":"Biscuits chocolat Prince Lu 6x300g","p":8.22,"u":"4,57 €/KG","img":"https://fd13-photos.leclercdrive.fr/image.ashx?id=2737165&use=l&cat=p&typeid=i","cat":284488},{"id":46156,"n":"Thon mariné Petit Navire Basilic - 2x110g","p":4.2,"u":"19,09 €/KG","img":"https://fd13-photos.leclercdrive.fr/image.ashx?id=2522551&use=l&cat=p&typeid=i","cat":303867},{"id":46166,"n":"Crackers bio Bio Village 3 graines - 200g","p":2.69,"u":"13,45 €/KG","img":"https://fd13-photos.leclercdrive.fr/image.ashx?id=2310504&use=l&cat=p&typeid=i","cat":297000},{"id":46224,"n":"Friandises chien Pedigree Récompense bœuf fromage - 140g","p":1.72,"u":"12,29 €/KG","img":"https://fd13-photos.leclercdrive.fr/image.ashx?id=2256203&use=l&cat=p&typeid=i","cat":294527},{"id":46381,"n":"Fromage Emmenta Les Croisés En dés - 150g","p":1.89,"u":"12,60 €/KG","img":"https://fd13-photos.leclercdrive.fr/image.ashx?id=2422550&use=l&cat=p&typeid=i","cat":314027},{"id":46382,"n":"Protège-document Esquisse Turquoise - A4 - 60 vues","p":1.95,"img":"https://fd13-photos.leclercdrive.fr/image.ashx?id=1694260&use=l&cat=p&typeid=i","cat":284745},{"id":46433,"n":"Poivrons Tradizioni D'italia  Grillés/huile d'olive - 280g","p":3.49,"u":"12,46 €/KG","img":"https://fd13-photos.leclercdrive.fr/image.ashx?id=1965599&use=l&cat=p&typeid=i","cat":312608},{"id":46462,"n":"Mini coudes Turini 500g","p":0.99,"u":"1,98 €/KG","img":"https://fd13-photos.leclercdrive.fr/image.ashx?id=2607566&use=l&cat=p&typeid=i","cat":284427},{"id":46472,"n":"Pandoro Tradizioni D'italia 500g","p":5.99,"u":"11,98 €/KG","img":"https://fd13-photos.leclercdrive.fr/image.ashx?id=985041&use=l&cat=p&typeid=i","cat":293600},{"id":46473,"n":"Rhum blanc Trois Rivières 40% vol - 70cl","p":12.15,"u":"17,36 €/L","img":"https://fd13-photos.leclercdrive.fr/image.ashx?id=2766334&use=l&cat=p&typeid=i","cat":284550},{"id":46498,"n":"Pomme de terre Bio Bio Village Four Potage - 1.5kg","p":2.99,"u":"1,99 €/KG","img":"https://fd13-photos.leclercdrive.fr/image.ashx?id=2959752&use=l&cat=p&typeid=i","cat":284352},{"id":46533,"n":"Plat à pizza Homeside Avec trous, alluminium - 30cm","p":4.5,"img":"https://fd13-photos.leclercdrive.fr/image.ashx?id=2856642&use=l&cat=p&typeid=i","cat":298490},{"id":46534,"n":"Shaker Ardence 1 pièce","p":4.24,"img":"https://fd13-photos.leclercdrive.fr/image.ashx?id=1467666&use=l&cat=p&typeid=i","cat":334135},{"id":46536,"n":"Range couverts Ardence Modulable, 5 cases - x1","p":4.5,"img":"https://fd13-photos.leclercdrive.fr/image.ashx?id=1468594&use=l&cat=p&typeid=i","cat":334135},{"id":46559,"n":"Boîtes alimentaires Eco+ 5x0.5L","p":1.72,"u":"0,34 €/P","img":"https://fd13-photos.leclercdrive.fr/image.ashx?id=1467657&use=l&cat=p&typeid=i","cat":284710},{"id":46654,"n":"Bière blonde La Chouffe 33cl","p":2.27,"u":"6,88 €/L","img":"https://fd13-photos.leclercdrive.fr/image.ashx?id=2877073&use=l&cat=p&typeid=i","cat":334872},{"id":46667,"n":"Monster Munch Salé - 135g","p":1.37,"u":"10,15 €/KG","img":"https://fd13-photos.leclercdrive.fr/image.ashx?id=2996935&use=l&cat=p&typeid=i","cat":284449},{"id":46703,"n":"Spray désodorisant Airwick  Pure Douceur de Coton - 250ml","p":2.86,"u":"11,44 €/L","img":"https://fd13-photos.leclercdrive.fr/image.ashx?id=2858600&use=l&cat=p&typeid=i","cat":311626},{"id":46852,"n":"Dos de cabillaud MSC Delpierre 325g","p":11.73,"u":"36,09 €/KG","img":"https://fd13-photos.leclercdrive.fr/image.ashx?id=2958836&use=l&cat=p&typeid=i","cat":284342},{"id":46894,"n":"Yaourts Invitation à la Ferme Nature Bio - 4x125g","p":1.99,"u":"3,98 €/KG","img":"https://fd13-photos.leclercdrive.fr/image.ashx?id=2503124&use=l&cat=p&typeid=i","cat":284409},{"id":46896,"n":"Yaourt Bio Invitation à la  ferme Citron - 4x125g","p":2.39,"u":"4,78 €/KG","img":"https://fd13-photos.leclercdrive.fr/image.ashx?id=2503142&use=l&cat=p&typeid=i","cat":286006},{"id":46898,"n":"Yaourts Invitation à la Ferme Fraise Bio - 4x125g","p":2.99,"u":"5,98 €/KG","img":"https://fd13-photos.leclercdrive.fr/image.ashx?id=2503133&use=l&cat=p&typeid=i","cat":284410},{"id":46902,"n":"Yaourts Invitation à la Ferme Myrtille sauvage Bio - 4x125g","p":2.99,"u":"5,98 €/KG","img":"https://fd13-photos.leclercdrive.fr/image.ashx?id=2503139&use=l&cat=p&typeid=i","cat":284410},{"id":46981,"n":"Petit cake Bonne Maman Aux fruits - 300g","p":3.29,"u":"10,97 €/KG","img":"https://fd13-photos.leclercdrive.fr/image.ashx?id=2936173&use=l&cat=p&typeid=i","cat":284493},{"id":46982,"n":"Cookies gros éclats Granola Chocolat - 276g","p":2.37,"u":"8,59 €/KG","img":"https://fd13-photos.leclercdrive.fr/image.ashx?id=3005335&use=l&cat=p&typeid=i","cat":325066},{"id":46984,"n":"Café et Chicorée Soluble Ricoré  Original Recharge - 180g","p":3.75,"u":"20,83 €/KG","img":"https://fd13-photos.leclercdrive.fr/image.ashx?id=2980112&use=l&cat=p&typeid=i","cat":284843},{"id":47034,"n":"Litière chats Tranquille Cristale - 4L","p":6.4,"u":"1,60 €/L","img":"https://fd13-photos.leclercdrive.fr/image.ashx?id=2092256&use=l&cat=p&typeid=i","cat":284683},{"id":47125,"n":"Cidre bouché rosé Envie de rose 2.5%vol. - 75cl","p":2.49,"u":"3,32 €/L","img":"https://fd13-photos.leclercdrive.fr/image.ashx?id=2908984&use=l&cat=p&typeid=i","cat":334880},{"id":47127,"n":"Bière Red Desperados 5.9%vol. - 6x33cl","p":8.8,"u":"4,44 €/L","img":"https://fd13-photos.leclercdrive.fr/image.ashx?id=2766229&use=l&cat=p&typeid=i","cat":334878},{"id":47128,"n":"Vin Union Européenne rouge Le Tonnelier - BIB 5L","p":8.89,"u":"1,78 €/L","img":"https://fd13-photos.leclercdrive.fr/image.ashx?id=2107468&use=l&cat=p&typeid=i","cat":289560},{"id":47132,"n":"IGP Pays d'Oc blanc Les Ormes De Cambras Sauvignon 12% BIB 5L","p":17.04,"u":"3,41 €/L","img":"https://fd13-photos.leclercdrive.fr/image.ashx?id=2192389&use=l&cat=p&typeid=i","cat":289557},{"id":47169,"n":"Sacs poubelle 10L Elembal Salle de bain - x20","p":0.8,"u":"0,04 €/P","img":"https://fd13-photos.leclercdrive.fr/image.ashx?id=1732829&use=l&cat=p&typeid=i","cat":285168},{"id":47180,"n":"Gel douche enfant Tahiti Fruits exotiques - 300ml","p":1.92,"u":"6,40 €/L","img":"https://fd13-photos.leclercdrive.fr/image.ashx?id=2687332&use=l&cat=p&typeid=i","cat":284594},{"id":47253,"n":"Escalope de dinde Le Gaulois x6 - 720g","p":10.91,"u":"15,15 €/KG","img":"https://fd13-photos.leclercdrive.fr/image.ashx?id=2405506&use=l&cat=p&typeid=i","cat":284337},{"id":47254,"n":"Pâtes Coudes Rayés Turini 1kg","p":1.75,"u":"1,75 €/KG","img":"https://fd13-photos.leclercdrive.fr/image.ashx?id=2441342&use=l&cat=p&typeid=i","cat":284427},{"id":47255,"n":"Pâtes linguine Turini  500g","p":0.91,"u":"1,82 €/KG","img":"https://fd13-photos.leclercdrive.fr/image.ashx?id=2607554&use=l&cat=p&typeid=i","cat":284427},{"id":47256,"n":"Pâtes Farfalles Turini  1kg","p":1.2,"u":"1,20 €/KG","img":"https://fd13-photos.leclercdrive.fr/image.ashx?id=2665574&use=l&cat=p&typeid=i","cat":284427},{"id":47258,"n":"Pâtes coquillettes Turini Blé complet  - 500g","p":1.09,"u":"2,18 €/KG","img":"https://fd13-photos.leclercdrive.fr/image.ashx?id=2607563&use=l&cat=p&typeid=i","cat":284427},{"id":47259,"n":"Pistaches Tokapi  Grillées à sec - 75g","p":1.65,"u":"22,00 €/KG","img":"https://fd13-photos.leclercdrive.fr/image.ashx?id=2795571&use=l&cat=p&typeid=i","cat":284448},{"id":47275,"n":"Piles lithium CR2016 Energizer Miniature blister - x2","p":5.99,"u":"3,00 €/P","img":"https://fd13-photos.leclercdrive.fr/image.ashx?id=1749551&use=l&cat=p&typeid=i","cat":300572},{"id":47280,"n":"Piles Energizer - AA/LR6 Rechargeables - x4","p":13.7,"img":"https://fd13-photos.leclercdrive.fr/image.ashx?id=2748632&use=l&cat=p&typeid=i","cat":300572},{"id":47281,"n":"Piles rechargeables Energizer Power plus AAA/LR3 - x4 piles","p":14.6,"u":"3,65 €/P","img":"https://fd13-photos.leclercdrive.fr/image.ashx?id=2748629&use=l&cat=p&typeid=i","cat":300572},{"id":47286,"n":"Piles lithium CR2430 x2","p":5.7,"u":"2,85 €/P","img":"https://fd13-photos.leclercdrive.fr/image.ashx?id=2901136&use=l&cat=p&typeid=i","cat":300572},{"id":47290,"n":"Piles Energizer lr44/A76 - x4","p":4.9,"img":"https://fd13-photos.leclercdrive.fr/image.ashx?id=2024972&use=l&cat=p&typeid=i","cat":300572},{"id":47359,"n":"Sandwich Mega Club Sodebo  Pain Complet Poulet Mayo - 230g","p":1.86,"u":"8,09 €/KG","img":"https://fd13-photos.leclercdrive.fr/image.ashx?id=2960156&use=l&cat=p&typeid=i","cat":333658},{"id":47360,"n":"Fromage à tartiner Madame Loïk Fouetté Ail Fines Herbes - 150g","p":1.78,"u":"11,87 €/KG","img":"https://fd13-photos.leclercdrive.fr/image.ashx?id=2948021&use=l&cat=p&typeid=i","cat":314029},{"id":47361,"n":"Bûche de chèvre Président 250g","p":2.96,"u":"11,84 €/KG","img":"https://fd13-photos.leclercdrive.fr/image.ashx?id=2446647&use=l&cat=p&typeid=i","cat":314031},{"id":47381,"n":"Vin Union européenne blanc Lichette 11° - 75 cl","p":2.5,"u":"3,33 €/L","img":"https://fd13-photos.leclercdrive.fr/image.ashx?id=2943855&use=l&cat=p&typeid=i","cat":289557},{"id":47396,"n":"Mélange gourmand maxi Les Crudettes - 320g","p":2.68,"u":"8,38 €/KG","img":"https://fd13-photos.leclercdrive.fr/image.ashx?id=2238684&use=l&cat=p&typeid=i","cat":284353},{"id":47404,"n":"Eau gazeuse aromatisée Badoit citron sans sucres - 6x50cl","p":3.31,"u":"1,10 €/L","img":"https://fd13-photos.leclercdrive.fr/image.ashx?id=2730643&use=l&cat=p&typeid=i","cat":284536},{"id":47438,"n":"Chewing-gum Freedent White  Bubble menthe 5x10  - 70g","p":2.28,"u":"32,57 €/KG","img":"https://fd13-photos.leclercdrive.fr/image.ashx?id=1934997&use=l&cat=p&typeid=i","cat":304251},{"id":47441,"n":"Cidre normand Les Goelleries Brut 4.5% - 2x75cl","p":3.69,"u":"2,46 €/L","img":"https://fd13-photos.leclercdrive.fr/image.ashx?id=2445817&use=l&cat=p&typeid=i","cat":334880},{"id":47512,"n":"Whisky Jack Daniel's Old N°7 1,5L","p":43.35,"u":"28,90 €/L","img":"https://fd13-photos.leclercdrive.fr/image.ashx?id=2986840&use=l&cat=p&typeid=i","cat":284547},{"id":47528,"n":"Vin mousseux J.P Chenet Blanc 11%vol - 75cl","p":5.18,"u":"6,91 €/L","img":"https://fd13-photos.leclercdrive.fr/image.ashx?id=2794469&use=l&cat=p&typeid=i","cat":284544},{"id":47529,"n":"Vin mousseux de France Rosé J.P Chenet 11%vol - 75cl","p":5.32,"u":"7,09 €/L","img":"https://fd13-photos.leclercdrive.fr/image.ashx?id=2794472&use=l&cat=p&typeid=i","cat":284544},{"id":47535,"n":"Thé vert Twinings Gunpowder Vrac- 200g","p":5.31,"u":"26,55 €/KG","img":"https://fd13-photos.leclercdrive.fr/image.ashx?id=2950726&use=l&cat=p&typeid=i","cat":293233},{"id":47563,"n":"Macédoine de Légumes Bonduelle 265g","p":0.94,"u":"3,55 €/KG","img":"https://fd13-photos.leclercdrive.fr/image.ashx?id=2910007&use=l&cat=p&typeid=i","cat":312612},{"id":47592,"n":"Crêpe fourrée Whaou Cracky choco x8 - 256g","p":2.33,"u":"9,10 €/KG","img":"https://fd13-photos.leclercdrive.fr/image.ashx?id=2971029&use=l&cat=p&typeid=i","cat":284494},{"id":47593,"n":"Yaourts Mamie Nova Chocolat - 2x150g","p":1.31,"u":"4,37 €/KG","img":"https://fd13-photos.leclercdrive.fr/image.ashx?id=2909029&use=l&cat=p&typeid=i","cat":285041},{"id":47646,"n":"Pâtes Macaroni Panzani  3 Minutes - 500G","p":1.24,"u":"2,48 €/KG","img":"https://fd13-photos.leclercdrive.fr/image.ashx?id=2896081&use=l&cat=p&typeid=i","cat":284427},{"id":47648,"n":"Filets de maquereaux Saupiquet Vin blanc et aromates - 176g","p":2.03,"u":"11,53 €/KG","img":"https://fd13-photos.leclercdrive.fr/image.ashx?id=2829967&use=l&cat=p&typeid=i","cat":303868},{"id":47657,"n":"Bâtonnets Dentastix Pedigree Grand chien x56 - 2160g","p":17.41,"u":"8,06 €/KG","img":"https://fd13-photos.leclercdrive.fr/image.ashx?id=2980064&use=l&cat=p&typeid=i","cat":294527},{"id":47658,"n":"Bâtonnets  Dentastix Pedigree Petit chien x56 - 880g","p":10.68,"u":"12,14 €/KG","img":"https://fd13-photos.leclercdrive.fr/image.ashx?id=2937787&use=l&cat=p&typeid=i","cat":294527},{"id":47667,"n":"Pâtes Penne Rigate Panzani 3 Minutes - 500G","p":1.2,"u":"2,40 €/KG","img":"https://fd13-photos.leclercdrive.fr/image.ashx?id=2896087&use=l&cat=p&typeid=i","cat":284427},{"id":47675,"n":"Sardines Connétable Piment - 140g","p":1.55,"u":"11,07 €/KG","img":"https://fd13-photos.leclercdrive.fr/image.ashx?id=2807573&use=l&cat=p&typeid=i","cat":305146},{"id":47702,"n":"Sirop La Maison Guiot Violette - 70cl","p":3.11,"u":"4,44 €/L","img":"https://fd13-photos.leclercdrive.fr/image.ashx?id=2014832&use=l&cat=p&typeid=i","cat":295020},{"id":47718,"n":"Boisson gourmande PAGO Cocktail Tropical Vitaminé - 75cl","p":1.83,"u":"2,44 €/L","img":"https://fd13-photos.leclercdrive.fr/image.ashx?id=2861854&use=l&cat=p&typeid=i","cat":284917},{"id":47722,"n":"Compotes Pom'Potes Gourdes  Pomme Nature - 12x90g","p":4.69,"u":"4,34 €/KG","img":"https://fd13-photos.leclercdrive.fr/image.ashx?id=2968082&use=l&cat=p&typeid=i","cat":284508},{"id":47724,"n":"Compotes Pom'Potes Gourdes  Sans sucres- 20x90g","p":7.73,"u":"4,29 €/KG","img":"https://fd13-photos.leclercdrive.fr/image.ashx?id=2883408&use=l&cat=p&typeid=i","cat":284508},{"id":47742,"n":"Lait nuage de lait Régilait Non sucré entier - 10x14g","p":0.99,"u":"7,07 €/KG","img":"https://fd13-photos.leclercdrive.fr/image.ashx?id=2018649&use=l&cat=p&typeid=i","cat":299162},{"id":47772,"n":"Chips Lay's Saveur cheeseburger - 120g","p":1.85,"u":"15,42 €/KG","img":"https://fd13-photos.leclercdrive.fr/image.ashx?id=3011134&use=l&cat=p&typeid=i","cat":284447},{"id":47793,"n":"Cancoillotte aux noix NRT IGP 250g","p":2.09,"u":"8,36 €/KG","img":"https://fd13-photos.leclercdrive.fr/image.ashx?id=2347522&use=l&cat=p&typeid=i","cat":314037},{"id":47794,"n":"Fromage Tomme de Savoie NRT IGP 300g","p":4.29,"u":"14,30 €/KG","img":"https://fd13-photos.leclercdrive.fr/image.ashx?id=2934835&use=l&cat=p&typeid=i","cat":329184},{"id":47795,"n":"Papier toilette humide Lotus Aloe Douceur - x42 feuilles","p":1.78,"u":"0,04 €/P","img":"https://fd13-photos.leclercdrive.fr/image.ashx?id=2864840&use=l&cat=p&typeid=i","cat":284634},{"id":47796,"n":"Papier toilette humide Lotus Pure - x42 feuilles","p":1.65,"u":"0,04 €/P","img":"https://fd13-photos.leclercdrive.fr/image.ashx?id=2866070&use=l&cat=p&typeid=i","cat":284634},{"id":47807,"n":"Boisson Sunny Delight Multivitamines - 1,25L","p":2.42,"u":"1,94 €/L","img":"https://fd13-photos.leclercdrive.fr/image.ashx?id=2309948&use=l&cat=p&typeid=i","cat":285435},{"id":47839,"n":"Prosciutto Montorsi 90g","p":2.73,"u":"30,33 €/KG","img":"https://fd13-photos.leclercdrive.fr/image.ashx?id=2525849&use=l&cat=p&typeid=i","cat":316007},{"id":47843,"n":"Cordon bleu poulet Maître Coq 1kg","p":6.3,"u":"6,30 €/KG","img":"https://fd13-photos.leclercdrive.fr/image.ashx?id=2939475&use=l&cat=p&typeid=i","cat":319780},{"id":47864,"n":"Apéritif rouge Lillet 17%vol - 75 cl","p":12.5,"u":"16,67 €/L","img":"https://fd13-photos.leclercdrive.fr/image.ashx?id=2877712&use=l&cat=p&typeid=i","cat":284913},{"id":47865,"n":"Apéritif Lillet Rosé à base de vin 17% vol 75cl","p":12.89,"u":"17,19 €/L","img":"https://fd13-photos.leclercdrive.fr/image.ashx?id=2946493&use=l&cat=p&typeid=i","cat":304569},{"id":47866,"n":"Apéritif Lillet Blanc à base de vin 17% vol 75cl","p":12.73,"u":"16,97 €/L","img":"https://fd13-photos.leclercdrive.fr/image.ashx?id=2998922&use=l&cat=p&typeid=i","cat":304569},{"id":47927,"n":"Blinis Cocktail Blini x16 - 135g","p":1.83,"u":"13,56 €/KG","img":"https://fd13-photos.leclercdrive.fr/image.ashx?id=2947952&use=l&cat=p&typeid=i","cat":285191},{"id":47936,"n":"Saumon fumé de  l'atlantique   200g","p":5.99,"u":"29,95 €/KG","img":"https://fd13-photos.leclercdrive.fr/image.ashx?id=2506137&use=l&cat=p&typeid=i","cat":285188},{"id":48007,"n":"Vin mousseux de France Kriter blanc Demi-sec - 75cl","p":4.85,"u":"6,47 €/L","img":"https://fd13-photos.leclercdrive.fr/image.ashx?id=2840871&use=l&cat=p&typeid=i","cat":284544},{"id":48020,"n":"Pochettes Exacompta Perforées - x50","p":4.51,"img":"https://fd13-photos.leclercdrive.fr/image.ashx?id=1869919&use=l&cat=p&typeid=i","cat":284745},{"id":48029,"n":"Sirop Moulin de Valdonne Pêche blanche - 70cl","p":3.33,"u":"4,76 €/L","img":"https://fd13-photos.leclercdrive.fr/image.ashx?id=2842678&use=l&cat=p&typeid=i","cat":295020},{"id":48030,"n":"Bâtonnets surimi Fleury Michon  Fromage et herbes MSC x16 -256g","p":3.41,"u":"13,32 €/KG","img":"https://fd13-photos.leclercdrive.fr/image.ashx?id=2936944&use=l&cat=p&typeid=i","cat":285189},{"id":48055,"n":"Hachis parmentier Marie  1kg","p":5.37,"u":"5,37 €/KG","img":"https://fd13-photos.leclercdrive.fr/image.ashx?id=2993385&use=l&cat=p&typeid=i","cat":284254},{"id":48079,"n":"Vinaigre de Cidre MAILLE au jus de pomme concentré 50cl","p":2.21,"u":"4,42 €/L","img":"https://fd13-photos.leclercdrive.fr/image.ashx?id=2945421&use=l&cat=p&typeid=i","cat":298543},{"id":48104,"n":"Sardines Parmentier Huile d'olive/hyacinte - 232g","p":3.12,"u":"13,45 €/KG","img":"https://fd13-photos.leclercdrive.fr/image.ashx?id=2826519&use=l&cat=p&typeid=i","cat":305146},{"id":48107,"n":"Thon mariné Petit Navire Citron/thym - 110g","p":2.17,"u":"19,73 €/KG","img":"https://fd13-photos.leclercdrive.fr/image.ashx?id=2986122&use=l&cat=p&typeid=i","cat":303867},{"id":48112,"n":"Poivre noir moulu Ducros Fort, N°9 - 35g","p":3.17,"u":"90,57 €/KG","img":"https://fd13-photos.leclercdrive.fr/image.ashx?id=2486593&use=l&cat=p&typeid=i","cat":284457},{"id":48118,"n":"Whisky Glenmorangie Original 10ans - 40%vol - 70cl","p":31.54,"u":"45,06 €/L","img":"https://fd13-photos.leclercdrive.fr/image.ashx?id=2525408&use=l&cat=p&typeid=i","cat":284547},{"id":48164,"n":"Barres céréales Extra Kellogg's Chocolat et Amande - 4x32g","p":2.93,"u":"22,89 €/KG","img":"https://fd13-photos.leclercdrive.fr/image.ashx?id=2736601&use=l&cat=p&typeid=i","cat":285869},{"id":48200,"n":"Rillettes de poulet rôti Bordeau Chesnel - 220g","p":2.35,"u":"10,68 €/KG","img":"https://fd13-photos.leclercdrive.fr/image.ashx?id=2855046&use=l&cat=p&typeid=i","cat":316008},{"id":48203,"n":"Olives vertes Croc'frais A l'orientale Dénoyautées 200g","p":2.97,"u":"14,85 €/KG","img":"https://fd13-photos.leclercdrive.fr/image.ashx?id=2833702&use=l&cat=p&typeid=i","cat":316002},{"id":48226,"n":"Petit Pois, Carotte Cassegrain Tendres et Fondants 130g","p":1.24,"u":"9,54 €/KG","img":"https://fd13-photos.leclercdrive.fr/image.ashx?id=2912977&use=l&cat=p&typeid=i","cat":312607},{"id":48258,"n":"Croquettes chat Ultima Stérilisé - Saumon - 3kg","p":11.31,"u":"3,77 €/KG","img":"https://fd13-photos.leclercdrive.fr/image.ashx?id=2922221&use=l&cat=p&typeid=i","cat":284680},{"id":48260,"n":"Apéritif Byrrh 17%vol - 1L","p":8.47,"u":"8,47 €/L","img":"https://fd13-photos.leclercdrive.fr/image.ashx?id=2409908&use=l&cat=p&typeid=i","cat":284913},{"id":48265,"n":"Porto Cruz  Réserve - 19%vol - 75cl","p":10.51,"u":"14,01 €/L","img":"https://fd13-photos.leclercdrive.fr/image.ashx?id=3011092&use=l&cat=p&typeid=i","cat":284913},{"id":48267,"n":"Rhum ambré Saint James 45%vol - 70cl","p":14.96,"u":"21,37 €/L","img":"https://fd13-photos.leclercdrive.fr/image.ashx?id=2970945&use=l&cat=p&typeid=i","cat":284550},{"id":48268,"n":"Gin Gordon's 37.5%vol - 70cl","p":14.3,"u":"20,43 €/L","img":"https://fd13-photos.leclercdrive.fr/image.ashx?id=2736388&use=l&cat=p&typeid=i","cat":284550},{"id":48270,"n":"Whisky Tullamore Dew 40%vol - 70cl","p":18.84,"u":"26,91 €/L","img":"https://fd13-photos.leclercdrive.fr/image.ashx?id=2864801&use=l&cat=p&typeid=i","cat":284547},{"id":48272,"n":"Liqueur de menthe Get 31 24° - 70cl","p":14.33,"u":"20,47 €/L","img":"https://fd13-photos.leclercdrive.fr/image.ashx?id=2840497&use=l&cat=p&typeid=i","cat":286032},{"id":48299,"n":"Burger Le Charolais Daunat Boeuf emmental - 180g","p":3.39,"u":"18,83 €/KG","img":"https://fd13-photos.leclercdrive.fr/image.ashx?id=2967175&use=l&cat=p&typeid=i","cat":333671},{"id":48306,"n":"IGP Pays d'Oc rosé Grenache Les Ormes de Cambras 11.5% 75cl","p":3.15,"u":"4,20 €/L","img":"https://fd13-photos.leclercdrive.fr/image.ashx?id=2285234&use=l&cat=p&typeid=i","cat":289558},{"id":48307,"n":"IGP Pays d'Oc rosé Grenache Les Ormes de Cambras - BIB 5L","p":15.92,"u":"3,18 €/L","img":"https://fd13-photos.leclercdrive.fr/image.ashx?id=2489458&use=l&cat=p&typeid=i","cat":289560},{"id":48310,"n":"Concentré à diluer Pulco Citron vert - 70cl","p":2.55,"u":"3,64 €/L","img":"https://fd13-photos.leclercdrive.fr/image.ashx?id=2686630&use=l&cat=p&typeid=i","cat":295020},{"id":48311,"n":"Concentré à diluer Pulco Orange Citron - 70cl","p":2.65,"u":"3,79 €/L","img":"https://fd13-photos.leclercdrive.fr/image.ashx?id=2686633&use=l&cat=p&typeid=i","cat":295020},{"id":48339,"n":"Chocolat au lait Lindt  Praliné Noisette - 100g","p":2.03,"u":"20,30 €/KG","img":"https://fd13-photos.leclercdrive.fr/image.ashx?id=2751321&use=l&cat=p&typeid=i","cat":284497},{"id":48348,"n":"Chocolat au lait Lindt Création Caramel - 150g","p":3.18,"u":"21,20 €/KG","img":"https://fd13-photos.leclercdrive.fr/image.ashx?id=2685814&use=l&cat=p&typeid=i","cat":284497},{"id":48352,"n":"Tablette de chocolat noir Lindt Orange intense - 100g","p":2.25,"u":"22,50 €/KG","img":"https://fd13-photos.leclercdrive.fr/image.ashx?id=2689496&use=l&cat=p&typeid=i","cat":284956},{"id":48353,"n":"Tablette de chocolat noir Lindt 70% cacao - 100g","p":2.24,"u":"22,40 €/KG","img":"https://fd13-photos.leclercdrive.fr/image.ashx?id=2681592&use=l&cat=p&typeid=i","cat":284956},{"id":48354,"n":"Tablette de chocolat noir Lindt 85% cacao - 100g","p":2.24,"u":"22,40 €/KG","img":"https://fd13-photos.leclercdrive.fr/image.ashx?id=2681589&use=l&cat=p&typeid=i","cat":284956},{"id":48355,"n":"Tablette de chocolat noir Lindt Caramel Pointe de sel - 100g","p":2.26,"u":"22,60 €/KG","img":"https://fd13-photos.leclercdrive.fr/image.ashx?id=2689493&use=l&cat=p&typeid=i","cat":284956},{"id":48376,"n":"Café moulu Velours Noir 100% Arabica - 2x250g","p":9.07,"u":"18,14 €/KG","img":"https://fd13-photos.leclercdrive.fr/image.ashx?id=2229299&use=l&cat=p&typeid=i","cat":284750},{"id":48377,"n":"Café moulu Grand Mère Dégustation - 2x250g","p":7.8,"u":"15,60 €/KG","img":"https://fd13-photos.leclercdrive.fr/image.ashx?id=2993484&use=l&cat=p&typeid=i","cat":284750},{"id":48378,"n":"Café moulu Jacques Vabre Brésil 100% Arabica - 250g","p":4.47,"u":"17,88 €/KG","img":"https://fd13-photos.leclercdrive.fr/image.ashx?id=2100380&use=l&cat=p&typeid=i","cat":284750},{"id":48383,"n":"Gel Lubrifiant Massage 2 en 1 Durex Sensuel Ylang Ylang 200ml","p":6.95,"u":"34,75 €/L","img":"https://fd13-photos.leclercdrive.fr/image.ashx?id=2736562&use=l&cat=p&typeid=i","cat":285160},{"id":48421,"n":"AOP Alsace Gewurztraminer blanc Wolfberger 13,5% - 75cl","p":7.85,"pp":5.89,"u":"7,85 €/L","img":"https://fd13-photos.leclercdrive.fr/image.ashx?id=2936368&use=l&cat=p&typeid=i","cat":289557},{"id":48508,"n":"Ketchup AMORA Flacon Souple - 550g","p":1.5,"u":"2,73 €/KG","img":"https://fd13-photos.leclercdrive.fr/image.ashx?id=2766649&use=l&cat=p&typeid=i","cat":284455},{"id":48511,"n":"Menagère poivre blanc  Ducros N° 8 - 90g","p":4.28,"u":"47,56 €/KG","img":"https://fd13-photos.leclercdrive.fr/image.ashx?id=2559481&use=l&cat=p&typeid=i","cat":284457},{"id":48512,"n":"Poivre noir n°6 Ducros Moulin - 28g","p":3.45,"u":"123,21 €/KG","img":"https://fd13-photos.leclercdrive.fr/image.ashx?id=2559472&use=l&cat=p&typeid=i","cat":284457},{"id":48513,"n":"Poivre noir n°6 Ducros Grains - 90g","p":3.49,"u":"38,78 €/KG","img":"https://fd13-photos.leclercdrive.fr/image.ashx?id=2473336&use=l&cat=p&typeid=i","cat":284457},{"id":48515,"n":"Coriandre Ducros Moulue - 32g","p":1.25,"u":"39,06 €/KG","img":"https://fd13-photos.leclercdrive.fr/image.ashx?id=2490497&use=l&cat=p&typeid=i","cat":298297},{"id":48525,"n":"Tomato Ketchup Heinz - 700g","p":2.69,"u":"3,84 €/KG","img":"https://fd13-photos.leclercdrive.fr/image.ashx?id=2729326&use=l&cat=p&typeid=i","cat":284455},{"id":48545,"n":"Biscuits petit beurre LU 400g","p":2.17,"u":"5,43 €/KG","img":"https://fd13-photos.leclercdrive.fr/image.ashx?id=2119376&use=l&cat=p&typeid=i","cat":284487},{"id":48546,"n":"Goûter laitier Récré O'Lé  ChocoVanille, Caramel -12x85g","p":5.7,"u":"5,59 €/KG","img":"https://fd13-photos.leclercdrive.fr/image.ashx?id=3011611&use=l&cat=p&typeid=i","cat":284506},{"id":48573,"n":"Barre Chocolat au Lait KitKat x10 barres - 415g","p":4.87,"u":"1,17 €/L","img":"https://fd13-photos.leclercdrive.fr/image.ashx?id=2905045&use=l&cat=p&typeid=i","cat":284498},{"id":48589,"n":"Lait bébé poudre Gallia Calisma croissance Dès 12 mois 1,2kg","p":15.68,"u":"13,07 €/KG","img":"https://fd13-photos.leclercdrive.fr/image.ashx?id=2973553&use=l&cat=p&typeid=i","cat":290219},{"id":48611,"n":"Plat bébé soir Blédiner 12 mois Pâtes légumes - 2x200g","p":2.19,"u":"5,48 €/KG","img":"https://fd13-photos.leclercdrive.fr/image.ashx?id=2975068&use=l&cat=p&typeid=i","cat":312239},{"id":48615,"n":"Coton Demak'up Duo disque x108","p":1.73,"u":"0,02 €/P","img":"https://fd13-photos.leclercdrive.fr/image.ashx?id=2791461&use=l&cat=p&typeid=i","cat":285593},{"id":48633,"n":"Boisson gourmande PAGO Fraise 75cl","p":2.61,"u":"3,48 €/L","img":"https://fd13-photos.leclercdrive.fr/image.ashx?id=2954007&use=l&cat=p&typeid=i","cat":284915},{"id":48646,"n":"Soda à l'orange Orangina Sans Sucres - 6x33cl","p":3.61,"u":"1,82 €/L","img":"https://fd13-photos.leclercdrive.fr/image.ashx?id=2946931&use=l&cat=p&typeid=i","cat":284532},{"id":48697,"n":"Sachet chat Purina One Sterillcat - 8x85g","p":3.91,"u":"5,75 €/KG","img":"https://fd13-photos.leclercdrive.fr/image.ashx?id=2899695&use=l&cat=p&typeid=i","cat":285286},{"id":48698,"n":"Croquettes chat Purina One Stérilisé/Intérieur-Poulet1.5kg","p":7.67,"u":"5,11 €/KG","img":"https://fd13-photos.leclercdrive.fr/image.ashx?id=2681257&use=l&cat=p&typeid=i","cat":284680},{"id":48704,"n":"Boîte chat Whiskas Gelée du pêcheur - 4x390g","p":4.6,"u":"2,95 €/KG","img":"https://fd13-photos.leclercdrive.fr/image.ashx?id=2759622&use=l&cat=p&typeid=i","cat":285601},{"id":48711,"n":"Friandises chien Fido  Dental Delicious - 130g","p":1.82,"u":"14,00 €/KG","img":"https://fd13-photos.leclercdrive.fr/image.ashx?id=2361614&use=l&cat=p&typeid=i","cat":294527},{"id":48717,"n":"Barquettes chats Gourmet Gold Les mousselines - 24x85g","p":10.76,"u":"5,27 €/KG","img":"https://fd13-photos.leclercdrive.fr/image.ashx?id=2861500&use=l&cat=p&typeid=i","cat":285286},{"id":48721,"n":"Poêlée jardinière D'aucy  580g","p":2.62,"u":"4,52 €/KG","img":"https://fd13-photos.leclercdrive.fr/image.ashx?id=2582816&use=l&cat=p&typeid=i","cat":312612},{"id":48725,"n":"Légumes pour Couscous D'Aucy Orientale - 800g","p":1.75,"u":"2,19 €/KG","img":"https://fd13-photos.leclercdrive.fr/image.ashx?id=2577800&use=l&cat=p&typeid=i","cat":312612},{"id":48734,"n":"Grand duc Ducros Touch'salade Provençale -180g","p":4.87,"u":"27,06 €/KG","img":"https://fd13-photos.leclercdrive.fr/image.ashx?id=1637670&use=l&cat=p&typeid=i","cat":298297},{"id":48745,"n":"Chocolat Pâtissier Nestlé Dessert Lait - 170g","p":3.01,"u":"17,71 €/KG","img":"https://fd13-photos.leclercdrive.fr/image.ashx?id=2961242&use=l&cat=p&typeid=i","cat":285562},{"id":48777,"n":"Confiture Confipote allégée en  Sucres - Pot Fraise - 350g","p":1.75,"u":"5,00 €/KG","img":"https://fd13-photos.leclercdrive.fr/image.ashx?id=2388436&use=l&cat=p&typeid=i","cat":284480},{"id":48803,"n":"Confiture Confipote allégée en  Sucres - Pot Abricot - 350g","p":1.52,"u":"4,34 €/KG","img":"https://fd13-photos.leclercdrive.fr/image.ashx?id=2120959&use=l&cat=p&typeid=i","cat":284480},{"id":48809,"n":"Tartines bio Jardin Bio Craquantes au sarrasin - 300g","p":3.76,"u":"12,53 €/KG","img":"https://fd13-photos.leclercdrive.fr/image.ashx?id=2535562&use=l&cat=p&typeid=i","cat":284479},{"id":48823,"n":"Haché Végétal bio Céréal Bio Façon Bolognaise au Soja 250g","p":2.67,"u":"10,68 €/KG","img":"https://fd13-photos.leclercdrive.fr/image.ashx?id=2575090&use=l&cat=p&typeid=i","cat":287600},{"id":48839,"n":"Lait concentré Régilait Non sucré, demi écrémé - 410g","p":1.43,"u":"3,49 €/KG","img":"https://fd13-photos.leclercdrive.fr/image.ashx?id=2405863&use=l&cat=p&typeid=i","cat":299162},{"id":48843,"n":"Préparation gâteau Nestlé Fondant chocolat - 317g","p":3.95,"u":"12,46 €/KG","img":"https://fd13-photos.leclercdrive.fr/image.ashx?id=2848379&use=l&cat=p&typeid=i","cat":284505},{"id":48870,"n":"Infusion bio Jardin Bio Thym de France x20 - 28g","p":2.4,"u":"85,71 €/KG","img":"https://fd13-photos.leclercdrive.fr/image.ashx?id=2792840&use=l&cat=p&typeid=i","cat":293234},{"id":48879,"n":"Purée de piment Tables du Monde - 100g","p":1.19,"u":"11,90 €/KG","img":"https://fd13-photos.leclercdrive.fr/image.ashx?id=2679744&use=l&cat=p&typeid=i","cat":288992},{"id":48890,"n":"Pâtes De Cecco  Fusilli n°34 - 500g","p":1.75,"u":"3,50 €/KG","img":"https://fd13-photos.leclercdrive.fr/image.ashx?id=3004441&use=l&cat=p&typeid=i","cat":284427},{"id":48915,"n":"Sauce Arôme Maggi 1kg","p":6.32,"u":"6,32 €/KG","img":"https://fd13-photos.leclercdrive.fr/image.ashx?id=2785352&use=l&cat=p&typeid=i","cat":288379},{"id":48993,"n":"Sauce Samouraï Colona Tube - 500ml","p":2.59,"u":"5,18 €/L","img":"https://fd13-photos.leclercdrive.fr/image.ashx?id=2687167&use=l&cat=p&typeid=i","cat":318431},{"id":48994,"n":"Sauce Pitta Kebab Colona Tube - 500ml","p":2.59,"u":"5,18 €/L","img":"https://fd13-photos.leclercdrive.fr/image.ashx?id=2687173&use=l&cat=p&typeid=i","cat":318431},{"id":49018,"n":"Beurre Moulé Paysan Breton Sel de guérande - 80% MG - 250g","p":3.35,"u":"13,40 €/KG","img":"https://fd13-photos.leclercdrive.fr/image.ashx?id=2869035&use=l&cat=p&typeid=i","cat":284379},{"id":49050,"n":"Boisson gazeuse Sprink's Sans alcool - Mojito - 1.5L","p":1.75,"u":"1,17 €/L","img":"https://fd13-photos.leclercdrive.fr/image.ashx?id=2925976&use=l&cat=p&typeid=i","cat":284531},{"id":49059,"n":"Piles Tech+ Foxter AAA/LR3 1,5V - x8","p":2.99,"img":"https://fd13-photos.leclercdrive.fr/image.ashx?id=2162327&use=l&cat=p&typeid=i","cat":300572},{"id":49070,"n":"Préparation gâteau Nestlé Coeur fondant - 305g","p":3.75,"u":"12,30 €/KG","img":"https://fd13-photos.leclercdrive.fr/image.ashx?id=2848385&use=l&cat=p&typeid=i","cat":284505},{"id":49077,"n":"Biscuit P'tit Deli  Chocolat lait - 150g","p":1.58,"u":"10,53 €/KG","img":"https://fd13-photos.leclercdrive.fr/image.ashx?id=2529605&use=l&cat=p&typeid=i","cat":284488},{"id":49078,"n":"Gaufrette P'tit Déli  Chocolat lait - 125g","p":1.29,"u":"10,32 €/KG","img":"https://fd13-photos.leclercdrive.fr/image.ashx?id=2858839&use=l&cat=p&typeid=i","cat":284490},{"id":49079,"n":"Petites madeleines P'tit Deli  Pépites de chocolat - 400g","p":1.69,"u":"4,23 €/KG","img":"https://fd13-photos.leclercdrive.fr/image.ashx?id=2999511&use=l&cat=p&typeid=i","cat":284492},{"id":49083,"n":"Biscuit palmier feuilleté Eco+ 100g","p":0.42,"u":"4,20 €/KG","img":"https://fd13-photos.leclercdrive.fr/image.ashx?id=2521743&use=l&cat=p&typeid=i","cat":284487},{"id":49131,"n":"Gin Bombay Sapphire 40° - 70cl","p":22.34,"u":"31,91 €/L","img":"https://fd13-photos.leclercdrive.fr/image.ashx?id=2842879&use=l&cat=p&typeid=i","cat":284550},{"id":49132,"n":"Gin Tanqueray 43.1%vol - 70cl","p":21.6,"u":"30,86 €/L","img":"https://fd13-photos.leclercdrive.fr/image.ashx?id=2414906&use=l&cat=p&typeid=i","cat":284550},{"id":49249,"n":"Gousse de vanille Bio Vahiné Madagascar Grand cru - 3g","p":4.41,"img":"https://fd13-photos.leclercdrive.fr/image.ashx?id=2559826&use=l&cat=p&typeid=i","cat":284504},{"id":49254,"n":"Gelifiant Vahiné Agar Agar - 8g","p":2.4,"u":"300,00 €/KG","img":"https://fd13-photos.leclercdrive.fr/image.ashx?id=2833342&use=l&cat=p&typeid=i","cat":284504},{"id":49282,"n":"Tablette de chocolat noir Lindt Zeste de citron vert - 100g","p":2.39,"u":"23,90 €/KG","img":"https://fd13-photos.leclercdrive.fr/image.ashx?id=2608160&use=l&cat=p&typeid=i","cat":284956},{"id":49288,"n":"Bols soir bébé bio Babybio Pâtes - 8 mois - 2x200g","p":2.88,"u":"7,20 €/KG","img":"https://fd13-photos.leclercdrive.fr/image.ashx?id=2838344&use=l&cat=p&typeid=i","cat":312239},{"id":49294,"n":"Cotons Démaquillants Demak'Up Original - x105","p":1.53,"u":"0,01 €/P","img":"https://fd13-photos.leclercdrive.fr/image.ashx?id=2745274&use=l&cat=p&typeid=i","cat":284636},{"id":49295,"n":"Cotons Démaquillants Demak'Up Ovale sensitive - x48","p":1.5,"u":"0,03 €/P","img":"https://fd13-photos.leclercdrive.fr/image.ashx?id=2745277&use=l&cat=p&typeid=i","cat":284636},{"id":49296,"n":"Barre Chocolat au Lait Lion x10 barres - 420g","p":3.74,"u":"8,90 €/KG","img":"https://fd13-photos.leclercdrive.fr/image.ashx?id=2736988&use=l&cat=p&typeid=i","cat":284498},{"id":49298,"n":"Biscuits croquant Nutella &Go! Pâte à tartiner x2 packs - 104g","p":2.19,"u":"21,06 €/KG","img":"https://fd13-photos.leclercdrive.fr/image.ashx?id=2737240&use=l&cat=p&typeid=i","cat":284488},{"id":49333,"n":"Déodorant bille Men Expert Carbon Protection 48h - 50ml","p":2.52,"u":"50,40 €/L","img":"https://fd13-photos.leclercdrive.fr/image.ashx?id=2394561&use=l&cat=p&typeid=i","cat":284618},{"id":49340,"n":"Cornichons Eco+ Au vinaigre - 190g","p":0.88,"u":"4,63 €/KG","img":"https://fd13-photos.leclercdrive.fr/image.ashx?id=2974711&use=l&cat=p&typeid=i","cat":284458},{"id":49346,"n":"Mini cornichons Jardin D'Orant Au condiment balsamique - 185g","p":1.93,"u":"10,43 €/KG","img":"https://fd13-photos.leclercdrive.fr/image.ashx?id=2918688&use=l&cat=p&typeid=i","cat":284458},{"id":49349,"n":"Petit croquant Kühne Aigre doux - 360g","p":3.53,"u":"9,81 €/KG","img":"https://fd13-photos.leclercdrive.fr/image.ashx?id=2551036&use=l&cat=p&typeid=i","cat":284458},{"id":49354,"n":"Olives Noires Grecques Tramier  Dénoyautées 220g","p":2.71,"u":"27,10 €/KG","img":"https://fd13-photos.leclercdrive.fr/image.ashx?id=2836340&use=l&cat=p&typeid=i","cat":284450},{"id":49561,"n":"Gel Douche 5en1 Men Expert Pure carbon - 300ml","p":3.09,"u":"10,30 €/L","img":"https://fd13-photos.leclercdrive.fr/image.ashx?id=1603553&use=l&cat=p&typeid=i","cat":284619},{"id":49569,"n":"Boisson énergisante Monster Ultra zéro  - 50cl","p":1.58,"u":"3,16 €/L","img":"https://fd13-photos.leclercdrive.fr/image.ashx?id=2736697&use=l&cat=p&typeid=i","cat":284533},{"id":49575,"n":"Boisson énergisante Monster Energy Mixxd Punch - 50CL","p":1.65,"u":"3,30 €/L","img":"https://fd13-photos.leclercdrive.fr/image.ashx?id=2206172&use=l&cat=p&typeid=i","cat":284533},{"id":49596,"n":"Café dosettes Tassimo L'Or Espresso Décaféiné x16","p":4.88,"u":"46,04 €/KG","img":"https://fd13-photos.leclercdrive.fr/image.ashx?id=2662090&use=l&cat=p&typeid=i","cat":293240},{"id":49624,"n":"Vin Union Européenne rosé Champlure - BIB 5L","p":13.67,"u":"2,73 €/L","img":"https://fd13-photos.leclercdrive.fr/image.ashx?id=2552523&use=l&cat=p&typeid=i","cat":289560},{"id":49632,"n":"Pain de mie 100% Mie Harrys Nature Longue conservation 325g","p":2.03,"u":"6,25 €/KG","img":"https://fd13-photos.leclercdrive.fr/image.ashx?id=2469647&use=l&cat=p&typeid=i","cat":284477},{"id":49636,"n":"Biscuits Baiocchi Mulino Bianco Chocolat noisette Snack - 336g","p":2.68,"u":"7,98 €/KG","img":"https://fd13-photos.leclercdrive.fr/image.ashx?id=2787962&use=l&cat=p&typeid=i","cat":284488},{"id":49649,"n":"Sauce Tomate Cuisinée Heinz Ail & Oignon x2 - 210g","p":1.52,"u":"3,62 €/KG","img":"https://fd13-photos.leclercdrive.fr/image.ashx?id=2926990&use=l&cat=p&typeid=i","cat":288384},{"id":49653,"n":"Chapelure dorée Tipiak 250g","p":0.69,"u":"2,76 €/KG","img":"https://fd13-photos.leclercdrive.fr/image.ashx?id=2563490&use=l&cat=p&typeid=i","cat":288382},{"id":49656,"n":"Sauce burger Amora 448g","p":2.09,"u":"4,67 €/KG","img":"https://fd13-photos.leclercdrive.fr/image.ashx?id=3014656&use=l&cat=p&typeid=i","cat":318431},{"id":49664,"n":"Farine complète Francine Boîte - 1kg","p":1.63,"u":"1,63 €/KG","img":"https://fd13-photos.leclercdrive.fr/image.ashx?id=2018898&use=l&cat=p&typeid=i","cat":284503},{"id":49681,"n":"Yaourt La Laitière Nature - 4x125g","p":1.79,"u":"3,58 €/KG","img":"https://fd13-photos.leclercdrive.fr/image.ashx?id=3007978&use=l&cat=p&typeid=i","cat":284409},{"id":49682,"n":"Yaourt La Laitière Vanille - 4x125g","p":1.94,"u":"3,88 €/KG","img":"https://fd13-photos.leclercdrive.fr/image.ashx?id=2650393&use=l&cat=p&typeid=i","cat":286006},{"id":49798,"n":"Nectar Goyave Caraibos Sans alcool - 75cl","p":2.2,"u":"2,93 €/L","img":"https://fd13-photos.leclercdrive.fr/image.ashx?id=3011281&use=l&cat=p&typeid=i","cat":284916},{"id":49799,"n":"Nectar Mangue Caraibos Sans alcool - 75cl","p":2.25,"u":"3,00 €/L","img":"https://fd13-photos.leclercdrive.fr/image.ashx?id=3011278&use=l&cat=p&typeid=i","cat":284916},{"id":49800,"n":"Chorizo doux César Moroni   200g","p":2.8,"u":"14,00 €/KG","img":"https://fd13-photos.leclercdrive.fr/image.ashx?id=2854420&use=l&cat=p&typeid=i","cat":316006},{"id":49801,"n":"Nectar Maracuja Caraibos 75cl","p":2.3,"u":"3,07 €/L","img":"https://fd13-photos.leclercdrive.fr/image.ashx?id=3011275&use=l&cat=p&typeid=i","cat":284916},{"id":49803,"n":"Chorizo fort César Moroni   200g","p":2.89,"u":"14,45 €/KG","img":"https://fd13-photos.leclercdrive.fr/image.ashx?id=2947841&use=l&cat=p&typeid=i","cat":316006},{"id":49806,"n":"Planteur des îles Caraibos Sans alcool - 75cl","p":2.32,"u":"3,09 €/L","img":"https://fd13-photos.leclercdrive.fr/image.ashx?id=3011290&use=l&cat=p&typeid=i","cat":284916},{"id":49807,"n":"Sex on the beach Caraibos Sans alcool - 75cl","p":2.13,"u":"2,84 €/L","img":"https://fd13-photos.leclercdrive.fr/image.ashx?id=3011308&use=l&cat=p&typeid=i","cat":284549},{"id":49825,"n":"Croco Pik Haribo  Sachet bonbons acidulés - 275g","p":1.69,"u":"6,15 €/KG","img":"https://fd13-photos.leclercdrive.fr/image.ashx?id=2802350&use=l&cat=p&typeid=i","cat":304250},{"id":49828,"n":"Happy Life Haribo Sachet bonbons - 275g","p":1.52,"u":"5,53 €/KG","img":"https://fd13-photos.leclercdrive.fr/image.ashx?id=2803577&use=l&cat=p&typeid=i","cat":304250},{"id":49845,"n":"Jus multifruits Jafaden Brique, ABC - 2L","p":2.65,"u":"1,33 €/L","img":"https://fd13-photos.leclercdrive.fr/image.ashx?id=2759220&use=l&cat=p&typeid=i","cat":284917},{"id":49851,"n":"Limonade Sprink's 1.5L","p":0.95,"u":"0,63 €/L","img":"https://fd13-photos.leclercdrive.fr/image.ashx?id=2553914&use=l&cat=p&typeid=i","cat":284531},{"id":49863,"n":"Pizza feu de bois  Turini  Saumon  - 420g","p":2.45,"u":"5,83 €/KG","img":"https://fd13-photos.leclercdrive.fr/image.ashx?id=2816579&use=l&cat=p&typeid=i","cat":284256},{"id":49865,"n":"Steak haché Authentique Charal Pur Bœuf 10% MG  8x125g - 1kg","p":14.6,"u":"14,60 €/KG","img":"https://fd13-photos.leclercdrive.fr/image.ashx?id=2741955&use=l&cat=p&typeid=i","cat":319778},{"id":49870,"n":"Protection Absorbante Tena Men  Médium - x10","p":4.46,"u":"0,45 €/P","img":"https://fd13-photos.leclercdrive.fr/image.ashx?id=2428573&use=l&cat=p&typeid=i","cat":291514},{"id":49880,"n":"Boisson concentrée Frucci Menthe avec édulcorants - 75cl","p":2.39,"u":"3,19 €/L","img":"https://fd13-photos.leclercdrive.fr/image.ashx?id=2397660&use=l&cat=p&typeid=i","cat":295020},{"id":49881,"n":"Sirop Frucci Zero Grenadine avec edulcorants-75cl","p":2.49,"u":"3,32 €/L","img":"https://fd13-photos.leclercdrive.fr/image.ashx?id=2397663&use=l&cat=p&typeid=i","cat":295020},{"id":49883,"n":"Soda tonic Sprink's 1.5L","p":1.05,"u":"0,70 €/L","img":"https://fd13-photos.leclercdrive.fr/image.ashx?id=2913739&use=l&cat=p&typeid=i","cat":284531},{"id":49900,"n":"Feuilletés fromage fondu Eco+ 650g","p":1.61,"u":"2,48 €/KG","img":"https://fd13-photos.leclercdrive.fr/image.ashx?id=2079792&use=l&cat=p&typeid=i","cat":319776},{"id":49903,"n":"Bresaola Della Valtellina IGP Tradizioni d'Italia - 70g","p":3.13,"u":"44,71 €/KG","img":"https://fd13-photos.leclercdrive.fr/image.ashx?id=2163134&use=l&cat=p&typeid=i","cat":316007},{"id":49930,"n":"Yaourt douceur Le Petit Basque Brebis nature - 4x100g","p":2.85,"u":"7,13 €/KG","img":"https://fd13-photos.leclercdrive.fr/image.ashx?id=2248084&use=l&cat=p&typeid=i","cat":314998},{"id":49931,"n":"Yaourt douceur Le Petit Basque Brebis citron - 4x100g","p":2.68,"u":"6,70 €/KG","img":"https://fd13-photos.leclercdrive.fr/image.ashx?id=2248087&use=l&cat=p&typeid=i","cat":314998},{"id":49932,"n":"Fromage Pavé d'Affinois Original - 180g","p":2.67,"u":"14,83 €/KG","img":"https://fd13-photos.leclercdrive.fr/image.ashx?id=2644070&use=l&cat=p&typeid=i","cat":314030},{"id":49933,"n":"Fromage Pavé d'Affinois Mini Mix 5 variétés - 130g","p":2.68,"u":"20,62 €/KG","img":"https://fd13-photos.leclercdrive.fr/image.ashx?id=2644076&use=l&cat=p&typeid=i","cat":314030},{"id":49955,"n":"Soda 7UP Citron/citron vert zéro - 1.5L","p":1.38,"u":"0,92 €/L","img":"https://fd13-photos.leclercdrive.fr/image.ashx?id=2752462&use=l&cat=p&typeid=i","cat":284531},{"id":49956,"n":"Soda à l'orange Orangina Sans Sucres - 1,5L","p":1.73,"u":"1,15 €/L","img":"https://fd13-photos.leclercdrive.fr/image.ashx?id=2946496&use=l&cat=p&typeid=i","cat":284532},{"id":49970,"n":"Grenailles Pom Bistro à l'Huile d'Olive - 450g","p":3.52,"u":"7,82 €/KG","img":"https://fd13-photos.leclercdrive.fr/image.ashx?id=2866415&use=l&cat=p&typeid=i","cat":319792},{"id":49971,"n":"Frites Pom Bistro à la Graisse de Canard - 500g","p":3.44,"u":"6,88 €/KG","img":"https://fd13-photos.leclercdrive.fr/image.ashx?id=2866412&use=l&cat=p&typeid=i","cat":319791},{"id":49981,"n":"Velouté Liebig Légumes du soleil - 1L","p":2.8,"u":"2,80 €/L","img":"https://fd13-photos.leclercdrive.fr/image.ashx?id=2750991&use=l&cat=p&typeid=i","cat":284462},{"id":49983,"n":"Sauce yakitori Kikkoman 250ml","p":4.75,"u":"19,00 €/L","img":"https://fd13-photos.leclercdrive.fr/image.ashx?id=2536299&use=l&cat=p&typeid=i","cat":288992},{"id":49990,"n":"Tortillas fraiches 20cm x8 - 320g","p":1.97,"u":"6,16 €/KG","img":"https://fd13-photos.leclercdrive.fr/image.ashx?id=1553401&use=l&cat=p&typeid=i","cat":288993},{"id":49991,"n":"Tortillas wrap Poco Loco  25cmx6 - 370g","p":2.48,"u":"6,70 €/KG","img":"https://fd13-photos.leclercdrive.fr/image.ashx?id=2672542&use=l&cat=p&typeid=i","cat":288993},{"id":50002,"n":"Sauce soja Kikkoman  150ml","p":3.44,"u":"22,93 €/L","img":"https://fd13-photos.leclercdrive.fr/image.ashx?id=2536284&use=l&cat=p&typeid=i","cat":288992},{"id":50003,"n":"Café soluble Maxwell House Qualité Filtre - 20g","p":7.57,"u":"37,85 €/KG","img":"https://fd13-photos.leclercdrive.fr/image.ashx?id=1755025&use=l&cat=p&typeid=i","cat":284843},{"id":50004,"n":"Kit Crousti Fajitas Old El Paso extra doux - 521g","p":4.76,"u":"9,14 €/KG","img":"https://fd13-photos.leclercdrive.fr/image.ashx?id=2765402&use=l&cat=p&typeid=i","cat":288993},{"id":50018,"n":"Légumes grillés Florelli 280g","p":2.88,"u":"10,29 €/KG","img":"https://fd13-photos.leclercdrive.fr/image.ashx?id=2664199&use=l&cat=p&typeid=i","cat":289010},{"id":50023,"n":"Nouilles cup Tanoshi Poulet teriyaki - 65g","p":1.45,"u":"22,31 €/KG","img":"https://fd13-photos.leclercdrive.fr/image.ashx?id=2906169&use=l&cat=p&typeid=i","cat":288992},{"id":50052,"n":"Lait bébé en poudre Galliagest croissance Dès 12 mois 900g","p":13.63,"u":"15,14 €/KG","img":"https://fd13-photos.leclercdrive.fr/image.ashx?id=2616844&use=l&cat=p&typeid=i","cat":290219},{"id":50054,"n":"Stylo-bille 4 couleurs Bic Rose - Shine - x1","p":1.78,"img":"https://fd13-photos.leclercdrive.fr/image.ashx?id=2972916&use=l&cat=p&typeid=i","cat":284696},{"id":50056,"n":"Feutres de coloriage Bic Kids co motif bulles - x18","p":3.08,"u":"0,17 €/P","img":"https://fd13-photos.leclercdrive.fr/image.ashx?id=2732788&use=l&cat=p&typeid=i","cat":284696},{"id":50058,"n":"Bloc correspondanc uni Esquisse 21x29cm - A4 - x50 feuilles","p":1.99,"img":"https://fd13-photos.leclercdrive.fr/image.ashx?id=1928746&use=l&cat=p&typeid=i","cat":284697},{"id":50072,"n":"Soupe Liquide Douceur Knorr 8 légumes à la crème - 50cl","p":1.64,"u":"3,28 €/L","img":"https://fd13-photos.leclercdrive.fr/image.ashx?id=2738023&use=l&cat=p&typeid=i","cat":284462},{"id":50082,"n":"Dessert fruits mixés Sojasun Myrtilles - 4x100g","p":1.71,"u":"4,28 €/KG","img":"https://fd13-photos.leclercdrive.fr/image.ashx?id=2355680&use=l&cat=p&typeid=i","cat":316071},{"id":50083,"n":"Taboulé aux tomates  Garbit - 730g","p":2.76,"u":"3,78 €/KG","img":"https://fd13-photos.leclercdrive.fr/image.ashx?id=2901905&use=l&cat=p&typeid=i","cat":325094},{"id":50091,"n":"Lait de coco Kara - brique 200ml","p":1.0,"u":"5,00 €/L","img":"https://fd13-photos.leclercdrive.fr/image.ashx?id=2906895&use=l&cat=p&typeid=i","cat":288992},{"id":50106,"n":"Nems au Porc Tables du Monde x4 - 280g","p":1.76,"u":"6,29 €/KG","img":"https://fd13-photos.leclercdrive.fr/image.ashx?id=1760305&use=l&cat=p&typeid=i","cat":333673},{"id":50123,"n":"Vinaigrette Puget  Ciboulette/échalotes - 33cl","p":2.37,"u":"7,18 €/L","img":"https://fd13-photos.leclercdrive.fr/image.ashx?id=2912146&use=l&cat=p&typeid=i","cat":284456},{"id":50131,"n":"Compotes Pom'Potes Gourdes  Multivariétés - 20x90g","p":7.39,"u":"4,11 €/KG","img":"https://fd13-photos.leclercdrive.fr/image.ashx?id=3010930&use=l&cat=p&typeid=i","cat":284508},{"id":50132,"n":"Compotes Pom'Potes Gourdes  Multivariétés Inédits - 12x90g","p":5.5,"u":"5,09 €/KG","img":"https://fd13-photos.leclercdrive.fr/image.ashx?id=2870170&use=l&cat=p&typeid=i","cat":284508},{"id":50135,"n":"Lingettes Textil Anti-transfert - x40","p":3.71,"u":"0,09 €/P","img":"https://fd13-photos.leclercdrive.fr/image.ashx?id=1646489&use=l&cat=p&typeid=i","cat":290450},{"id":50211,"n":"Pain Bruschetta La Boulangère 400g","p":2.58,"u":"6,45 €/KG","img":"https://fd13-photos.leclercdrive.fr/image.ashx?id=2912404&use=l&cat=p&typeid=i","cat":284985},{"id":50212,"n":"Pain suédois La Boulangère 180g","p":1.9,"u":"10,56 €/KG","img":"https://fd13-photos.leclercdrive.fr/image.ashx?id=2445376&use=l&cat=p&typeid=i","cat":284985},{"id":50218,"n":"Tronches de Cake St Michel 175g","p":1.78,"u":"10,17 €/KG","img":"https://fd13-photos.leclercdrive.fr/image.ashx?id=2949946&use=l&cat=p&typeid=i","cat":284495},{"id":50220,"n":"Biscuits Duo Mini BN  190g","p":2.01,"u":"10,58 €/KG","img":"https://fd13-photos.leclercdrive.fr/image.ashx?id=2219606&use=l&cat=p&typeid=i","cat":284488},{"id":50224,"n":"Cookies Milka Pépites de chocolat - 168g","p":1.67,"u":"9,94 €/KG","img":"https://fd13-photos.leclercdrive.fr/image.ashx?id=3002285&use=l&cat=p&typeid=i","cat":325066},{"id":50225,"n":"Biscuits Choco suprême Milka Chocolat - 180g","p":2.34,"u":"13,00 €/KG","img":"https://fd13-photos.leclercdrive.fr/image.ashx?id=2990991&use=l&cat=p&typeid=i","cat":284488},{"id":50227,"n":"Biscuits Granola Chocolat au lait - 200g","p":1.42,"u":"7,10 €/KG","img":"https://fd13-photos.leclercdrive.fr/image.ashx?id=2324282&use=l&cat=p&typeid=i","cat":284488},{"id":50231,"n":"Biscuit Dinosaurus Lotus Chocolat au lait - 225g","p":2.06,"u":"9,16 €/KG","img":"https://fd13-photos.leclercdrive.fr/image.ashx?id=2859815&use=l&cat=p&typeid=i","cat":284488},{"id":50235,"n":"Cookies Bonne Maman  Chocolat noisette - 225g","p":2.54,"u":"11,29 €/KG","img":"https://fd13-photos.leclercdrive.fr/image.ashx?id=2936164&use=l&cat=p&typeid=i","cat":325066},{"id":50253,"n":"Soda Sprink's Lemon - 1.5L","p":1.45,"u":"0,97 €/L","img":"https://fd13-photos.leclercdrive.fr/image.ashx?id=2913715&use=l&cat=p&typeid=i","cat":284532},{"id":50256,"n":"Soda Sprink's Lemon Lime - 1.5L","p":0.99,"u":"0,66 €/L","img":"https://fd13-photos.leclercdrive.fr/image.ashx?id=887424&use=l&cat=p&typeid=i","cat":284532},{"id":50257,"n":"Jus d'orange Jafaden Pur jus sans pulpe - 6x1L","p":11.94,"u":"1,99 €/L","img":"https://fd13-photos.leclercdrive.fr/image.ashx?id=1167416&use=l&cat=p&typeid=i","cat":284521},{"id":50262,"n":"Kebab de poulet Fleury Michon Semoule à l'orientale - 280g","p":2.12,"u":"7,57 €/KG","img":"https://fd13-photos.leclercdrive.fr/image.ashx?id=2680167&use=l&cat=p&typeid=i","cat":333665},{"id":50365,"n":"Moelleux Pépites Choco GERBLE  sans sucre - 196g","p":3.28,"u":"16,73 €/KG","img":"https://fd13-photos.leclercdrive.fr/image.ashx?id=2812705&use=l&cat=p&typeid=i","cat":318653},{"id":50398,"n":"Pâtes pour potage Turini Estrelinhas - 250g","p":0.58,"u":"2,32 €/KG","img":"https://fd13-photos.leclercdrive.fr/image.ashx?id=2578511&use=l&cat=p&typeid=i","cat":284427},{"id":50415,"n":"Pâtes Pevides Turini 250g","p":0.58,"u":"2,32 €/KG","img":"https://fd13-photos.leclercdrive.fr/image.ashx?id=2578508&use=l&cat=p&typeid=i","cat":289009},{"id":50418,"n":"Moutarde Rustica Marca Guia Typique Portugal - 250g","p":1.05,"u":"4,20 €/KG","img":"https://fd13-photos.leclercdrive.fr/image.ashx?id=2304906&use=l&cat=p&typeid=i","cat":289009},{"id":50432,"n":"Pain Campagnard GERBLE  Sans gluten - 350g","p":3.99,"u":"11,40 €/KG","img":"https://fd13-photos.leclercdrive.fr/image.ashx?id=2662829&use=l&cat=p&typeid=i","cat":325069},{"id":50459,"n":"Fromage à Tartiner St Môret  Nature - 150g","p":1.98,"u":"13,20 €/KG","img":"https://fd13-photos.leclercdrive.fr/image.ashx?id=2755468&use=l&cat=p&typeid=i","cat":314029},{"id":50491,"n":"Bière blanche Hoegaarden 4,9% - 6x25cl","p":4.56,"u":"3,04 €/L","img":"https://fd13-photos.leclercdrive.fr/image.ashx?id=2963922&use=l&cat=p&typeid=i","cat":334878},{"id":50508,"n":"Soin yeux L'Oréal Paris  Revitalift anti-rides  - 15ml","p":14.95,"u":"996,67 €/L","img":"https://fd13-photos.leclercdrive.fr/image.ashx?id=2867524&use=l&cat=p&typeid=i","cat":325345},{"id":50548,"n":"Lait de croissance Lactel Nature - 6x1L","p":11.2,"u":"1,87 €/L","img":"https://fd13-photos.leclercdrive.fr/image.ashx?id=2927438&use=l&cat=p&typeid=i","cat":284728},{"id":50585,"n":"Haricots verts d'aucy  Extra-fins - 440g","p":1.9,"u":"4,32 €/KG","img":"https://fd13-photos.leclercdrive.fr/image.ashx?id=2527370&use=l&cat=p&typeid=i","cat":312606},{"id":50590,"n":"Lentilles préparées D'aucy  530g","p":1.58,"u":"2,98 €/KG","img":"https://fd13-photos.leclercdrive.fr/image.ashx?id=2560597&use=l&cat=p&typeid=i","cat":312609},{"id":50592,"n":"Pois chiches Sultanines 265g","p":0.93,"u":"3,51 €/KG","img":"https://fd13-photos.leclercdrive.fr/image.ashx?id=1920223&use=l&cat=p&typeid=i","cat":312609},{"id":50600,"n":"Crème onctueuse lait d'anesse Bio - So'Bio Etic - 50 ml","p":7.59,"u":"151,80 €/L","img":"https://fd13-photos.leclercdrive.fr/image.ashx?id=2909062&use=l&cat=p&typeid=i","cat":325345},{"id":50604,"n":"Lotion micellaire So Bio Etic Aloe vera bio - 500 ml","p":5.63,"u":"11,26 €/L","img":"https://fd13-photos.leclercdrive.fr/image.ashx?id=2493508&use=l&cat=p&typeid=i","cat":284603},{"id":50609,"n":"Savon crème lait d'anesse SoBIO Distrinat bio - 100g","p":2.5,"u":"25,00 €/KG","img":"https://fd13-photos.leclercdrive.fr/image.ashx?id=2494728&use=l&cat=p&typeid=i","cat":284597},{"id":50640,"n":"IGP Méditerranée vin rosé Terres Ocrées 12.5% vol BIB 5L","p":12.99,"u":"2,60 €/L","img":"https://fd13-photos.leclercdrive.fr/image.ashx?id=2883318&use=l&cat=p&typeid=i","cat":289560},{"id":50659,"n":"Confisuc gelée Saint Louis 1kg","p":2.82,"u":"2,82 €/KG","img":"https://fd13-photos.leclercdrive.fr/image.ashx?id=1943688&use=l&cat=p&typeid=i","cat":284502},{"id":50672,"n":"Biscuits à la cuillère x30 Bonne Maman - 250g","p":4.64,"u":"18,56 €/KG","img":"https://fd13-photos.leclercdrive.fr/image.ashx?id=2936152&use=l&cat=p&typeid=i","cat":284487},{"id":50673,"n":"Financier amandes Bonne Maman 250g","p":3.62,"u":"14,48 €/KG","img":"https://fd13-photos.leclercdrive.fr/image.ashx?id=2936176&use=l&cat=p&typeid=i","cat":284492},{"id":50674,"n":"Quatre quarts Bonne Maman 500g","p":3.09,"u":"6,18 €/KG","img":"https://fd13-photos.leclercdrive.fr/image.ashx?id=2936158&use=l&cat=p&typeid=i","cat":294776},{"id":50675,"n":"Gâteau Bonne Maman  Marbré chocolat - 475g","p":3.09,"u":"6,51 €/KG","img":"https://fd13-photos.leclercdrive.fr/image.ashx?id=2936161&use=l&cat=p&typeid=i","cat":294776},{"id":50676,"n":"Madeleine coquille St Michel  Oeuf plein air x24 - 600g","p":3.27,"u":"5,45 €/KG","img":"https://fd13-photos.leclercdrive.fr/image.ashx?id=2936197&use=l&cat=p&typeid=i","cat":284492},{"id":50678,"n":"IGP Vinaigre balsamique Modène Maille - 75cl","p":4.84,"u":"6,45 €/L","img":"https://fd13-photos.leclercdrive.fr/image.ashx?id=2805666&use=l&cat=p&typeid=i","cat":298543},{"id":50680,"n":"Barre Chocolatée KINDER Country  Céréales chocolat x15 - 352,5g","p":4.75,"u":"13,49 €/KG","img":"https://fd13-photos.leclercdrive.fr/image.ashx?id=2231903&use=l&cat=p&typeid=i","cat":284498},{"id":50682,"n":"Gâteau Ker Cadélac Le Moelleux Original - 500g","p":2.61,"u":"5,22 €/KG","img":"https://fd13-photos.leclercdrive.fr/image.ashx?id=2955797&use=l&cat=p&typeid=i","cat":294776},{"id":50683,"n":"Barre marbré  Ker Cadélac  Cacao - 500g","p":2.47,"u":"4,94 €/KG","img":"https://fd13-photos.leclercdrive.fr/image.ashx?id=2939508&use=l&cat=p&typeid=i","cat":294776},{"id":50686,"n":"Compotes Pom'Potes Gourdes  Multivariétés Inédits - 12x90g","p":5.87,"u":"5,44 €/KG","img":"https://fd13-photos.leclercdrive.fr/image.ashx?id=2864303&use=l&cat=p&typeid=i","cat":284508},{"id":50687,"n":"Compotes Pom'Potes Gourdes  Multivariétés Inédits - 12x90g","p":6.12,"u":"5,67 €/KG","img":"https://fd13-photos.leclercdrive.fr/image.ashx?id=3010924&use=l&cat=p&typeid=i","cat":284508},{"id":50688,"n":"Pains au chocolat Pasquier  x16 - 720g","p":4.4,"u":"6,11 €/KG","img":"https://fd13-photos.leclercdrive.fr/image.ashx?id=2686837&use=l&cat=p&typeid=i","cat":296366},{"id":50689,"n":"Croissants Pasquier x8 - 320g","p":1.93,"u":"6,03 €/KG","img":"https://fd13-photos.leclercdrive.fr/image.ashx?id=2853053&use=l&cat=p&typeid=i","cat":296366},{"id":50690,"n":"Brioche tressée Pasquier Tranchée nature - 500g","p":2.53,"u":"5,06 €/KG","img":"https://fd13-photos.leclercdrive.fr/image.ashx?id=2978706&use=l&cat=p&typeid=i","cat":284478},{"id":50702,"n":"Café Moulu Carte Noire Arabica Classique - 250g","p":5.88,"u":"23,52 €/KG","img":"https://fd13-photos.leclercdrive.fr/image.ashx?id=2868732&use=l&cat=p&typeid=i","cat":284750},{"id":50703,"n":"Mini canapés nature Jacquet - 255g","p":1.37,"u":"5,37 €/KG","img":"https://fd13-photos.leclercdrive.fr/image.ashx?id=2894794&use=l&cat=p&typeid=i","cat":285454},{"id":50705,"n":"Toasts ronds nature Jacquet - 250g","p":1.43,"u":"5,72 €/KG","img":"https://fd13-photos.leclercdrive.fr/image.ashx?id=2979602&use=l&cat=p&typeid=i","cat":285454},{"id":50706,"n":"Toasts foie gras ronds Jacquet - 250g","p":1.43,"u":"5,72 €/KG","img":"https://fd13-photos.leclercdrive.fr/image.ashx?id=2979599&use=l&cat=p&typeid=i","cat":285454},{"id":50710,"n":"Chocolats  Lindt Mignonnettes - 500g","p":13.54,"u":"27,08 €/KG","img":"https://fd13-photos.leclercdrive.fr/image.ashx?id=2209197&use=l&cat=p&typeid=i","cat":284499},{"id":50712,"n":"Biscuits Choco Pause Milka Chocolat au lait - 260g","p":1.55,"u":"5,96 €/KG","img":"https://fd13-photos.leclercdrive.fr/image.ashx?id=2192572&use=l&cat=p&typeid=i","cat":284488},{"id":50713,"n":"Biscuits Oreo Vanille / chocolat blanc - 246g","p":2.47,"u":"10,04 €/KG","img":"https://fd13-photos.leclercdrive.fr/image.ashx?id=2989447&use=l&cat=p&typeid=i","cat":284488},{"id":50734,"n":"Soda Sprink's Orange - 1.5L","p":0.92,"u":"0,61 €/L","img":"https://fd13-photos.leclercdrive.fr/image.ashx?id=2974810&use=l&cat=p&typeid=i","cat":284532},{"id":50736,"n":"Blancs de poulet Eco+ 4 tranches - 180g","p":1.31,"u":"7,28 €/KG","img":"https://fd13-photos.leclercdrive.fr/image.ashx?id=2683634&use=l&cat=p&typeid=i","cat":316010},{"id":50760,"n":"Sablés Bonne Maman  Tout Chocolat - 150g","p":1.54,"u":"10,27 €/KG","img":"https://fd13-photos.leclercdrive.fr/image.ashx?id=2923687&use=l&cat=p&typeid=i","cat":325066},{"id":50773,"n":"Dés de jambon Eco+ 2x100G","p":1.65,"u":"8,25 €/KG","img":"https://fd13-photos.leclercdrive.fr/image.ashx?id=2930936&use=l&cat=p&typeid=i","cat":316011},{"id":50779,"n":"Saucisse de Strasbourg Eco+ x10 - 350g","p":1.19,"u":"3,40 €/KG","img":"https://fd13-photos.leclercdrive.fr/image.ashx?id=2794856&use=l&cat=p&typeid=i","cat":316012},{"id":50802,"n":"Huile d'olive Tramier Vierge extra - 75cl","p":7.99,"u":"10,65 €/L","img":"https://fd13-photos.leclercdrive.fr/image.ashx?id=2769807&use=l&cat=p&typeid=i","cat":284453},{"id":50810,"n":"Sauce Tomates Barilla Arrabbiata - 400g","p":1.73,"u":"4,33 €/KG","img":"https://fd13-photos.leclercdrive.fr/image.ashx?id=2832509&use=l&cat=p&typeid=i","cat":287599},{"id":50842,"n":"Rhum ambré La martiniquaise Flask 40%vol - 20cl","p":3.3,"u":"16,50 €/L","img":"https://fd13-photos.leclercdrive.fr/image.ashx?id=2955155&use=l&cat=p&typeid=i","cat":284550},{"id":50843,"n":"Pastis Ricard Anisé 45% vol - 2L","p":39.59,"u":"19,80 €/L","img":"https://fd13-photos.leclercdrive.fr/image.ashx?id=2919271&use=l&cat=p&typeid=i","cat":284548},{"id":50903,"n":"Rana Feuilles de lasagnes Fraîches - 250g","p":2.03,"u":"8,12 €/KG","img":"https://fd13-photos.leclercdrive.fr/image.ashx?id=2529144&use=l&cat=p&typeid=i","cat":333682},{"id":50906,"n":"Cubes allume-feu Eco+ x32","p":1.4,"u":"0,04 €/P","img":"https://fd13-photos.leclercdrive.fr/image.ashx?id=924348&use=l&cat=p&typeid=i","cat":300578},{"id":50915,"n":"Gnocchi à poêler Lustucru Fromage - 300g","p":1.72,"u":"5,73 €/KG","img":"https://fd13-photos.leclercdrive.fr/image.ashx?id=3014482&use=l&cat=p&typeid=i","cat":333682},{"id":50984,"n":"Soda zéro Sprink's Agrumes - 1,5L","p":0.76,"u":"0,51 €/L","img":"https://fd13-photos.leclercdrive.fr/image.ashx?id=2913724&use=l&cat=p&typeid=i","cat":284532},{"id":50990,"n":"Fruits au sirop St Mamet Ananas en morceaux - 345g","p":2.6,"u":"7,54 €/KG","img":"https://fd13-photos.leclercdrive.fr/image.ashx?id=2927309&use=l&cat=p&typeid=i","cat":284507},{"id":51004,"n":"Sucre de canne Daddy Demi morceaux - 750g","p":2.12,"u":"2,83 €/KG","img":"https://fd13-photos.leclercdrive.fr/image.ashx?id=2907950&use=l&cat=p&typeid=i","cat":284502},{"id":51009,"n":"Pains aux raisins  4 p","p":2.95,"u":"0,74 €/P","img":"https://fd13-photos.leclercdrive.fr/image.ashx?id=557978&use=l&cat=p&typeid=i","cat":284984},{"id":51047,"n":"Biscuits Petit Brun extra 300g","p":1.4,"u":"4,67 €/KG","img":"https://fd13-photos.leclercdrive.fr/image.ashx?id=3002264&use=l&cat=p&typeid=i","cat":284487},{"id":51089,"n":"Soda Sprink's Aux agrumes - 1.5L","p":1.4,"u":"0,93 €/L","img":"https://fd13-photos.leclercdrive.fr/image.ashx?id=2913727&use=l&cat=p&typeid=i","cat":284532},{"id":51203,"n":"Filets de maqueraux Saupiquet  Vin blanc - 3x176g","p":5.99,"u":"11,34 €/KG","img":"https://fd13-photos.leclercdrive.fr/image.ashx?id=2826969&use=l&cat=p&typeid=i","cat":303868},{"id":51249,"n":"Crème brûlée La Laitière saveur vanille - 4x100g","p":2.98,"u":"7,45 €/KG","img":"https://fd13-photos.leclercdrive.fr/image.ashx?id=2624116&use=l&cat=p&typeid=i","cat":284419},{"id":51250,"n":"Yaourt nature Activia bifidus 0%MG  - 8x125g","p":2.84,"u":"2,84 €/KG","img":"https://fd13-photos.leclercdrive.fr/image.ashx?id=2741688&use=l&cat=p&typeid=i","cat":315000},{"id":51254,"n":"Eau aromatisée O'Fresh Pêche - 1.5L","p":0.91,"u":"0,61 €/L","img":"https://fd13-photos.leclercdrive.fr/image.ashx?id=2450029&use=l&cat=p&typeid=i","cat":284537},{"id":51257,"n":"Eau aromatisée O'Fresh Citron vert - 1.5L","p":0.75,"u":"0,50 €/L","img":"https://fd13-photos.leclercdrive.fr/image.ashx?id=2450038&use=l&cat=p&typeid=i","cat":284537},{"id":51265,"n":"Eau aromatisée O'Fresh Citron - 1.5L","p":0.75,"u":"0,50 €/L","img":"https://fd13-photos.leclercdrive.fr/image.ashx?id=2450041&use=l&cat=p&typeid=i","cat":284537},{"id":51268,"n":"Eau aromatisée O'Fresh Fraise - 1.5L","p":0.75,"u":"0,50 €/L","img":"https://fd13-photos.leclercdrive.fr/image.ashx?id=2450044&use=l&cat=p&typeid=i","cat":284537},{"id":51271,"n":"Tablette chocolat Côte d'Or Noir extra - 3x100g","p":3.72,"u":"12,40 €/KG","img":"https://fd13-photos.leclercdrive.fr/image.ashx?id=2875564&use=l&cat=p&typeid=i","cat":284956},{"id":51274,"n":"Tablette chocolat Côte d'Or Chocolar lait/ Raisin - 180g","p":3.48,"u":"19,33 €/KG","img":"https://fd13-photos.leclercdrive.fr/image.ashx?id=2961272&use=l&cat=p&typeid=i","cat":284497},{"id":51275,"n":"Tablette chocolat Côte d'Or Chocolat lait/Noisettes - 180g","p":3.2,"u":"17,78 €/KG","img":"https://fd13-photos.leclercdrive.fr/image.ashx?id=2993140&use=l&cat=p&typeid=i","cat":284497},{"id":51276,"n":"Tablette chocolat Côte d'Or Chocolat noir/Noisettes - 180g","p":3.2,"u":"17,78 €/KG","img":"https://fd13-photos.leclercdrive.fr/image.ashx?id=2993143&use=l&cat=p&typeid=i","cat":284956},{"id":51289,"n":"Fromage Blanc Calin Nature - 0% extra - 850g","p":2.29,"u":"2,69 €/KG","img":"https://fd13-photos.leclercdrive.fr/image.ashx?id=2973724&use=l&cat=p&typeid=i","cat":315000},{"id":51291,"n":"Fromage blanc Soignon Nature lait de chèvre - 4x100g","p":2.6,"u":"6,50 €/KG","img":"https://fd13-photos.leclercdrive.fr/image.ashx?id=2539902&use=l&cat=p&typeid=i","cat":314998},{"id":51297,"n":"Compotes Andros Pomme nature - 8x100g","p":2.43,"u":"3,04 €/KG","img":"https://fd13-photos.leclercdrive.fr/image.ashx?id=2884006&use=l&cat=p&typeid=i","cat":284416},{"id":51298,"n":"Compotes Andros  Pomme nature - 16x100g","p":3.19,"u":"1,99 €/KG","img":"https://fd13-photos.leclercdrive.fr/image.ashx?id=2908195&use=l&cat=p&typeid=i","cat":284416},{"id":51300,"n":"Yaourt Nature Sucré Yoplait - 4x125g","p":1.18,"u":"2,36 €/KG","img":"https://fd13-photos.leclercdrive.fr/image.ashx?id=2799898&use=l&cat=p&typeid=i","cat":284409},{"id":51346,"n":"Dessert liégeois Viennois Vanille lit de caramel - 4x100g","p":1.7,"u":"4,25 €/KG","img":"https://fd13-photos.leclercdrive.fr/image.ashx?id=2692122&use=l&cat=p&typeid=i","cat":285042},{"id":51353,"n":"Fromage Cantal jeune NRT AOP  200g","p":3.19,"u":"15,95 €/KG","img":"https://fd13-photos.leclercdrive.fr/image.ashx?id=2934832&use=l&cat=p&typeid=i","cat":314034},{"id":51354,"n":"Mascarpone gorgonzola Tradizioni d'Italia - 200g","p":2.69,"u":"13,45 €/KG","img":"https://fd13-photos.leclercdrive.fr/image.ashx?id=2966535&use=l&cat=p&typeid=i","cat":314032},{"id":51392,"n":"Yaourts à la Grecque Délisse Lit de fruit jaunes - 4x150g","p":1.99,"u":"3,32 €/KG","img":"https://fd13-photos.leclercdrive.fr/image.ashx?id=2699699&use=l&cat=p&typeid=i","cat":314999},{"id":51395,"n":"Profiteroles Délisse 4x90g","p":2.49,"u":"6,92 €/KG","img":"https://fd13-photos.leclercdrive.fr/image.ashx?id=2415562&use=l&cat=p&typeid=i","cat":284419},{"id":51510,"n":"Stylo bille Esquisse 4 couleurs différentes - x4","p":1.49,"img":"https://fd13-photos.leclercdrive.fr/image.ashx?id=2131230&use=l&cat=p&typeid=i","cat":284696},{"id":51513,"n":"Feutres d'écriture Esquisse Ecriture fine - x12","p":3.3,"img":"https://fd13-photos.leclercdrive.fr/image.ashx?id=932508&use=l&cat=p&typeid=i","cat":284696},{"id":51521,"n":"Classeur extra-large Exacompta Multicoloris - 24.2x29.7cm","p":3.3,"img":"https://fd13-photos.leclercdrive.fr/image.ashx?id=2795003&use=l&cat=p&typeid=i","cat":284745},{"id":51524,"n":"Lot de 5 cahiers Clairefontaine 21x29,7cm - 96p","p":8.41,"u":"1,68 €/P","img":"https://fd13-photos.leclercdrive.fr/image.ashx?id=2055978&use=l&cat=p&typeid=i","cat":284697},{"id":51525,"n":"Cahier 96pages Clairefontaine  24x32cm - Multicoloris - x5","p":9.26,"u":"1,85 €/P","img":"https://fd13-photos.leclercdrive.fr/image.ashx?id=2055981&use=l&cat=p&typeid=i","cat":284697},{"id":51532,"n":"Ruban adhésif invisible Uhu 25m+5m offert x1","p":2.39,"img":"https://fd13-photos.leclercdrive.fr/image.ashx?id=1554091&use=l&cat=p&typeid=i","cat":334133},{"id":51538,"n":"Feutres de coloriage  Bic 15+3 offerts","p":2.93,"img":"https://fd13-photos.leclercdrive.fr/image.ashx?id=2623112&use=l&cat=p&typeid=i","cat":284696},{"id":51607,"n":"Fromage enfant Kiri Goûter 8 portions barquettes - 280g","p":3.5,"u":"12,50 €/KG","img":"https://fd13-photos.leclercdrive.fr/image.ashx?id=2972886&use=l&cat=p&typeid=i","cat":314030},{"id":51630,"n":"Cahier Esquisse - 96p Bleu - 17x22cm","p":0.79,"img":"https://fd13-photos.leclercdrive.fr/image.ashx?id=1698760&use=l&cat=p&typeid=i","cat":284697},{"id":51631,"n":"Cahier Esquisse - 96p Rouge - 17x22cm","p":0.79,"img":"https://fd13-photos.leclercdrive.fr/image.ashx?id=1698763&use=l&cat=p&typeid=i","cat":284697},{"id":51632,"n":"Cahier Esquisse - 96p Vert - 17x22cm","p":0.79,"img":"https://fd13-photos.leclercdrive.fr/image.ashx?id=981802&use=l&cat=p&typeid=i","cat":284697},{"id":51635,"n":"Classeur extra-large Exacompta Vert - 24.2x29.7cm","p":3.3,"img":"https://fd13-photos.leclercdrive.fr/image.ashx?id=1690730&use=l&cat=p&typeid=i","cat":284745},{"id":51636,"n":"Classeur extra-large Exacompta Transparent - 24.2x29.7cm","p":3.3,"img":"https://fd13-photos.leclercdrive.fr/image.ashx?id=1690164&use=l&cat=p&typeid=i","cat":284745},{"id":51637,"n":"Classeur extra-large Exacompta Violet - 24.2x29.7cm","p":3.3,"img":"https://fd13-photos.leclercdrive.fr/image.ashx?id=1690733&use=l&cat=p&typeid=i","cat":284745},{"id":51639,"n":"Trieur Esquisse A4  Anis - 8 positions","p":2.99,"img":"https://fd13-photos.leclercdrive.fr/image.ashx?id=1698769&use=l&cat=p&typeid=i","cat":284745},{"id":51722,"n":"Bâtonnet Magic Smicy Mutlifruits x8 - 320g","p":2.51,"u":"7,84 €/KG","img":"https://fd13-photos.leclercdrive.fr/image.ashx?id=949988&use=l&cat=p&typeid=i","cat":285250},{"id":51745,"n":"Crayons à papier HB Esquisse x10","p":1.09,"u":"0,11 €/P","img":"https://fd13-photos.leclercdrive.fr/image.ashx?id=2943166&use=l&cat=p&typeid=i","cat":284696},{"id":51750,"n":"Sel fin La Baleine Iodé - 500g","p":0.49,"u":"0,98 €/KG","img":"https://fd13-photos.leclercdrive.fr/image.ashx?id=1752100&use=l&cat=p&typeid=i","cat":284457},{"id":51769,"n":"Protège-documents Esquisse Vert Anis - A4 - 40 vues","p":1.79,"img":"https://fd13-photos.leclercdrive.fr/image.ashx?id=1690167&use=l&cat=p&typeid=i","cat":284745},{"id":51770,"n":"Protège-documents Esquisse Rouge - A4 - 40 vues","p":1.79,"img":"https://fd13-photos.leclercdrive.fr/image.ashx?id=940775&use=l&cat=p&typeid=i","cat":284745},{"id":51771,"n":"Protège-documents Esquisse  Transparent - A4 - 40 vues","p":1.79,"img":"https://fd13-photos.leclercdrive.fr/image.ashx?id=1690170&use=l&cat=p&typeid=i","cat":284745},{"id":51772,"n":"Protège-documents Esquisse Violet - A4 - 40 vues","p":1.79,"img":"https://fd13-photos.leclercdrive.fr/image.ashx?id=940767&use=l&cat=p&typeid=i","cat":284745},{"id":51774,"n":"Chemise 3 rabats Esquisse Rouge/Noir/Bleu Polypro x3","p":3.5,"u":"1,17 €/P","img":"https://fd13-photos.leclercdrive.fr/image.ashx?id=1690176&use=l&cat=p&typeid=i","cat":284745},{"id":51822,"n":"Thé glacé Lipton Ice Tea Pêche - 4x50cl","p":4.08,"u":"2,04 €/L","img":"https://fd13-photos.leclercdrive.fr/image.ashx?id=2505471&use=l&cat=p&typeid=i","cat":295019},{"id":51866,"n":"Lait Croissance Mots d'Enfants 12 à 36 mois - 6x1L","p":8.04,"u":"1,34 €/L","img":"https://fd13-photos.leclercdrive.fr/image.ashx?id=1910044&use=l&cat=p&typeid=i","cat":284728},{"id":51904,"n":"Règle Esquisse 30cm - x1","p":0.75,"img":"https://fd13-photos.leclercdrive.fr/image.ashx?id=2726908&use=l&cat=p&typeid=i","cat":334133},{"id":51934,"n":"Goûter laitier Récré O'Lé Gourdes Chocolat - 12x85g","p":4.77,"u":"4,68 €/KG","img":"https://fd13-photos.leclercdrive.fr/image.ashx?id=2887035&use=l&cat=p&typeid=i","cat":284506},{"id":51935,"n":"Goûter laitier Récré O'Lé Gourdes Saveur Vanille - 12x85g","p":5.64,"u":"5,53 €/KG","img":"https://fd13-photos.leclercdrive.fr/image.ashx?id=2795213&use=l&cat=p&typeid=i","cat":284506},{"id":51939,"n":"Trio salade Florette Mâche roquette betterave - 175g","p":2.62,"u":"14,97 €/KG","img":"https://fd13-photos.leclercdrive.fr/image.ashx?id=2650534&use=l&cat=p&typeid=i","cat":284353},{"id":51979,"n":"Boisson au soja Vanille Végé 1L Végé - 200g","p":1.35,"u":"1,35 €/L","img":"https://fd13-photos.leclercdrive.fr/image.ashx?id=2872703&use=l&cat=p&typeid=i","cat":316067},{"id":51996,"n":"Spécialtié laitière Délisse UHT Fluide 4%mg - 3x20cl","p":1.99,"u":"3,32 €/L","img":"https://fd13-photos.leclercdrive.fr/image.ashx?id=1929328&use=l&cat=p&typeid=i","cat":284381},{"id":52000,"n":"Spécialité laitière Délisse Epaisse - 7% MG - 20cl","p":0.95,"u":"4,75 €/L","img":"https://fd13-photos.leclercdrive.fr/image.ashx?id=2375583&use=l&cat=p&typeid=i","cat":284381},{"id":52001,"n":"Pâte à pizza fine Herta Rectangulaire - 390g","p":1.54,"u":"3,95 €/KG","img":"https://fd13-photos.leclercdrive.fr/image.ashx?id=2976110&use=l&cat=p&typeid=i","cat":333681},{"id":52002,"n":"HERTA Pâte à pizza fine & ronde 265g","p":1.23,"u":"4,64 €/KG","img":"https://fd13-photos.leclercdrive.fr/image.ashx?id=2975674&use=l&cat=p&typeid=i","cat":333681},{"id":52003,"n":"Eau aromatisée O'Fresh Fraise - 6x50cl","p":2.99,"u":"1,00 €/L","img":"https://fd13-photos.leclercdrive.fr/image.ashx?id=2301514&use=l&cat=p&typeid=i","cat":284537},{"id":52071,"n":"Tortillas Table du Monde De maïs - 320g","p":1.69,"u":"5,28 €/KG","img":"https://fd13-photos.leclercdrive.fr/image.ashx?id=2679759&use=l&cat=p&typeid=i","cat":288993},{"id":52078,"n":"Pointe Brie de Meaux NRT AOP 200g","p":3.09,"u":"15,45 €/KG","img":"https://fd13-photos.leclercdrive.fr/image.ashx?id=2564491&use=l&cat=p&typeid=i","cat":314033},{"id":52080,"n":"Emmental fromage rapé Les Croisés - 1kg","p":7.97,"u":"7,97 €/KG","img":"https://fd13-photos.leclercdrive.fr/image.ashx?id=2832987&use=l&cat=p&typeid=i","cat":314035},{"id":52082,"n":"Roulés Les Croisés Jambon fumé Fromage ail fines herbes - 100g","p":2.79,"u":"27,90 €/KG","img":"https://fd13-photos.leclercdrive.fr/image.ashx?id=2501682&use=l&cat=p&typeid=i","cat":314027},{"id":52083,"n":"Roulés Les Croisés Jambon fumé poivre - 100g","p":2.94,"u":"29,40 €/KG","img":"https://fd13-photos.leclercdrive.fr/image.ashx?id=2501685&use=l&cat=p&typeid=i","cat":314027},{"id":52090,"n":"Pizza Turini 3 Fromages - 3x350g","p":5.3,"u":"5,05 €/KG","img":"https://fd13-photos.leclercdrive.fr/image.ashx?id=2815247&use=l&cat=p&typeid=i","cat":284256},{"id":52093,"n":"Salade Menu Fraîcheur Lentilles aux oignons - 300g","p":1.52,"u":"5,07 €/KG","img":"https://fd13-photos.leclercdrive.fr/image.ashx?id=2645954&use=l&cat=p&typeid=i","cat":333657},{"id":52097,"n":"Salade Menu Fraîcheur Pâtes saumon - 300g","p":2.49,"u":"8,30 €/KG","img":"https://fd13-photos.leclercdrive.fr/image.ashx?id=2645960&use=l&cat=p&typeid=i","cat":333657},{"id":52104,"n":"Gaufres P'tit Deli Poudrées - 260g","p":1.69,"u":"6,50 €/KG","img":"https://fd13-photos.leclercdrive.fr/image.ashx?id=959510&use=l&cat=p&typeid=i","cat":294777},{"id":52105,"n":"Mini brownies chocolat  Sans gluten - 240g","p":3.24,"u":"13,50 €/KG","img":"https://fd13-photos.leclercdrive.fr/image.ashx?id=2463404&use=l&cat=p&typeid=i","cat":318654},{"id":52108,"n":"Sirop violette NRT Des Alpes-Maritimes -70cl","p":3.2,"u":"4,57 €/L","img":"https://fd13-photos.leclercdrive.fr/image.ashx?id=2590490&use=l&cat=p&typeid=i","cat":295020},{"id":52115,"n":"Ail Rustica  250g","p":3.29,"u":"13,16 €/KG","img":"https://fd13-photos.leclercdrive.fr/image.ashx?id=2341894&use=l&cat=p&typeid=i","cat":319804},{"id":52117,"n":"Persil et ail Rustica   250g","p":3.33,"u":"13,32 €/KG","img":"https://fd13-photos.leclercdrive.fr/image.ashx?id=2341897&use=l&cat=p&typeid=i","cat":319804},{"id":52122,"n":"Limonade Sprink's Zero - 1.5L","p":0.59,"u":"0,39 €/L","img":"https://fd13-photos.leclercdrive.fr/image.ashx?id=2913681&use=l&cat=p&typeid=i","cat":284531},{"id":52124,"n":"Pâtes Tagliatelles Turini  Fraiches - 600g","p":1.89,"u":"3,15 €/KG","img":"https://fd13-photos.leclercdrive.fr/image.ashx?id=2177319&use=l&cat=p&typeid=i","cat":333682},{"id":52128,"n":"Dés de saumon Ronde des Mers  Fumé nature - 90g","p":4.1,"u":"45,56 €/KG","img":"https://fd13-photos.leclercdrive.fr/image.ashx?id=2966246&use=l&cat=p&typeid=i","cat":285188},{"id":52135,"n":"Emmental -30% sel fromage râpé Les Croisés - 150g","p":1.99,"u":"13,27 €/KG","img":"https://fd13-photos.leclercdrive.fr/image.ashx?id=2949197&use=l&cat=p&typeid=i","cat":314035},{"id":52141,"n":"Bâtonnets Dentastix Pedigree Moyen chien x7 - 180g","p":2.27,"u":"12,61 €/KG","img":"https://fd13-photos.leclercdrive.fr/image.ashx?id=2981301&use=l&cat=p&typeid=i","cat":294527},{"id":52143,"n":"Bâtonnets Dentastix Pedigree Petit chien x7 - 110g","p":1.77,"u":"16,09 €/KG","img":"https://fd13-photos.leclercdrive.fr/image.ashx?id=2832338&use=l&cat=p&typeid=i","cat":294527},{"id":52148,"n":"Filet de poulet Fleury Michon pommes de terre - 300g","p":3.22,"u":"10,73 €/KG","img":"https://fd13-photos.leclercdrive.fr/image.ashx?id=2656754&use=l&cat=p&typeid=i","cat":333665},{"id":52170,"n":"Amandes effilées Vahiné 125g","p":3.66,"u":"29,28 €/KG","img":"https://fd13-photos.leclercdrive.fr/image.ashx?id=2490575&use=l&cat=p&typeid=i","cat":284504},{"id":52171,"n":"Noix de coco Vahiné  Râpée - 115g","p":1.76,"u":"15,30 €/KG","img":"https://fd13-photos.leclercdrive.fr/image.ashx?id=2559811&use=l&cat=p&typeid=i","cat":284504},{"id":52174,"n":"Raisins blond Vahiné  125g","p":1.78,"u":"14,24 €/KG","img":"https://fd13-photos.leclercdrive.fr/image.ashx?id=2606253&use=l&cat=p&typeid=i","cat":284357},{"id":52175,"n":"Raisins secs Vahiné  125g","p":1.7,"u":"13,60 €/KG","img":"https://fd13-photos.leclercdrive.fr/image.ashx?id=2559820&use=l&cat=p&typeid=i","cat":284357},{"id":52177,"n":"Pignons de pin Vahiné 50g","p":3.94,"u":"78,80 €/KG","img":"https://fd13-photos.leclercdrive.fr/image.ashx?id=2559799&use=l&cat=p&typeid=i","cat":284357},{"id":52203,"n":"boisson végétale soja bio  bjorg chocolat - 1l","p":2.67,"u":"2,67 €/L","img":"https://fd13-photos.leclercdrive.fr/image.ashx?id=2939433&use=l&cat=p&typeid=i","cat":316067},{"id":52208,"n":"Boisson soja Bio Bjorg Chocolat - 3x25cl","p":2.94,"u":"3,92 €/L","img":"https://fd13-photos.leclercdrive.fr/image.ashx?id=2421195&use=l&cat=p&typeid=i","cat":316067},{"id":52234,"n":"Stylo plume Esquisse Rose + 2 cartouches","p":2.19,"img":"https://fd13-photos.leclercdrive.fr/image.ashx?id=969065&use=l&cat=p&typeid=i","cat":284696},{"id":52235,"n":"Stylo plume Esquisse Bleu + 2 cartouches","p":2.19,"img":"https://fd13-photos.leclercdrive.fr/image.ashx?id=969061&use=l&cat=p&typeid=i","cat":284696},{"id":52246,"n":"Spray retouche L'Oréal Paris Magic Retouch Noir","p":9.09,"u":"121,20 €/L","img":"https://fd13-photos.leclercdrive.fr/image.ashx?id=2586420&use=l&cat=p&typeid=i","cat":288899},{"id":52247,"n":"Spray racine Magic Retouch 6 Chatain/acajou - 75ml","p":8.35,"u":"111,33 €/L","img":"https://fd13-photos.leclercdrive.fr/image.ashx?id=2618011&use=l&cat=p&typeid=i","cat":288899},{"id":52249,"n":"Spray retouche L'Oréal Paris Magic Retouch Blond foncé","p":8.99,"u":"119,87 €/L","img":"https://fd13-photos.leclercdrive.fr/image.ashx?id=2586429&use=l&cat=p&typeid=i","cat":288899},{"id":52335,"n":"Sauce tomate cuisinée Panzani Tube légumes - 180g","p":0.99,"u":"5,50 €/KG","img":"https://fd13-photos.leclercdrive.fr/image.ashx?id=2984751&use=l&cat=p&typeid=i","cat":288384},{"id":52362,"n":"Biscuit sablé Beurre Gerblé Sans Gluten - 160g","p":3.02,"u":"17,26 €/KG","img":"https://fd13-photos.leclercdrive.fr/image.ashx?id=2662823&use=l&cat=p&typeid=i","cat":318654},{"id":52367,"n":"Whisky Ballantine's Finest Blended Scotch 40% vol - 1,5L","p":32.08,"u":"21,39 €/L","img":"https://fd13-photos.leclercdrive.fr/image.ashx?id=3000833&use=l&cat=p&typeid=i","cat":284547},{"id":52380,"n":"Porte mines jetables 0.7mm Esquisse 8+2","p":1.99,"img":"https://fd13-photos.leclercdrive.fr/image.ashx?id=1678724&use=l&cat=p&typeid=i","cat":284696},{"id":52381,"n":"Protège document A4 Esquisse Bleu - 200 vues","p":4.29,"img":"https://fd13-photos.leclercdrive.fr/image.ashx?id=1932810&use=l&cat=p&typeid=i","cat":284745},{"id":52384,"n":"Règle Double décimètre Esquisse 20 cm x1","p":0.5,"img":"https://fd13-photos.leclercdrive.fr/image.ashx?id=2943247&use=l&cat=p&typeid=i","cat":334133},{"id":52388,"n":"Crème anti-âge So Bio Etic Plaisir d'argan bio - 50ml","p":8.72,"u":"174,40 €/L","img":"https://fd13-photos.leclercdrive.fr/image.ashx?id=2988587&use=l&cat=p&typeid=i","cat":325345},{"id":52391,"n":"Lotion micellaire So Bio Etic Tonifiante bio - 500ml","p":5.88,"u":"11,76 €/L","img":"https://fd13-photos.leclercdrive.fr/image.ashx?id=2909065&use=l&cat=p&typeid=i","cat":284603},{"id":52404,"n":"Yaourt nature bifidus Activia 12x125g","p":3.92,"u":"2,61 €/KG","img":"https://fd13-photos.leclercdrive.fr/image.ashx?id=2741703&use=l&cat=p&typeid=i","cat":315000},{"id":52412,"n":"Poélée Parisienne D'Aucy 2x580g","p":4.91,"u":"4,23 €/KG","img":"https://fd13-photos.leclercdrive.fr/image.ashx?id=2197558&use=l&cat=p&typeid=i","cat":312612},{"id":52582,"n":"Sauce Bolognaise Panzani - 210G","p":1.37,"u":"6,52 €/KG","img":"https://fd13-photos.leclercdrive.fr/image.ashx?id=2977927&use=l&cat=p&typeid=i","cat":287599},{"id":52618,"n":"Crème brulée Rians  3x100g","p":3.21,"u":"10,70 €/KG","img":"https://fd13-photos.leclercdrive.fr/image.ashx?id=2396246&use=l&cat=p&typeid=i","cat":284419},{"id":52625,"n":"Sauce Pommes de Terre Bénédicta - 255g","p":1.53,"u":"5,88 €/KG","img":"https://fd13-photos.leclercdrive.fr/image.ashx?id=2689925&use=l&cat=p&typeid=i","cat":318430},{"id":52631,"n":"Sauce Béarnaise Bénédicta - 260g","p":1.36,"u":"5,23 €/KG","img":"https://fd13-photos.leclercdrive.fr/image.ashx?id=2689931&use=l&cat=p&typeid=i","cat":318430},{"id":52632,"n":"Sauce au Poivre Bénédicta - 260g","p":1.44,"u":"5,54 €/KG","img":"https://fd13-photos.leclercdrive.fr/image.ashx?id=2689937&use=l&cat=p&typeid=i","cat":318430},{"id":52633,"n":"Sauce Tartare Bénédicta - 260g","p":1.52,"u":"5,85 €/KG","img":"https://fd13-photos.leclercdrive.fr/image.ashx?id=2689940&use=l&cat=p&typeid=i","cat":318430},{"id":52634,"n":"Sauce Bourguignonne Bénédicta - 260g","p":1.37,"u":"5,07 €/KG","img":"https://fd13-photos.leclercdrive.fr/image.ashx?id=2689943&use=l&cat=p&typeid=i","cat":318430},{"id":52665,"n":"Recharge Serpillère Vileda Super Mocio - x1","p":5.15,"img":"https://fd13-photos.leclercdrive.fr/image.ashx?id=2575831&use=l&cat=p&typeid=i","cat":284669},{"id":52673,"n":"Fromage Burger cheddar/emmental Président - 12 tranches - 200g","p":1.55,"u":"7,75 €/KG","img":"https://fd13-photos.leclercdrive.fr/image.ashx?id=2445024&use=l&cat=p&typeid=i","cat":314028},{"id":52679,"n":"Fromage cabecou Rians 22%mg - 3x35g","p":2.43,"u":"23,14 €/KG","img":"https://fd13-photos.leclercdrive.fr/image.ashx?id=2668455&use=l&cat=p&typeid=i","cat":314031},{"id":52684,"n":"Cheddar fromage râpé  Les Croisés - 200g","p":2.39,"u":"11,95 €/KG","img":"https://fd13-photos.leclercdrive.fr/image.ashx?id=2044381&use=l&cat=p&typeid=i","cat":314035},{"id":52688,"n":"Burrata Di Andria IGP  Tradizioni d'italia - 200g","p":4.79,"u":"23,95 €/KG","img":"https://fd13-photos.leclercdrive.fr/image.ashx?id=1079080&use=l&cat=p&typeid=i","cat":314026},{"id":52699,"n":"Comté Entremont Râpé - 2x70g","p":2.53,"u":"18,07 €/KG","img":"https://fd13-photos.leclercdrive.fr/image.ashx?id=2983162&use=l&cat=p&typeid=i","cat":314035},{"id":52753,"n":"Cahier Esquisse Grands carreaux Rouge - 21x29.7cm 96 pages","p":1.1,"img":"https://fd13-photos.leclercdrive.fr/image.ashx?id=981794&use=l&cat=p&typeid=i","cat":284697},{"id":52757,"n":"Biscuits sablés Granola Chocolat au lait - 2x200g","p":2.7,"u":"6,75 €/KG","img":"https://fd13-photos.leclercdrive.fr/image.ashx?id=2347275&use=l&cat=p&typeid=i","cat":284488},{"id":52773,"n":"Céréales Crousti avoine Bjorg Chocolat  bio - 500g","p":4.69,"u":"9,38 €/KG","img":"https://fd13-photos.leclercdrive.fr/image.ashx?id=2906184&use=l&cat=p&typeid=i","cat":318651},{"id":52788,"n":"Velouté Pursoup' Liebig Légumes facon pôelée - 2x1L","p":5.97,"u":"2,99 €/L","img":"https://fd13-photos.leclercdrive.fr/image.ashx?id=2385428&use=l&cat=p&typeid=i","cat":284462},{"id":52790,"n":"Fromage mi-chèvre Soignon 180g","p":2.12,"u":"11,78 €/KG","img":"https://fd13-photos.leclercdrive.fr/image.ashx?id=2734357&use=l&cat=p&typeid=i","cat":314031},{"id":52804,"n":"Fromage à Raclette RichesMonts  Classique 18 Tranches - 420g","p":5.12,"u":"12,19 €/KG","img":"https://fd13-photos.leclercdrive.fr/image.ashx?id=2953489&use=l&cat=p&typeid=i","cat":314037},{"id":52806,"n":"Fromage à Tartiner St Môret  Nature Léger - 300g","p":3.79,"u":"12,63 €/KG","img":"https://fd13-photos.leclercdrive.fr/image.ashx?id=2914507&use=l&cat=p&typeid=i","cat":314029},{"id":52809,"n":"Fromage raclette Les Croisés 28%mg - 800g","p":7.39,"u":"9,24 €/KG","img":"https://fd13-photos.leclercdrive.fr/image.ashx?id=1507661&use=l&cat=p&typeid=i","cat":314037},{"id":52811,"n":"Fromage raclette fumée Les Croisés 26%mg - 250g","p":2.99,"u":"11,96 €/KG","img":"https://fd13-photos.leclercdrive.fr/image.ashx?id=2026328&use=l&cat=p&typeid=i","cat":314037},{"id":52812,"n":"Yaourt nature bifidus Activia 16x125g","p":4.69,"u":"2,35 €/KG","img":"https://fd13-photos.leclercdrive.fr/image.ashx?id=2831675&use=l&cat=p&typeid=i","cat":315000},{"id":52816,"n":"yaourt nature bifidus Activia 8x125g","p":2.88,"u":"2,88 €/KG","img":"https://fd13-photos.leclercdrive.fr/image.ashx?id=2741709&use=l&cat=p&typeid=i","cat":315000},{"id":52820,"n":"Fromage Mont d'Or AOP  Nos Régions ont du Talent -400g","p":7.59,"u":"18,98 €/KG","img":"https://fd13-photos.leclercdrive.fr/image.ashx?id=2934841&use=l&cat=p&typeid=i","cat":314037},{"id":52911,"n":"Bloc bureau Rhodia 160 pages Grands carreaux - 22.3x29.7cm","p":3.14,"img":"https://fd13-photos.leclercdrive.fr/image.ashx?id=1875155&use=l&cat=p&typeid=i","cat":284697},{"id":52914,"n":"Fiches bristol Exacompta 14.8x21- Blanches - x50","p":2.1,"img":"https://fd13-photos.leclercdrive.fr/image.ashx?id=2677780&use=l&cat=p&typeid=i","cat":284697},{"id":52951,"n":"Café dosettes Tassimo Thé vert menthe x16","p":4.86,"u":"121,50 €/KG","img":"https://fd13-photos.leclercdrive.fr/image.ashx?id=2100368&use=l&cat=p&typeid=i","cat":293233},{"id":52958,"n":"Café dosettes Tassimo L'Or Espresso Classique x16","p":4.66,"u":"44,81 €/KG","img":"https://fd13-photos.leclercdrive.fr/image.ashx?id=2507335&use=l&cat=p&typeid=i","cat":293240},{"id":52961,"n":"Gnocchi Bio Village Bio - 300g","p":2.18,"u":"7,27 €/KG","img":"https://fd13-photos.leclercdrive.fr/image.ashx?id=1881383&use=l&cat=p&typeid=i","cat":333682},{"id":52962,"n":"Biscuits fourrés Prince Chocolat - 300g","p":1.35,"u":"4,50 €/KG","img":"https://fd13-photos.leclercdrive.fr/image.ashx?id=3014638&use=l&cat=p&typeid=i","cat":284488},{"id":52979,"n":"Truite fumée de Bretagne NRT x4 - 120g","p":5.39,"u":"44,92 €/KG","img":"https://fd13-photos.leclercdrive.fr/image.ashx?id=2663851&use=l&cat=p&typeid=i","cat":285188},{"id":53000,"n":"Enveloppes à fenêtre Esquisse 11x22cm - x100","p":3.45,"img":"https://fd13-photos.leclercdrive.fr/image.ashx?id=1929795&use=l&cat=p&typeid=i","cat":284697},{"id":53064,"n":"Eponges grattantes Mamison  Vaisselle délicate - x2","p":1.26,"u":"0,63 €/P","img":"https://fd13-photos.leclercdrive.fr/image.ashx?id=2202440&use=l&cat=p&typeid=i","cat":284667},{"id":53065,"n":"Eponges grattantes Mamison  Récurage difficile - x2","p":1.27,"u":"0,64 €/P","img":"https://fd13-photos.leclercdrive.fr/image.ashx?id=2207733&use=l&cat=p&typeid=i","cat":284667},{"id":53067,"n":"Recharge désodorisant Bien Air  Floral - 15ml","p":1.55,"u":"103,33 €/L","img":"https://fd13-photos.leclercdrive.fr/image.ashx?id=2467655&use=l&cat=p&typeid=i","cat":311629},{"id":53112,"n":"Surligneurs Brite liner Bic  Couleurs assortis - x5","p":2.28,"u":"0,46 €/P","img":"https://fd13-photos.leclercdrive.fr/image.ashx?id=2972406&use=l&cat=p&typeid=i","cat":284696},{"id":53113,"n":"Feutres pour ardoise Velleda Bic Fin Couleurs assortis - x4","p":2.05,"u":"0,51 €/P","img":"https://fd13-photos.leclercdrive.fr/image.ashx?id=2871823&use=l&cat=p&typeid=i","cat":334133},{"id":53115,"n":"Stylo correcteur Tipp-Ex Bic Snsqueeze - x2","p":3.29,"img":"https://fd13-photos.leclercdrive.fr/image.ashx?id=2996539&use=l&cat=p&typeid=i","cat":334133},{"id":53116,"n":"Rhum blanc agricole Damoiseau 50%vol - 1L","p":18.98,"u":"18,98 €/L","img":"https://fd13-photos.leclercdrive.fr/image.ashx?id=2021214&use=l&cat=p&typeid=i","cat":284550},{"id":53135,"n":"Crozets de Savoie NRT Nature - 400g","p":2.35,"u":"5,88 €/KG","img":"https://fd13-photos.leclercdrive.fr/image.ashx?id=2856226&use=l&cat=p&typeid=i","cat":284427},{"id":53162,"n":"Roucoulons Fromagerie Milleret Offre Plaisir - 220g","p":2.72,"u":"12,36 €/KG","img":"https://fd13-photos.leclercdrive.fr/image.ashx?id=1884397&use=l&cat=p&typeid=i","cat":329558},{"id":53168,"n":"Snacks chats Tous mes amis Hygiène dentaire mini - 40g","p":0.99,"u":"24,75 €/KG","img":"https://fd13-photos.leclercdrive.fr/image.ashx?id=1946868&use=l&cat=p&typeid=i","cat":285285},{"id":53174,"n":"Chocolat noir Equador Caramel salé - 100g","p":1.39,"u":"13,90 €/KG","img":"https://fd13-photos.leclercdrive.fr/image.ashx?id=2553339&use=l&cat=p&typeid=i","cat":284956},{"id":53396,"n":"Yaourt nature bifidus Activia 4x125g","p":1.39,"u":"2,78 €/KG","img":"https://fd13-photos.leclercdrive.fr/image.ashx?id=2885944&use=l&cat=p&typeid=i","cat":315000},{"id":53412,"n":"Activateur biologique Eparcyl  Fosse septique - 864g x24","p":6.92,"u":"8,01 €/KG","img":"https://fd13-photos.leclercdrive.fr/image.ashx?id=2890085&use=l&cat=p&typeid=i","cat":284908},{"id":53432,"n":"Cidre normand Les Goelleries Doux, 2% - 2x75cl","p":3.69,"u":"2,46 €/L","img":"https://fd13-photos.leclercdrive.fr/image.ashx?id=2856540&use=l&cat=p&typeid=i","cat":334880},{"id":53434,"n":"Salade d'Alaska Menu Fraîcheur 300g","p":2.59,"u":"8,63 €/KG","img":"https://fd13-photos.leclercdrive.fr/image.ashx?id=2727638&use=l&cat=p&typeid=i","cat":333657},{"id":53465,"n":"Biscuit petit beurre P'tit Déli Chocolat lait 48% - 125g","p":1.49,"u":"11,92 €/KG","img":"https://fd13-photos.leclercdrive.fr/image.ashx?id=2846520&use=l&cat=p&typeid=i","cat":284488},{"id":53469,"n":"Cidre breton Les Goelleries Doux, 2%vol - 2x75cl","p":3.85,"u":"2,57 €/L","img":"https://fd13-photos.leclercdrive.fr/image.ashx?id=2856534&use=l&cat=p&typeid=i","cat":334880},{"id":53470,"n":"Cidre breton Les Goelleries Brut, 5%vol - 2x75cl","p":3.85,"u":"2,57 €/L","img":"https://fd13-photos.leclercdrive.fr/image.ashx?id=2856531&use=l&cat=p&typeid=i","cat":334880},{"id":53508,"n":"Fine chapelure de pain Tipiak 275g","p":0.61,"u":"2,22 €/KG","img":"https://fd13-photos.leclercdrive.fr/image.ashx?id=2594124&use=l&cat=p&typeid=i","cat":288382},{"id":53600,"n":"Recharge spray Bien Air Automatique japon - 250ml","p":2.39,"u":"9,56 €/L","img":"https://fd13-photos.leclercdrive.fr/image.ashx?id=2974963&use=l&cat=p&typeid=i","cat":311629},{"id":53606,"n":"Salade Mexicaine Côté Snack Au thon - 250g","p":1.9,"u":"7,60 €/KG","img":"https://fd13-photos.leclercdrive.fr/image.ashx?id=2884255&use=l&cat=p&typeid=i","cat":284437},{"id":53651,"n":"Paupiettes de porc Ferial x3 - 390g","p":5.09,"u":"13,05 €/KG","img":"https://fd13-photos.leclercdrive.fr/image.ashx?id=2643414&use=l&cat=p&typeid=i","cat":284331},{"id":53663,"n":"Dés d'épaule Fleury Michon - 2x75g","p":1.53,"u":"10,20 €/KG","img":"https://fd13-photos.leclercdrive.fr/image.ashx?id=2650429&use=l&cat=p&typeid=i","cat":316011},{"id":53776,"n":"Brioche tressée Pasquier Nature - 630g","p":2.77,"u":"4,40 €/KG","img":"https://fd13-photos.leclercdrive.fr/image.ashx?id=2850946&use=l&cat=p&typeid=i","cat":284478},{"id":53777,"n":"Brioche tressée Pasquier  Pépites - 630g","p":2.85,"u":"4,52 €/KG","img":"https://fd13-photos.leclercdrive.fr/image.ashx?id=2848809&use=l&cat=p&typeid=i","cat":284478},{"id":53783,"n":"Lait de coco Suzi Wan 200ml","p":1.26,"u":"6,30 €/L","img":"https://fd13-photos.leclercdrive.fr/image.ashx?id=3002177&use=l&cat=p&typeid=i","cat":288992},{"id":53820,"n":"Madeleines Armor Délices x13 - 430g","p":5.2,"u":"12,09 €/KG","img":"https://fd13-photos.leclercdrive.fr/image.ashx?id=2788688&use=l&cat=p&typeid=i","cat":284492},{"id":53839,"n":"Râpé 3 saveurs Président 200g","p":2.93,"u":"14,65 €/KG","img":"https://fd13-photos.leclercdrive.fr/image.ashx?id=2786006&use=l&cat=p&typeid=i","cat":314035},{"id":53899,"n":"Eau minérale gazeuse Perrier  Naturelle - 6x1L","p":3.89,"u":"0,65 €/L","img":"https://fd13-photos.leclercdrive.fr/image.ashx?id=2454463&use=l&cat=p&typeid=i","cat":284536},{"id":53941,"n":"Fromage apéritif Boursin Echalote ciboulette 20 roulés","p":3.6,"u":"36,00 €/KG","img":"https://fd13-photos.leclercdrive.fr/image.ashx?id=2918595&use=l&cat=p&typeid=i","cat":314027},{"id":53944,"n":"Fromage à tartiner Boursin Ail et fines herbes - 250g","p":3.4,"u":"13,60 €/KG","img":"https://fd13-photos.leclercdrive.fr/image.ashx?id=2999853&use=l&cat=p&typeid=i","cat":314029},{"id":54112,"n":"Absolut Vodka 40%vol - 1L","p":25.52,"u":"25,52 €/L","img":"https://fd13-photos.leclercdrive.fr/image.ashx?id=2550261&use=l&cat=p&typeid=i","cat":284550},{"id":54162,"n":"Fromage blanc 0%mg  Soignon Au lait de chèvre - 4x100g","p":2.63,"u":"6,58 €/KG","img":"https://fd13-photos.leclercdrive.fr/image.ashx?id=2518253&use=l&cat=p&typeid=i","cat":314998},{"id":54172,"n":"Sauce aux 3 poivres  120g","p":1.69,"u":"14,08 €/KG","img":"https://fd13-photos.leclercdrive.fr/image.ashx?id=2636242&use=l&cat=p&typeid=i","cat":284382},{"id":54174,"n":"Pâte a pizza Sans Gluten Chaque Jour Sans Gluten - 260g","p":2.99,"u":"11,50 €/KG","img":"https://fd13-photos.leclercdrive.fr/image.ashx?id=2392481&use=l&cat=p&typeid=i","cat":333681},{"id":54176,"n":"Pâte feuilletée sans gluten Chaque Jour Sans Gluten - 280g","p":1.99,"u":"7,11 €/KG","img":"https://fd13-photos.leclercdrive.fr/image.ashx?id=3002806&use=l&cat=p&typeid=i","cat":333681},{"id":54244,"n":"Liqueur de menthe Get 31 Edition Limitée 24° - 70cl","p":13.89,"u":"19,84 €/L","img":"https://fd13-photos.leclercdrive.fr/image.ashx?id=2989051&use=l&cat=p&typeid=i","cat":286032},{"id":54248,"n":"Mister Cocktail sans alcool Cerise - 75cl","p":3.25,"u":"4,33 €/L","img":"https://fd13-photos.leclercdrive.fr/image.ashx?id=2962221&use=l&cat=p&typeid=i","cat":284549},{"id":54299,"n":"Désodorisant Bien Air Mèche active Fruit rouge 375ml","p":1.65,"u":"4,40 €/L","img":"https://fd13-photos.leclercdrive.fr/image.ashx?id=2777806&use=l&cat=p&typeid=i","cat":311628},{"id":54300,"n":"Désodorisant Bien Air Mèche active agrume 375ml","p":1.65,"u":"4,40 €/L","img":"https://fd13-photos.leclercdrive.fr/image.ashx?id=2777809&use=l&cat=p&typeid=i","cat":311628},{"id":54311,"n":"Bière blonde Bio Jade 4.5%vol - 6x25cl","p":5.33,"u":"3,55 €/L","img":"https://fd13-photos.leclercdrive.fr/image.ashx?id=2511282&use=l&cat=p&typeid=i","cat":334873},{"id":54312,"n":"Bière Sans gluten Jade Bio - 4.5%vol - 6x25cl","p":5.7,"u":"3,80 €/L","img":"https://fd13-photos.leclercdrive.fr/image.ashx?id=2672161&use=l&cat=p&typeid=i","cat":334873},{"id":54346,"n":"Barre Chocolatée KINDER Country  Céréales chocolat x10 - 235g","p":3.68,"u":"15,66 €/KG","img":"https://fd13-photos.leclercdrive.fr/image.ashx?id=2231942&use=l&cat=p&typeid=i","cat":284498},{"id":54351,"n":"Crème dessert Délisse Chocolat noisette - 4x125g","p":1.05,"u":"2,10 €/KG","img":"https://fd13-photos.leclercdrive.fr/image.ashx?id=2760810&use=l&cat=p&typeid=i","cat":285041},{"id":54385,"n":"Coupelles Ananas DDV Sirop léger - 4x70g","p":2.79,"u":"9,96 €/KG","img":"https://fd13-photos.leclercdrive.fr/image.ashx?id=2100793&use=l&cat=p&typeid=i","cat":284507},{"id":54386,"n":"Gâteau multicouche P'tit Déli Genoise fourré chocolat - 175g","p":1.27,"u":"7,26 €/KG","img":"https://fd13-photos.leclercdrive.fr/image.ashx?id=1756935&use=l&cat=p&typeid=i","cat":284495},{"id":54387,"n":"Pains Hot Dog Epi d'Or x4 - 250g","p":1.41,"u":"5,64 €/KG","img":"https://fd13-photos.leclercdrive.fr/image.ashx?id=2147414&use=l&cat=p&typeid=i","cat":284985},{"id":54396,"n":"Salade Catalane Côté Snack Thon à la catalane - 250g","p":2.17,"u":"8,68 €/KG","img":"https://fd13-photos.leclercdrive.fr/image.ashx?id=2910589&use=l&cat=p&typeid=i","cat":284437},{"id":54404,"n":"Sauce Tomacouli Panzani - 3X200G","p":1.61,"u":"2,68 €/KG","img":"https://fd13-photos.leclercdrive.fr/image.ashx?id=2744623&use=l&cat=p&typeid=i","cat":288384},{"id":54405,"n":"Sauce Tomacouli Panzani - 700G","p":1.59,"u":"2,27 €/KG","img":"https://fd13-photos.leclercdrive.fr/image.ashx?id=2744632&use=l&cat=p&typeid=i","cat":288384},{"id":54415,"n":"Bâtonnet à mâcher Dentalife  Petit chien - x21 - 345g","p":3.88,"u":"11,25 €/KG","img":"https://fd13-photos.leclercdrive.fr/image.ashx?id=2897339&use=l&cat=p&typeid=i","cat":294527},{"id":54416,"n":"Bâtonnet à macher Dentalife Chien moyen - 345g","p":3.83,"u":"11,10 €/KG","img":"https://fd13-photos.leclercdrive.fr/image.ashx?id=2896426&use=l&cat=p&typeid=i","cat":294527},{"id":54417,"n":"Barre chocolat lait P'tit Déli x5 - 130g","p":1.5,"u":"11,54 €/KG","img":"https://fd13-photos.leclercdrive.fr/image.ashx?id=2329179&use=l&cat=p&typeid=i","cat":284488},{"id":54418,"n":"Bâtonnet à mâche Dentalife Grand chien x12 - 426g","p":3.75,"u":"8,80 €/KG","img":"https://fd13-photos.leclercdrive.fr/image.ashx?id=2897342&use=l&cat=p&typeid=i","cat":294527},{"id":54420,"n":"Gel à raser Carré Homme Pour barbe difficile - 200ml","p":1.89,"u":"9,45 €/L","img":"https://fd13-photos.leclercdrive.fr/image.ashx?id=2976291&use=l&cat=p&typeid=i","cat":284617},{"id":54430,"n":"Salade Italienne Côté Snack Au thon - 250g","p":2.18,"u":"8,72 €/KG","img":"https://fd13-photos.leclercdrive.fr/image.ashx?id=2927910&use=l&cat=p&typeid=i","cat":284437},{"id":54447,"n":"Mister Cocktail sans alcool Fruits passion - 75cl","p":3.38,"u":"4,51 €/L","img":"https://fd13-photos.leclercdrive.fr/image.ashx?id=3003161&use=l&cat=p&typeid=i","cat":284549},{"id":54471,"n":"Madeleines longues Le Ster Marbrées choco - 250g","p":1.73,"u":"6,92 €/KG","img":"https://fd13-photos.leclercdrive.fr/image.ashx?id=2962548&use=l&cat=p&typeid=i","cat":284492},{"id":54473,"n":"Madeleines longues Le Ster Nature  - 250g","p":1.57,"u":"6,28 €/KG","img":"https://fd13-photos.leclercdrive.fr/image.ashx?id=2962545&use=l&cat=p&typeid=i","cat":284492},{"id":54494,"n":"Biscuits Petit Ecolier LU Chocolat au lait - 2x150g","p":3.32,"u":"11,07 €/KG","img":"https://fd13-photos.leclercdrive.fr/image.ashx?id=3009122&use=l&cat=p&typeid=i","cat":284488},{"id":54496,"n":"Gâteaux fourrés Milka Chocolat - 175g","p":1.7,"u":"9,71 €/KG","img":"https://fd13-photos.leclercdrive.fr/image.ashx?id=3005338&use=l&cat=p&typeid=i","cat":284495},{"id":54513,"n":"Falafels Végé - 200g","p":1.99,"u":"9,95 €/KG","img":"https://fd13-photos.leclercdrive.fr/image.ashx?id=2376037&use=l&cat=p&typeid=i","cat":316036},{"id":54520,"n":"Pâte a pizza Tablier Blanc Rectangle - 385g","p":1.3,"u":"3,38 €/KG","img":"https://fd13-photos.leclercdrive.fr/image.ashx?id=2635925&use=l&cat=p&typeid=i","cat":333681},{"id":54522,"n":"Pâte feuilletée Tablier Blanc A dérouler - x2 - 460g","p":1.48,"u":"3,22 €/KG","img":"https://fd13-photos.leclercdrive.fr/image.ashx?id=2635928&use=l&cat=p&typeid=i","cat":333681},{"id":54523,"n":"Nuggets végétales Végé - 200g","p":1.52,"u":"7,60 €/KG","img":"https://fd13-photos.leclercdrive.fr/image.ashx?id=2376034&use=l&cat=p&typeid=i","cat":316036},{"id":54532,"n":"Liqueur de Whisky Jack Daniel's Fire 70cL","p":19.95,"pp":17.95,"u":"25,64 €/L","img":"https://fd13-photos.leclercdrive.fr/image.ashx?id=3001473&use=l&cat=p&typeid=i","cat":286032},{"id":54540,"n":"AOC Crémant Limoux Aguila Brut - 75cl","p":6.57,"u":"8,76 €/L","img":"https://fd13-photos.leclercdrive.fr/image.ashx?id=2792243&use=l&cat=p&typeid=i","cat":284544},{"id":54604,"n":"Compote Charles & Alice Panachés P.Myrtilles - 12x100g","p":4.39,"u":"3,66 €/KG","img":"https://fd13-photos.leclercdrive.fr/image.ashx?id=2790654&use=l&cat=p&typeid=i","cat":284416},{"id":54612,"n":"Corn Flakes bio Bio Village Nature - 375g","p":2.4,"u":"6,40 €/KG","img":"https://fd13-photos.leclercdrive.fr/image.ashx?id=2835226&use=l&cat=p&typeid=i","cat":309513},{"id":54813,"n":"Tapis de bain éponge Tissaïa Perle - 50x80cm","p":9.9,"img":"https://fd13-photos.leclercdrive.fr/image.ashx?id=2207769&use=l&cat=p&typeid=i","cat":286694},{"id":54857,"n":"Polenta Turini  500g","p":1.19,"u":"2,38 €/KG","img":"https://fd13-photos.leclercdrive.fr/image.ashx?id=1986826&use=l&cat=p&typeid=i","cat":284431},{"id":54860,"n":"Mix apéritif Bio Village  Bio -  120g","p":2.74,"u":"22,83 €/KG","img":"https://fd13-photos.leclercdrive.fr/image.ashx?id=1944243&use=l&cat=p&typeid=i","cat":284448},{"id":54865,"n":"Tablette chocolat Villars Chocolat au Lait Suisse - 100g","p":2.41,"u":"24,10 €/KG","img":"https://fd13-photos.leclercdrive.fr/image.ashx?id=2464276&use=l&cat=p&typeid=i","cat":284497},{"id":54944,"n":"Cône Nestlé Extrême  Café intense - 6x71g","p":3.39,"u":"7,96 €/KG","img":"https://fd13-photos.leclercdrive.fr/image.ashx?id=3000435&use=l&cat=p&typeid=i","cat":284264},{"id":54957,"n":"Cône Extrême Nestle Vanille Fraise - 6x71g","p":3.57,"u":"8,38 €/KG","img":"https://fd13-photos.leclercdrive.fr/image.ashx?id=2353113&use=l&cat=p&typeid=i","cat":284264},{"id":54958,"n":"Cône Extrême Nestle Menthe chocolat - 6x71g","p":3.64,"u":"8,54 €/KG","img":"https://fd13-photos.leclercdrive.fr/image.ashx?id=2737048&use=l&cat=p&typeid=i","cat":284264},{"id":54959,"n":"Cône Extrême Intense Nestle Pistache Chocolat - 6x71g","p":3.36,"u":"7,89 €/KG","img":"https://fd13-photos.leclercdrive.fr/image.ashx?id=2353116&use=l&cat=p&typeid=i","cat":284264},{"id":55033,"n":"Fromage à Tartiner Tartare Ail et Fines Herbes 16P - 250g","p":3.56,"u":"14,24 €/KG","img":"https://fd13-photos.leclercdrive.fr/image.ashx?id=2732887&use=l&cat=p&typeid=i","cat":314029},{"id":55065,"n":"AOP Champagne Tsarine Brut Cuvée Premium - 75cl","p":26.87,"u":"35,83 €/L","img":"https://fd13-photos.leclercdrive.fr/image.ashx?id=2757749&use=l&cat=p&typeid=i","cat":284542},{"id":55068,"n":"Bière La Verte au Génépi 5.9%vol - 75 cl","p":4.5,"u":"6,00 €/L","img":"https://fd13-photos.leclercdrive.fr/image.ashx?id=2432967&use=l&cat=p&typeid=i","cat":334872},{"id":55071,"n":"Bière La Blonde pur malt 5.8%vol - 75cl","p":4.31,"u":"5,75 €/L","img":"https://fd13-photos.leclercdrive.fr/image.ashx?id=2432958&use=l&cat=p&typeid=i","cat":334872},{"id":55073,"n":"Bière La Blanche légère 4.7%vol - 75cl","p":4.86,"u":"6,48 €/L","img":"https://fd13-photos.leclercdrive.fr/image.ashx?id=2432961&use=l&cat=p&typeid=i","cat":334872},{"id":55085,"n":"Fine chapelure de pain Tipiak  500g","p":1.16,"u":"2,32 €/KG","img":"https://fd13-photos.leclercdrive.fr/image.ashx?id=2648277&use=l&cat=p&typeid=i","cat":288382},{"id":55090,"n":"AOP Bordeaux rouge Mouton Cadet - 75cl","p":6.95,"u":"9,27 €/L","img":"https://fd13-photos.leclercdrive.fr/image.ashx?id=2959940&use=l&cat=p&typeid=i","cat":289556},{"id":55101,"n":"AOP Médoc rouge Merrain - 75cl","p":8.54,"u":"11,39 €/L","img":"https://fd13-photos.leclercdrive.fr/image.ashx?id=2989282&use=l&cat=p&typeid=i","cat":289556},{"id":55102,"n":"Dentifrice expert Bionaïa Menthe Bio - 75ml","p":1.79,"u":"23,87 €/L","img":"https://fd13-photos.leclercdrive.fr/image.ashx?id=1952907&use=l&cat=p&typeid=i","cat":284612},{"id":55109,"n":"Recharge brosse à dents Dentamyl Sensitive x2","p":6.99,"u":"3,50 €/P","img":"https://fd13-photos.leclercdrive.fr/image.ashx?id=2790991&use=l&cat=p&typeid=i","cat":297133},{"id":55144,"n":"Emincés de poulet Fleury Michon Rôti sans nitrite 2x75g","p":2.44,"u":"16,27 €/KG","img":"https://fd13-photos.leclercdrive.fr/image.ashx?id=2649804&use=l&cat=p&typeid=i","cat":316011},{"id":55145,"n":"Allumettes Fleury Michon Jambon cuit - 2x75g","p":1.23,"u":"8,20 €/KG","img":"https://fd13-photos.leclercdrive.fr/image.ashx?id=2651047&use=l&cat=p&typeid=i","cat":316011},{"id":55146,"n":"Jambon à poêler Fleury Michon 2x80g","p":3.08,"u":"19,25 €/KG","img":"https://fd13-photos.leclercdrive.fr/image.ashx?id=2975155&use=l&cat=p&typeid=i","cat":316009},{"id":55160,"n":"Brioche tréssée Pasquier Tranchée Pépite chocolat - 500g","p":2.82,"u":"5,64 €/KG","img":"https://fd13-photos.leclercdrive.fr/image.ashx?id=2971969&use=l&cat=p&typeid=i","cat":284478},{"id":55197,"n":"Plat bébé soir Blédiner 12 mois Macaroni ratatouille - 2x200g","p":2.39,"u":"5,98 €/KG","img":"https://fd13-photos.leclercdrive.fr/image.ashx?id=2845826&use=l&cat=p&typeid=i","cat":312239},{"id":55206,"n":"Plat bébé Blédina 12 mois Pâtes tomate jambon - 2x200g","p":2.61,"u":"6,53 €/KG","img":"https://fd13-photos.leclercdrive.fr/image.ashx?id=2975071&use=l&cat=p&typeid=i","cat":312237},{"id":55233,"n":"Dosettes Café Carte Noire  Arabica Espresso n°8 x36 - 250g","p":6.2,"u":"24,80 €/KG","img":"https://fd13-photos.leclercdrive.fr/image.ashx?id=2908789&use=l&cat=p&typeid=i","cat":293238},{"id":55235,"n":"Dosettes Café Carte Noire  Arabica Classique n5 x36 - 250g","p":6.21,"u":"24,84 €/KG","img":"https://fd13-photos.leclercdrive.fr/image.ashx?id=2908795&use=l&cat=p&typeid=i","cat":293238},{"id":55254,"n":"Gâche ronde La Fournée Dorée Levain et crème fraîche - 500g","p":3.01,"u":"6,02 €/KG","img":"https://fd13-photos.leclercdrive.fr/image.ashx?id=2424560&use=l&cat=p&typeid=i","cat":284478},{"id":55260,"n":"Rôti de porc supérieur L'Atelier Charcuterie x4 -180g","p":3.68,"u":"20,44 €/KG","img":"https://fd13-photos.leclercdrive.fr/image.ashx?id=2998856&use=l&cat=p&typeid=i","cat":316009},{"id":55261,"n":"Pâté de campagne Breton L'Atelier Charcuterie - 170g","p":2.39,"u":"14,06 €/KG","img":"https://fd13-photos.leclercdrive.fr/image.ashx?id=2448285&use=l&cat=p&typeid=i","cat":316008},{"id":55262,"n":"Pâté Campagne Supérieur L'Atelier Charcuterie - 170g","p":2.08,"u":"12,24 €/KG","img":"https://fd13-photos.leclercdrive.fr/image.ashx?id=2905862&use=l&cat=p&typeid=i","cat":316008},{"id":55264,"n":"Mousse de foie Supérieure L'Atelier Charcuterie - 170g","p":2.19,"u":"12,88 €/KG","img":"https://fd13-photos.leclercdrive.fr/image.ashx?id=2882289&use=l&cat=p&typeid=i","cat":316008},{"id":55265,"n":"Mousse de canard Supérieure L'Atelier Charcuterie - 170g","p":2.71,"u":"15,94 €/KG","img":"https://fd13-photos.leclercdrive.fr/image.ashx?id=2882529&use=l&cat=p&typeid=i","cat":316008},{"id":55269,"n":"Boudin noir oignons rissolés L'Atelier Charcuterie x3 - 375g","p":4.04,"u":"10,77 €/KG","img":"https://fd13-photos.leclercdrive.fr/image.ashx?id=2437178&use=l&cat=p&typeid=i","cat":316012},{"id":55276,"n":"Brosse adhésive  Mamison Textile 36 feuilles","p":2.29,"img":"https://fd13-photos.leclercdrive.fr/image.ashx?id=1063565&use=l&cat=p&typeid=i","cat":284669},{"id":55343,"n":"Biscuits à thé Delacre Tea Time Assortiment Boîte Métal - 1kg","p":13.6,"u":"13,60 €/KG","img":"https://fd13-photos.leclercdrive.fr/image.ashx?id=2867969&use=l&cat=p&typeid=i","cat":284490},{"id":55377,"n":"Bougie Bien Air Fruits rouges 30heures - x1","p":2.19,"img":"https://fd13-photos.leclercdrive.fr/image.ashx?id=1075567&use=l&cat=p&typeid=i","cat":284666},{"id":55381,"n":"Cacahuètes Tokapi  Grillées à sec - 120g","p":0.47,"u":"3,92 €/KG","img":"https://fd13-photos.leclercdrive.fr/image.ashx?id=2799778&use=l&cat=p&typeid=i","cat":284448},{"id":55415,"n":"Bougie Bien Air Anti-tabac 30h - x1","p":1.83,"img":"https://fd13-photos.leclercdrive.fr/image.ashx?id=2999613&use=l&cat=p&typeid=i","cat":284666},{"id":55416,"n":"Recharge adhésive Mamison  36 feuilles-  x2","p":2.22,"img":"https://fd13-photos.leclercdrive.fr/image.ashx?id=1066450&use=l&cat=p&typeid=i","cat":284669},{"id":55429,"n":"Crème Chantilly UHT Président Aérosol sucré aromatisé - 250g","p":3.05,"u":"12,20 €/KG","img":"https://fd13-photos.leclercdrive.fr/image.ashx?id=2860169&use=l&cat=p&typeid=i","cat":284382},{"id":55439,"n":"Salade Niçoise Côté Snack Au thon - 250g","p":1.8,"u":"7,20 €/KG","img":"https://fd13-photos.leclercdrive.fr/image.ashx?id=1725335&use=l&cat=p&typeid=i","cat":284437},{"id":55472,"n":"Mix Pane Schar Sans gluten - 1kg","p":6.5,"u":"6,50 €/KG","img":"https://fd13-photos.leclercdrive.fr/image.ashx?id=2439947&use=l&cat=p&typeid=i","cat":318654},{"id":55573,"n":"Soda Coca-Cola Original Bouteille - 1L","p":1.7,"u":"1,70 €/L","img":"https://fd13-photos.leclercdrive.fr/image.ashx?id=2194409&use=l&cat=p&typeid=i","cat":284530},{"id":55640,"n":"Feuilles simples Clairefontaine 21x29.7cm","p":2.92,"img":"https://fd13-photos.leclercdrive.fr/image.ashx?id=2055966&use=l&cat=p&typeid=i","cat":284697},{"id":55642,"n":"Ramette Esquisse x500 - A4 - 100g - Ultra blanc","p":7.9,"img":"https://fd13-photos.leclercdrive.fr/image.ashx?id=2943250&use=l&cat=p&typeid=i","cat":284697},{"id":55658,"n":"Compas Maped Stop système gris","p":2.59,"img":"https://fd13-photos.leclercdrive.fr/image.ashx?id=2509358&use=l&cat=p&typeid=i","cat":334133},{"id":55664,"n":"Mini ruban correcteur Esquisse Multicoloris","p":1.99,"img":"https://fd13-photos.leclercdrive.fr/image.ashx?id=1703851&use=l&cat=p&typeid=i","cat":334133},{"id":55666,"n":"Etiquettes blanches Esquisse 24x35mm - x48","p":0.8,"img":"https://fd13-photos.leclercdrive.fr/image.ashx?id=2943259&use=l&cat=p&typeid=i","cat":334133},{"id":55669,"n":"Bâton de colle Esquisse 5x10g","p":2.39,"u":"47,80 €/KG","img":"https://fd13-photos.leclercdrive.fr/image.ashx?id=2943253&use=l&cat=p&typeid=i","cat":334133},{"id":55688,"n":"Stylo roller Pilot FriXion Ball Rechargeables - Effaçables - x4","p":7.49,"u":"1,87 €/P","img":"https://fd13-photos.leclercdrive.fr/image.ashx?id=2549576&use=l&cat=p&typeid=i","cat":284696},{"id":55690,"n":"Recharges Pilot FriXion Ball x6 - Noir + Gomme","p":7.36,"img":"https://fd13-photos.leclercdrive.fr/image.ashx?id=2546380&use=l&cat=p&typeid=i","cat":284696},{"id":55700,"n":"Haricots Verts Cassegrain Extra Fins Ceuillis main 110g","p":1.34,"u":"12,18 €/KG","img":"https://fd13-photos.leclercdrive.fr/image.ashx?id=2913034&use=l&cat=p&typeid=i","cat":312606},{"id":55730,"n":"Intercalaires Esquisse x12 - A4","p":0.78,"img":"https://fd13-photos.leclercdrive.fr/image.ashx?id=1928851&use=l&cat=p&typeid=i","cat":284745},{"id":55766,"n":"AOP Crémant de Loire Brut - Lacheteau - 75cL","p":6.87,"u":"9,16 €/L","img":"https://fd13-photos.leclercdrive.fr/image.ashx?id=2431911&use=l&cat=p&typeid=i","cat":284545},{"id":55786,"n":"Crêpe fourrée Whaou Chocolat / Noisette x8 - 256g","p":2.34,"u":"9,14 €/KG","img":"https://fd13-photos.leclercdrive.fr/image.ashx?id=2962857&use=l&cat=p&typeid=i","cat":284494},{"id":55887,"n":"Bougie Bien Air Vanille Caramel 30h - x1","p":1.8,"img":"https://fd13-photos.leclercdrive.fr/image.ashx?id=2399761&use=l&cat=p&typeid=i","cat":284666},{"id":55949,"n":"Riz soja bio Céréal Bio  à l'espagnol repas express-220g","p":2.29,"u":"10,41 €/KG","img":"https://fd13-photos.leclercdrive.fr/image.ashx?id=2575093&use=l&cat=p&typeid=i","cat":287600},{"id":56065,"n":"Cahier Oxford - 96p Pêche - 24x32 cm","p":2.68,"img":"https://fd13-photos.leclercdrive.fr/image.ashx?id=1874231&use=l&cat=p&typeid=i","cat":284697},{"id":56106,"n":"Stylo-bille 4 couleurs Bic Violet - Shine -x1","p":1.78,"img":"https://fd13-photos.leclercdrive.fr/image.ashx?id=2727743&use=l&cat=p&typeid=i","cat":284696},{"id":56107,"n":"Stylo-bille 4 couleurs Bic Rose - shine -x1","p":1.78,"img":"https://fd13-photos.leclercdrive.fr/image.ashx?id=1187788&use=l&cat=p&typeid=i","cat":284696},{"id":56108,"n":"Stylo-bille 4 couleurs Bic Bleu - shine -x1","p":1.78,"img":"https://fd13-photos.leclercdrive.fr/image.ashx?id=2727746&use=l&cat=p&typeid=i","cat":284696},{"id":56110,"n":"Règle plate Twist'n'Flex Maped Rose - 30cm","p":1.04,"img":"https://fd13-photos.leclercdrive.fr/image.ashx?id=1189233&use=l&cat=p&typeid=i","cat":334133},{"id":56111,"n":"Règle plate Twist'n'Flex Maped Bleu - 30cm","p":1.04,"img":"https://fd13-photos.leclercdrive.fr/image.ashx?id=1189236&use=l&cat=p&typeid=i","cat":334133},{"id":56112,"n":"Equerre 60°  Maped Bleu - Incassable et Flex- 21cm","p":1.46,"img":"https://fd13-photos.leclercdrive.fr/image.ashx?id=1189239&use=l&cat=p&typeid=i","cat":334133},{"id":56113,"n":"Règle double décimètre Maped Bleu - incassable - flexible","p":1.15,"img":"https://fd13-photos.leclercdrive.fr/image.ashx?id=1189242&use=l&cat=p&typeid=i","cat":334133},{"id":56114,"n":"Rapporteur 180°  Maped Bleu - 12cm","p":0.85,"img":"https://fd13-photos.leclercdrive.fr/image.ashx?id=1189245&use=l&cat=p&typeid=i","cat":334133},{"id":56146,"n":"Calculatrice bureau Esquisse Orange","p":4.9,"u":"Dont 0,13 € d'éco-part.","img":"https://fd13-photos.leclercdrive.fr/image.ashx?id=1196150&use=l&cat=p&typeid=i","cat":334133},{"id":56152,"n":"Calculatrice Esquisse Blanche","p":2.99,"u":"Dont 0,13 € d'éco-part.","img":"https://fd13-photos.leclercdrive.fr/image.ashx?id=1189948&use=l&cat=p&typeid=i","cat":334133},{"id":56153,"n":"Calculatrice poche Esquisse Rose","p":2.99,"u":"Dont 0,13 € d'éco-part.","img":"https://fd13-photos.leclercdrive.fr/image.ashx?id=2943355&use=l&cat=p&typeid=i","cat":334133},{"id":56154,"n":"Calculatrice poche Esquisse Bleu","p":2.99,"u":"Dont 0,13 € d'éco-part.","img":"https://fd13-photos.leclercdrive.fr/image.ashx?id=2943358&use=l&cat=p&typeid=i","cat":334133},{"id":56162,"n":"Lait concentré sucré Nestlé 1kg","p":4.21,"u":"4,21 €/KG","img":"https://fd13-photos.leclercdrive.fr/image.ashx?id=2906067&use=l&cat=p&typeid=i","cat":299162},{"id":56164,"n":"Protège-document Esquisse x1 Violet - A4 - 80 vues","p":2.49,"img":"https://fd13-photos.leclercdrive.fr/image.ashx?id=1196159&use=l&cat=p&typeid=i","cat":284745},{"id":56213,"n":"Assiette Italienne 130g","p":5.81,"u":"44,69 €/KG","img":"https://fd13-photos.leclercdrive.fr/image.ashx?id=2025173&use=l&cat=p&typeid=i","cat":316007},{"id":56231,"n":"Trieur Esquisse A4 Multicoloris - 12 positions","p":3.89,"img":"https://fd13-photos.leclercdrive.fr/image.ashx?id=2727719&use=l&cat=p&typeid=i","cat":284745},{"id":56232,"n":"Trieur Esquisse 3 rabats  Noir - 12 positions","p":3.89,"img":"https://fd13-photos.leclercdrive.fr/image.ashx?id=1691198&use=l&cat=p&typeid=i","cat":284745},{"id":56233,"n":"Trieur Esquisse 3 rabats  Turquoise - 12 positions","p":3.89,"img":"https://fd13-photos.leclercdrive.fr/image.ashx?id=1691201&use=l&cat=p&typeid=i","cat":284745},{"id":56241,"n":"Boite de classement Esquisse Rouge - Dos 4cm","p":2.55,"img":"https://fd13-photos.leclercdrive.fr/image.ashx?id=1181994&use=l&cat=p&typeid=i","cat":284745},{"id":56242,"n":"Boite de classement Esquisse Bleu - Dos 4cm","p":2.55,"img":"https://fd13-photos.leclercdrive.fr/image.ashx?id=1181997&use=l&cat=p&typeid=i","cat":284745},{"id":56243,"n":"Boite de classement Esquisse Jaune - Dos 4cm","p":2.55,"img":"https://fd13-photos.leclercdrive.fr/image.ashx?id=1182000&use=l&cat=p&typeid=i","cat":284745},{"id":56244,"n":"Boite de classement Esquisse Noir - Dos 4cm","p":2.55,"img":"https://fd13-photos.leclercdrive.fr/image.ashx?id=1182003&use=l&cat=p&typeid=i","cat":284745},{"id":56246,"n":"Protège document A4 Esquisse Rouge 200 vues","p":4.29,"img":"https://fd13-photos.leclercdrive.fr/image.ashx?id=1186173&use=l&cat=p&typeid=i","cat":284745},{"id":56393,"n":"Chemise à élastiques Exacompta Orange - 3 rabats 24x32cm","p":1.1,"img":"https://fd13-photos.leclercdrive.fr/image.ashx?id=1185744&use=l&cat=p&typeid=i","cat":284745},{"id":56394,"n":"Chemise à élastiques Exacompta Rose - 3 rabats 24x32cm","p":1.1,"img":"https://fd13-photos.leclercdrive.fr/image.ashx?id=1185747&use=l&cat=p&typeid=i","cat":284745},{"id":56395,"n":"Chemise à élastiques Exacompta Jaune - 3 rabats 24x32cm","p":1.1,"img":"https://fd13-photos.leclercdrive.fr/image.ashx?id=1185750&use=l&cat=p&typeid=i","cat":284745},{"id":56396,"n":"Chemise à élastiques Exacompta Vert clair - 3 rabats 24x32cm","p":1.1,"img":"https://fd13-photos.leclercdrive.fr/image.ashx?id=1185753&use=l&cat=p&typeid=i","cat":284745},{"id":56397,"n":"Chemise à élastiques Exacompta Vert - 3 rabats 24x32cm","p":1.1,"img":"https://fd13-photos.leclercdrive.fr/image.ashx?id=1185756&use=l&cat=p&typeid=i","cat":284745},{"id":56400,"n":"Chemise à élastiques Exacompta Violet - 3 rabats 24x32cm","p":1.1,"img":"https://fd13-photos.leclercdrive.fr/image.ashx?id=1185759&use=l&cat=p&typeid=i","cat":284745},{"id":56401,"n":"Chemise à élastiques Exacompta Bleu - 3 rabats 24x32cm","p":1.1,"img":"https://fd13-photos.leclercdrive.fr/image.ashx?id=1185762&use=l&cat=p&typeid=i","cat":284745},{"id":56402,"n":"Chemise à élastiques Exacompta Bleu ciel - 3 rabats 24x32cm","p":1.1,"img":"https://fd13-photos.leclercdrive.fr/image.ashx?id=1185765&use=l&cat=p&typeid=i","cat":284745},{"id":56403,"n":"Boîte classement Esquisse  Rouge 2,5cm x1","p":2.09,"img":"https://fd13-photos.leclercdrive.fr/image.ashx?id=1694272&use=l&cat=p&typeid=i","cat":284745},{"id":56404,"n":"Boîte classement Esquisse  Bleu 2,5cm x1","p":2.09,"img":"https://fd13-photos.leclercdrive.fr/image.ashx?id=1701996&use=l&cat=p&typeid=i","cat":284745},{"id":56405,"n":"Boîte classement Esquisse  Jaune 2,5cm x1","p":2.09,"img":"https://fd13-photos.leclercdrive.fr/image.ashx?id=1694275&use=l&cat=p&typeid=i","cat":284745},{"id":56406,"n":"Boîte classement Esquisse  Noir 2,5cm x1","p":2.09,"img":"https://fd13-photos.leclercdrive.fr/image.ashx?id=1694278&use=l&cat=p&typeid=i","cat":284745},{"id":56407,"n":"Boîte classement Esquisse Violet - Polypro 2.5cm","p":2.1,"img":"https://fd13-photos.leclercdrive.fr/image.ashx?id=1186206&use=l&cat=p&typeid=i","cat":284745},{"id":56408,"n":"Boîte classement Esquisse Transparent - Polypro 2.5cm","p":2.1,"img":"https://fd13-photos.leclercdrive.fr/image.ashx?id=1186209&use=l&cat=p&typeid=i","cat":284745},{"id":56418,"n":"Vinaigre de cidre Bio Village Bio 75cl","p":2.09,"u":"2,79 €/L","img":"https://fd13-photos.leclercdrive.fr/image.ashx?id=1069902&use=l&cat=p&typeid=i","cat":298543},{"id":56435,"n":"Bouillon Kub Or Maggi  Déshydraté dégraissé - 128g","p":1.62,"u":"12,66 €/KG","img":"https://fd13-photos.leclercdrive.fr/image.ashx?id=2953977&use=l&cat=p&typeid=i","cat":288379},{"id":56440,"n":"Biscuit Citron Yuzu GERBLE  sans sucre 6 132g","p":1.89,"u":"14,32 €/KG","img":"https://fd13-photos.leclercdrive.fr/image.ashx?id=2664016&use=l&cat=p&typeid=i","cat":318653},{"id":56444,"n":"Biscuits chocolat amande GERBLE  - 4x4, 200g","p":1.8,"u":"9,00 €/KG","img":"https://fd13-photos.leclercdrive.fr/image.ashx?id=2967004&use=l&cat=p&typeid=i","cat":318651},{"id":56452,"n":"Cookie Cacao GERBLE  sans sucres - 130g","p":2.35,"u":"18,08 €/KG","img":"https://fd13-photos.leclercdrive.fr/image.ashx?id=2575057&use=l&cat=p&typeid=i","cat":318653},{"id":56456,"n":"Biscuit Coco GERBLE  sans sucre - 132g","p":1.92,"u":"14,55 €/KG","img":"https://fd13-photos.leclercdrive.fr/image.ashx?id=2662826&use=l&cat=p&typeid=i","cat":318653},{"id":56457,"n":"Biscuit Sésame Vanille GERBLE  sans sucres - 132g","p":1.96,"u":"14,85 €/KG","img":"https://fd13-photos.leclercdrive.fr/image.ashx?id=2664013&use=l&cat=p&typeid=i","cat":318653},{"id":56464,"n":"Biscuit fourré cacao GERBLE   sans sucre 6 185g","p":2.73,"u":"14,76 €/KG","img":"https://fd13-photos.leclercdrive.fr/image.ashx?id=2662832&use=l&cat=p&typeid=i","cat":318653},{"id":56468,"n":"Goûters 4S aux pommes Gerblé 360g","p":2.25,"u":"6,25 €/KG","img":"https://fd13-photos.leclercdrive.fr/image.ashx?id=2860907&use=l&cat=p&typeid=i","cat":318651},{"id":56511,"n":"Galettes sarrasin Bretagne NRT x6 - 300g","p":1.89,"u":"6,30 €/KG","img":"https://fd13-photos.leclercdrive.fr/image.ashx?id=2770268&use=l&cat=p&typeid=i","cat":333672},{"id":56517,"n":"Eau minérale naturelle Contrex 6x1.5L","p":3.0,"u":"0,33 €/L","img":"https://fd13-photos.leclercdrive.fr/image.ashx?id=2758773&use=l&cat=p&typeid=i","cat":284535},{"id":56547,"n":"Flocons d'avoine bio Bio Village - 500g","p":1.48,"u":"2,96 €/KG","img":"https://fd13-photos.leclercdrive.fr/image.ashx?id=2387124&use=l&cat=p&typeid=i","cat":309512},{"id":56558,"n":"Croquettes chat Tous mes amis Boeuf/poulet/légumes - 7.5kg","p":10.46,"u":"1,39 €/KG","img":"https://fd13-photos.leclercdrive.fr/image.ashx?id=2319118&use=l&cat=p&typeid=i","cat":284680},{"id":56571,"n":"Tomates entières pelées bio Bio Village - 240g","p":1.04,"u":"4,33 €/KG","img":"https://fd13-photos.leclercdrive.fr/image.ashx?id=2302982&use=l&cat=p&typeid=i","cat":312608},{"id":56609,"n":"Fromage à tartiner Madame Loïk Fouetté Nature - 320g","p":3.25,"u":"10,16 €/KG","img":"https://fd13-photos.leclercdrive.fr/image.ashx?id=2967798&use=l&cat=p&typeid=i","cat":314029},{"id":56610,"n":"Fromage à tartiner Madame Loïk Fouetté Nature - 180g","p":2.02,"u":"11,22 €/KG","img":"https://fd13-photos.leclercdrive.fr/image.ashx?id=2948015&use=l&cat=p&typeid=i","cat":314029},{"id":56613,"n":"IGP Pays d'Oc rouge Merlot Grand Sud 13.5% vol - BIB 5L","p":17.33,"u":"3,47 €/L","img":"https://fd13-photos.leclercdrive.fr/image.ashx?id=2837457&use=l&cat=p&typeid=i","cat":289556},{"id":56679,"n":"Biscuits Milka Choco suprême - 3x180g","p":6.22,"u":"11,52 €/KG","img":"https://fd13-photos.leclercdrive.fr/image.ashx?id=2792948&use=l&cat=p&typeid=i","cat":284488},{"id":56683,"n":"Pur jus d'ananas Bio Village  Bio - 1L","p":3.81,"u":"3,81 €/L","img":"https://fd13-photos.leclercdrive.fr/image.ashx?id=2901539&use=l&cat=p&typeid=i","cat":284916},{"id":56741,"n":"Fromage raclette Entremont  Sans croûte - 350g","p":4.9,"u":"14,00 €/KG","img":"https://fd13-photos.leclercdrive.fr/image.ashx?id=2980902&use=l&cat=p&typeid=i","cat":314037},{"id":56767,"n":"Vinaigre balsamique Rustica De Modène - 25cl","p":1.27,"u":"5,08 €/L","img":"https://fd13-photos.leclercdrive.fr/image.ashx?id=2777812&use=l&cat=p&typeid=i","cat":298543},{"id":56770,"n":"Fleur de sel de Guérande IGP  NRT - 125g","p":2.49,"u":"19,92 €/KG","img":"https://fd13-photos.leclercdrive.fr/image.ashx?id=2644924&use=l&cat=p&typeid=i","cat":284457},{"id":56789,"n":"Whisky Talisker Storm 45.8%vol - 70cL","p":36.95,"u":"52,79 €/L","img":"https://fd13-photos.leclercdrive.fr/image.ashx?id=2160039&use=l&cat=p&typeid=i","cat":284547},{"id":56831,"n":"Nuggets de poulet Maître Coq Sachet - 1kg","p":5.78,"u":"5,78 €/KG","img":"https://fd13-photos.leclercdrive.fr/image.ashx?id=2936404&use=l&cat=p&typeid=i","cat":319780},{"id":56845,"n":"Bâtonnets de poisson Findus  Colin d'Alaska MSC x16 - 448g","p":4.41,"u":"9,84 €/KG","img":"https://fd13-photos.leclercdrive.fr/image.ashx?id=2650684&use=l&cat=p&typeid=i","cat":319788},{"id":56872,"n":"Tartiflette Côté Table  350g","p":2.9,"u":"8,29 €/KG","img":"https://fd13-photos.leclercdrive.fr/image.ashx?id=2970456&use=l&cat=p&typeid=i","cat":284953},{"id":56873,"n":"Hachis parmentier Côté Table 350g","p":2.53,"u":"7,23 €/KG","img":"https://fd13-photos.leclercdrive.fr/image.ashx?id=2188641&use=l&cat=p&typeid=i","cat":284953},{"id":56874,"n":"Lasagnes bolognaise Côté Table Barquette - 350g","p":2.39,"u":"6,83 €/KG","img":"https://fd13-photos.leclercdrive.fr/image.ashx?id=2125563&use=l&cat=p&typeid=i","cat":284953},{"id":56889,"n":"Gel soin visage charbon Garnier Anti-Points Noirs - 150ml","p":4.26,"u":"28,40 €/L","img":"https://fd13-photos.leclercdrive.fr/image.ashx?id=2634190&use=l&cat=p&typeid=i","cat":284603},{"id":56935,"n":"Pâte à tartiner Nutella 400g","p":3.28,"u":"8,20 €/KG","img":"https://fd13-photos.leclercdrive.fr/image.ashx?id=2935645&use=l&cat=p&typeid=i","cat":284481},{"id":56953,"n":"Cordons bleus Côté Croc Au poulet x2 - 200g","p":1.59,"u":"7,95 €/KG","img":"https://fd13-photos.leclercdrive.fr/image.ashx?id=2795568&use=l&cat=p&typeid=i","cat":333683},{"id":56967,"n":"Biscuits déli Matin P'tit Deli Pepites chocolat -  600g","p":3.31,"u":"5,52 €/KG","img":"https://fd13-photos.leclercdrive.fr/image.ashx?id=2999514&use=l&cat=p&typeid=i","cat":284491},{"id":56991,"n":"Eau de javel Clair Citron - 3x250ml","p":1.3,"u":"1,73 €/L","img":"https://fd13-photos.leclercdrive.fr/image.ashx?id=1073466&use=l&cat=p&typeid=i","cat":284661},{"id":56992,"n":"Sauce roquefort Ferial  120g","p":1.69,"u":"14,08 €/KG","img":"https://fd13-photos.leclercdrive.fr/image.ashx?id=2636245&use=l&cat=p&typeid=i","cat":284382},{"id":56994,"n":"Pancakes Epi d'or x6 - 200g","p":2.63,"u":"13,15 €/KG","img":"https://fd13-photos.leclercdrive.fr/image.ashx?id=3012415&use=l&cat=p&typeid=i","cat":288858},{"id":56996,"n":"Jus de fruit Jafaden  Pur jus multifruits - 2L","p":2.59,"u":"1,30 €/L","img":"https://fd13-photos.leclercdrive.fr/image.ashx?id=2920196&use=l&cat=p&typeid=i","cat":284917},{"id":57007,"n":"Fromage tartiflette Les Croisés 27%mg - 250g","p":2.88,"u":"11,52 €/KG","img":"https://fd13-photos.leclercdrive.fr/image.ashx?id=2793248&use=l&cat=p&typeid=i","cat":314037},{"id":57020,"n":"Ossau iraty NRT AOP  Fromage de brebis - 200g","p":3.99,"u":"19,95 €/KG","img":"https://fd13-photos.leclercdrive.fr/image.ashx?id=2342632&use=l&cat=p&typeid=i","cat":329184},{"id":57030,"n":"Fromage Morbier NRT AOP  250g","p":3.59,"u":"14,36 €/KG","img":"https://fd13-photos.leclercdrive.fr/image.ashx?id=1073881&use=l&cat=p&typeid=i","cat":329184},{"id":57034,"n":"Fromage Mini Mont d'Or NRT AOP  x1 - 400g","p":8.85,"u":"22,13 €/KG","img":"https://fd13-photos.leclercdrive.fr/image.ashx?id=2934844&use=l&cat=p&typeid=i","cat":314037},{"id":57040,"n":"Bière blanche 1664 Blanc 5° - 6x25cl","p":4.61,"u":"3,07 €/L","img":"https://fd13-photos.leclercdrive.fr/image.ashx?id=2886699&use=l&cat=p&typeid=i","cat":334878},{"id":57041,"n":"Bière blonde 1664 5,5° - 6x33cl canettes","p":4.99,"pp":3.29,"u":"1,66 €/L","img":"https://fd13-photos.leclercdrive.fr/image.ashx?id=2887566&use=l&cat=p&typeid=i","cat":334853},{"id":57044,"n":"Bière blonde Kronenbourg 4,2° - 12x33cl canettes","p":7.5,"u":"1,89 €/L","img":"https://fd13-photos.leclercdrive.fr/image.ashx?id=2854366&use=l&cat=p&typeid=i","cat":334853},{"id":57119,"n":"Super décapant cuisine Briochin Ecocert - 1L","p":3.9,"u":"3,90 €/L","img":"https://fd13-photos.leclercdrive.fr/image.ashx?id=3011401&use=l&cat=p&typeid=i","cat":325357},{"id":57121,"n":"Nettoyant salle de bain 3en1 Briochin - Ecocert - 750mL","p":3.24,"u":"4,32 €/L","img":"https://fd13-photos.leclercdrive.fr/image.ashx?id=3011398&use=l&cat=p&typeid=i","cat":325357},{"id":57151,"n":"Mousse Délisse Chocolat au lait - 8x60g","p":2.25,"u":"4,69 €/KG","img":"https://fd13-photos.leclercdrive.fr/image.ashx?id=3009517&use=l&cat=p&typeid=i","cat":284417},{"id":57155,"n":"Yaourts à la Grecque Delisse Lit de miel - 4x150g","p":2.89,"u":"4,82 €/KG","img":"https://fd13-photos.leclercdrive.fr/image.ashx?id=2699702&use=l&cat=p&typeid=i","cat":314999},{"id":57162,"n":"Yaourt brassé fraise 4x125g","p":1.41,"u":"2,82 €/KG","img":"https://fd13-photos.leclercdrive.fr/image.ashx?id=2796532&use=l&cat=p&typeid=i","cat":284410},{"id":57189,"n":"Yaourt lait brebis Délisse Citron - 4x125g","p":2.39,"u":"4,78 €/KG","img":"https://fd13-photos.leclercdrive.fr/image.ashx?id=1889797&use=l&cat=p&typeid=i","cat":314998},{"id":57190,"n":"Yaourt brassé Bio Village Myrtille Bio - 4x115g","p":1.45,"u":"3,15 €/KG","img":"https://fd13-photos.leclercdrive.fr/image.ashx?id=2662175&use=l&cat=p&typeid=i","cat":284410},{"id":57223,"n":"Poêlée provençale D'Aucy 700g","p":3.23,"u":"4,61 €/KG","img":"https://fd13-photos.leclercdrive.fr/image.ashx?id=2512155&use=l&cat=p&typeid=i","cat":319823},{"id":57274,"n":"Boisson aux fruits Oasis Goût Pomme Cassis Framboise 1L","p":1.82,"u":"1,82 €/L","img":"https://fd13-photos.leclercdrive.fr/image.ashx?id=3011083&use=l&cat=p&typeid=i","cat":295018},{"id":57284,"n":"AOC Prosecco Riccadonna Extra Dry - 11° - 75cl","p":6.25,"u":"8,33 €/L","img":"https://fd13-photos.leclercdrive.fr/image.ashx?id=2666303&use=l&cat=p&typeid=i","cat":289461},{"id":57307,"n":"Pur jus Jafaden Orange, raisin, clémentine, pamplemousse - 1L","p":2.29,"u":"2,29 €/L","img":"https://fd13-photos.leclercdrive.fr/image.ashx?id=2869799&use=l&cat=p&typeid=i","cat":284917},{"id":57314,"n":"Risotto Fleury Michon Poulet et cèpes - 280g","p":3.12,"u":"11,14 €/KG","img":"https://fd13-photos.leclercdrive.fr/image.ashx?id=3003281&use=l&cat=p&typeid=i","cat":333665},{"id":57329,"n":"Ramette Clairefontaine Format A4 - 80g - x400","p":7.47,"img":"https://fd13-photos.leclercdrive.fr/image.ashx?id=1854593&use=l&cat=p&typeid=i","cat":284697},{"id":57350,"n":"Nectar Bio Pressade Ananas - 1.5L","p":3.75,"u":"2,50 €/L","img":"https://fd13-photos.leclercdrive.fr/image.ashx?id=2732506&use=l&cat=p&typeid=i","cat":284916},{"id":57354,"n":"Duo de Sel & Poivre La Baleine Sel 50G - Poivre 18G","p":2.55,"u":"37,50 €/KG","img":"https://fd13-photos.leclercdrive.fr/image.ashx?id=1752097&use=l&cat=p&typeid=i","cat":284457},{"id":57391,"n":"Salade Garden Sodebo Caesar Poulet - 240g","p":3.91,"u":"16,29 €/KG","img":"https://fd13-photos.leclercdrive.fr/image.ashx?id=2939496&use=l&cat=p&typeid=i","cat":333657},{"id":57435,"n":"Fromage blanc Bio Vrai Lait de brebis - 400g","p":2.3,"u":"5,75 €/KG","img":"https://fd13-photos.leclercdrive.fr/image.ashx?id=2517495&use=l&cat=p&typeid=i","cat":314998},{"id":57627,"n":"Bacon Bio Village 10 tranches bio 100g","p":2.29,"u":"22,90 €/KG","img":"https://fd13-photos.leclercdrive.fr/image.ashx?id=1921536&use=l&cat=p&typeid=i","cat":316007},{"id":57685,"n":"Pots bébé bio Babybio Légumes poulet - 6 mois - 400g","p":3.0,"u":"7,50 €/KG","img":"https://fd13-photos.leclercdrive.fr/image.ashx?id=2827422&use=l&cat=p&typeid=i","cat":312236},{"id":57687,"n":"Repas du soir Babybio - 8 mois Bio Patates douces - 2x200g","p":2.79,"u":"6,98 €/KG","img":"https://fd13-photos.leclercdrive.fr/image.ashx?id=2168291&use=l&cat=p&typeid=i","cat":312239},{"id":57688,"n":"Bols soir bébé bio Babybio Purée, courgette -8 mois-2x200g","p":2.96,"u":"7,40 €/KG","img":"https://fd13-photos.leclercdrive.fr/image.ashx?id=2859365&use=l&cat=p&typeid=i","cat":312239},{"id":57691,"n":"Gourde bébé Babybio Bio 6 mois Pomme/poire/pêche - 4x90g","p":3.26,"u":"9,06 €/KG","img":"https://fd13-photos.leclercdrive.fr/image.ashx?id=2733319&use=l&cat=p&typeid=i","cat":312393},{"id":57694,"n":"Crème dessert bébé bio Babybio  Semoule vanille -6 mois- 4x85g","p":3.57,"u":"10,50 €/KG","img":"https://fd13-photos.leclercdrive.fr/image.ashx?id=2834530&use=l&cat=p&typeid=i","cat":312393},{"id":57696,"n":"Pots bébé bio Babybio - 6 mois  Légumes pâtes boeuf - 2x200g","p":3.11,"u":"7,78 €/KG","img":"https://fd13-photos.leclercdrive.fr/image.ashx?id=2838301&use=l&cat=p&typeid=i","cat":312236},{"id":57703,"n":"Bols bébé soir bio Babybio Légumes pâtes - 8 mois - 2x200g","p":2.87,"u":"7,18 €/KG","img":"https://fd13-photos.leclercdrive.fr/image.ashx?id=2838311&use=l&cat=p&typeid=i","cat":312239},{"id":57705,"n":"Compote bébé Babybio Bio 4 mois Mirabelle Pomme - 2x130g","p":2.02,"u":"7,77 €/KG","img":"https://fd13-photos.leclercdrive.fr/image.ashx?id=2834518&use=l&cat=p&typeid=i","cat":312387},{"id":57706,"n":"Salades Bonduelle Tortis, concombres, saumon 300g","p":2.93,"u":"9,77 €/KG","img":"https://fd13-photos.leclercdrive.fr/image.ashx?id=2905303&use=l&cat=p&typeid=i","cat":333657},{"id":57713,"n":"Vin Union européenne blanc Lichette Alouettes - 5L","p":13.27,"u":"2,65 €/L","img":"https://fd13-photos.leclercdrive.fr/image.ashx?id=2859194&use=l&cat=p&typeid=i","cat":289557},{"id":57760,"n":"Assiette bébé soir bio Babybio Aubergine pâtes -15 mois- 260g","p":1.97,"u":"7,58 €/KG","img":"https://fd13-photos.leclercdrive.fr/image.ashx?id=2855912&use=l&cat=p&typeid=i","cat":312239},{"id":57763,"n":"Pâtes Serpentini Panzani 3 Minutes - 500g","p":1.38,"u":"2,76 €/KG","img":"https://fd13-photos.leclercdrive.fr/image.ashx?id=2896078&use=l&cat=p&typeid=i","cat":284427},{"id":57764,"n":"Pâtes Farfalle Panzani  3 Minutes - 500G","p":1.26,"u":"2,52 €/KG","img":"https://fd13-photos.leclercdrive.fr/image.ashx?id=2896090&use=l&cat=p&typeid=i","cat":284427},{"id":57767,"n":"Tablette de chocolat noir Lindt Framboise intense - 100g","p":2.34,"u":"23,40 €/KG","img":"https://fd13-photos.leclercdrive.fr/image.ashx?id=2689484&use=l&cat=p&typeid=i","cat":318654},{"id":57768,"n":"Tablette de chocolat noir Lindt Sésame grillé - 100g","p":2.35,"u":"23,50 €/KG","img":"https://fd13-photos.leclercdrive.fr/image.ashx?id=2689490&use=l&cat=p&typeid=i","cat":284956},{"id":57772,"n":"Chocolat noir Lindt Création Menthe frappée - 150g","p":3.07,"u":"20,47 €/KG","img":"https://fd13-photos.leclercdrive.fr/image.ashx?id=2685817&use=l&cat=p&typeid=i","cat":284956},{"id":57779,"n":"Capsules café Plantation Espresso n°5 - x16 - 92g","p":2.69,"u":"29,24 €/KG","img":"https://fd13-photos.leclercdrive.fr/image.ashx?id=2294552&use=l&cat=p&typeid=i","cat":293239},{"id":57782,"n":"Capsules café Plantation Cappuccino - 2x8 - 166g","p":3.45,"u":"20,78 €/KG","img":"https://fd13-photos.leclercdrive.fr/image.ashx?id=2607584&use=l&cat=p&typeid=i","cat":293239},{"id":57783,"n":"Capsules café Plantation Espresso forte n°7 - x16 - 105g","p":2.99,"u":"28,48 €/KG","img":"https://fd13-photos.leclercdrive.fr/image.ashx?id=2294558&use=l&cat=p&typeid=i","cat":293239},{"id":57785,"n":"Capsules café Plantation Lungo n°6 - x16 - 99.2g","p":2.69,"u":"27,17 €/KG","img":"https://fd13-photos.leclercdrive.fr/image.ashx?id=2294561&use=l&cat=p&typeid=i","cat":293239},{"id":57786,"n":"Capsules café Plantation Gigante n°5 - x16 - 112g","p":2.99,"u":"26,70 €/KG","img":"https://fd13-photos.leclercdrive.fr/image.ashx?id=2310455&use=l&cat=p&typeid=i","cat":293239},{"id":57796,"n":"Bonbons KINDER Schoko-Bons Chocolat au lait - 300G","p":5.0,"u":"16,67 €/KG","img":"https://fd13-photos.leclercdrive.fr/image.ashx?id=2439692&use=l&cat=p&typeid=i","cat":304238},{"id":57804,"n":"Tomato Ketchup Heinz - 570g","p":2.25,"u":"3,95 €/KG","img":"https://fd13-photos.leclercdrive.fr/image.ashx?id=2924944&use=l&cat=p&typeid=i","cat":284455},{"id":57812,"n":"Petits pots bébé P'TITE RECETTE Couscous 8M+ - 2x200g","p":1.77,"u":"4,43 €/KG","img":"https://fd13-photos.leclercdrive.fr/image.ashx?id=2525696&use=l&cat=p&typeid=i","cat":312236},{"id":57814,"n":"Petits pots bébé P'TITE RECETTE Hachis Parmentier 8M+ - 2x200g","p":1.84,"u":"4,60 €/KG","img":"https://fd13-photos.leclercdrive.fr/image.ashx?id=2629689&use=l&cat=p&typeid=i","cat":312236},{"id":57815,"n":"Petits pots bébé P'TITE RECETTE Spaghetti bolognaise 8m -2x200g","p":1.82,"u":"4,55 €/KG","img":"https://fd13-photos.leclercdrive.fr/image.ashx?id=2629683&use=l&cat=p&typeid=i","cat":312236},{"id":57816,"n":"Petits pots bébé P'TITE RECETTE Pot au feu 8M+ - 2x200g","p":2.19,"u":"5,48 €/KG","img":"https://fd13-photos.leclercdrive.fr/image.ashx?id=2518415&use=l&cat=p&typeid=i","cat":312236},{"id":57821,"n":"Petits pots bébé PTIT SOUPER pâtes courgettes 6M+ - 2x200g","p":2.05,"u":"5,13 €/KG","img":"https://fd13-photos.leclercdrive.fr/image.ashx?id=2526523&use=l&cat=p&typeid=i","cat":312239},{"id":57823,"n":"Petits pots bébé P'TIT SOUPER Carottes semoule 6M+ - 2x200g","p":1.85,"u":"4,63 €/KG","img":"https://fd13-photos.leclercdrive.fr/image.ashx?id=2527109&use=l&cat=p&typeid=i","cat":312239},{"id":57824,"n":"Petits pots bébé P'TIT SOUPER Risotto carottes 12M+ - 2x200g","p":2.18,"u":"5,45 €/KG","img":"https://fd13-photos.leclercdrive.fr/image.ashx?id=2526526&use=l&cat=p&typeid=i","cat":312239},{"id":57850,"n":"Culottes Always Discreet Taille M Plus - x9","p":9.85,"u":"1,09 €/P","img":"https://fd13-photos.leclercdrive.fr/image.ashx?id=2260051&use=l&cat=p&typeid=i","cat":284628},{"id":57883,"n":"Petits pots bébé P'TITE RECETTE  riz dinde 12M+ - 2x200g","p":1.82,"u":"4,55 €/KG","img":"https://fd13-photos.leclercdrive.fr/image.ashx?id=2629686&use=l&cat=p&typeid=i","cat":312237},{"id":57953,"n":"Papier cuisson Albal x16 feuilles","p":2.51,"img":"https://fd13-photos.leclercdrive.fr/image.ashx?id=2551447&use=l&cat=p&typeid=i","cat":334134},{"id":57956,"n":"Serviettes fuites urinaires  TENA Discreet - Mini - x20","p":3.62,"u":"0,18 €/P","img":"https://fd13-photos.leclercdrive.fr/image.ashx?id=2597241&use=l&cat=p&typeid=i","cat":284628},{"id":57983,"n":"Râpe Électrique Velvet Smooth Exfoliante et Contour des Pieds","p":23.9,"u":"Dont 0,17 € d'éco-part.","img":"https://fd13-photos.leclercdrive.fr/image.ashx?id=2465143&use=l&cat=p&typeid=i","cat":325354},{"id":57985,"n":"Gel à raser Williams Hydratant-  200ml","p":2.86,"u":"14,30 €/L","img":"https://fd13-photos.leclercdrive.fr/image.ashx?id=2655364&use=l&cat=p&typeid=i","cat":284617},{"id":57986,"n":"Gel à raser Protect Williams  Anti irritations - 200ml","p":3.05,"u":"15,25 €/L","img":"https://fd13-photos.leclercdrive.fr/image.ashx?id=2792366&use=l&cat=p&typeid=i","cat":284617},{"id":58119,"n":"Madeleines longue pépites sucre Le Ster x20 - 250g","p":1.65,"u":"6,60 €/KG","img":"https://fd13-photos.leclercdrive.fr/image.ashx?id=2962566&use=l&cat=p&typeid=i","cat":284492},{"id":58122,"n":"Colin d'Alaska Findus Façon meuniere - x2 - 250g","p":2.98,"u":"11,92 €/KG","img":"https://fd13-photos.leclercdrive.fr/image.ashx?id=2654914&use=l&cat=p&typeid=i","cat":319788},{"id":58125,"n":"flan dany chocolat 4x100g","p":1.5,"u":"3,75 €/KG","img":"https://fd13-photos.leclercdrive.fr/image.ashx?id=2132316&use=l&cat=p&typeid=i","cat":284414},{"id":58138,"n":"Chocolat Noir Bio village Aux éclats d'amandes Bio - 100g","p":2.19,"u":"21,90 €/KG","img":"https://fd13-photos.leclercdrive.fr/image.ashx?id=2472668&use=l&cat=p&typeid=i","cat":284956},{"id":58139,"n":"Chocolat noir Bio Village Bio Écorce d'oranges - 100g","p":2.15,"u":"21,50 €/KG","img":"https://fd13-photos.leclercdrive.fr/image.ashx?id=2411671&use=l&cat=p&typeid=i","cat":284956},{"id":58141,"n":"Lentilles corail Bio Village Bio - 450g","p":1.97,"u":"4,38 €/KG","img":"https://fd13-photos.leclercdrive.fr/image.ashx?id=3002665&use=l&cat=p&typeid=i","cat":284430},{"id":58143,"n":"Soin de jour L'Oréal Paris Age Perfect anti-âge - 50ml","p":11.97,"pp":7.9,"u":"158,00 €/L","img":"https://fd13-photos.leclercdrive.fr/image.ashx?id=2769744&use=l&cat=p&typeid=i","cat":325345},{"id":58154,"n":"Serpillère Sillage Blanche grand format 60x100","p":2.75,"img":"https://fd13-photos.leclercdrive.fr/image.ashx?id=1297317&use=l&cat=p&typeid=i","cat":284669},{"id":58157,"n":"Balai Elephant  Anti-chocs, ultra-protect - x1","p":7.65,"img":"https://fd13-photos.leclercdrive.fr/image.ashx?id=2571482&use=l&cat=p&typeid=i","cat":284669},{"id":58159,"n":"Lavette Elephant Microfibre multi-usage","p":4.43,"img":"https://fd13-photos.leclercdrive.fr/image.ashx?id=2571479&use=l&cat=p&typeid=i","cat":284667},{"id":58164,"n":"Pelle-balayette Elephant Grande capacité - x1","p":4.99,"img":"https://fd13-photos.leclercdrive.fr/image.ashx?id=2571488&use=l&cat=p&typeid=i","cat":284669},{"id":58174,"n":"Ensemble WC Elephant Sanitized -x 1","p":9.8,"img":"https://fd13-photos.leclercdrive.fr/image.ashx?id=2575549&use=l&cat=p&typeid=i","cat":284669},{"id":58198,"n":"Galettes veggies Céréal Bio Orge Chèvre & Miel Bio - 200g","p":2.71,"u":"13,55 €/KG","img":"https://fd13-photos.leclercdrive.fr/image.ashx?id=2624209&use=l&cat=p&typeid=i","cat":316036},{"id":58201,"n":"Désodorisant Bien Air  Senteur muguet - 300ml","p":1.09,"u":"3,63 €/L","img":"https://fd13-photos.leclercdrive.fr/image.ashx?id=2607942&use=l&cat=p&typeid=i","cat":311626},{"id":58202,"n":"Désodorisant Bien Air Floral - 300ml","p":1.09,"u":"3,63 €/L","img":"https://fd13-photos.leclercdrive.fr/image.ashx?id=2614573&use=l&cat=p&typeid=i","cat":311626},{"id":58205,"n":"Désodorisant Bien Air Vanille - 300ml","p":1.09,"u":"3,63 €/L","img":"https://fd13-photos.leclercdrive.fr/image.ashx?id=2613726&use=l&cat=p&typeid=i","cat":311626},{"id":58214,"n":"Carré gourmand Garden Gourmet Tomates et mozzarella 160g","p":2.35,"u":"14,69 €/KG","img":"https://fd13-photos.leclercdrive.fr/image.ashx?id=3009107&use=l&cat=p&typeid=i","cat":316036},{"id":58218,"n":"Croissants Côté Table Jambon emmental - 2x170g","p":2.92,"u":"8,59 €/KG","img":"https://fd13-photos.leclercdrive.fr/image.ashx?id=2885128&use=l&cat=p&typeid=i","cat":333671},{"id":58220,"n":"Quenelles Côté Table x6 - 240g","p":1.21,"u":"5,04 €/KG","img":"https://fd13-photos.leclercdrive.fr/image.ashx?id=1944237&use=l&cat=p&typeid=i","cat":333682},{"id":58232,"n":"Pâte feuilletée Tablier Blanc Rectangulaire - 230g","p":1.14,"u":"4,96 €/KG","img":"https://fd13-photos.leclercdrive.fr/image.ashx?id=2635931&use=l&cat=p&typeid=i","cat":333681},{"id":58261,"n":"Bière Myrtille 5.8%vol - 75cl","p":4.65,"u":"6,20 €/L","img":"https://fd13-photos.leclercdrive.fr/image.ashx?id=2514370&use=l&cat=p&typeid=i","cat":334872},{"id":58314,"n":"Verrines tartare de concombre et surimi x6 pièces - 270g","p":6.3,"u":"23,33 €/KG","img":"https://fd13-photos.leclercdrive.fr/image.ashx?id=2331402&use=l&cat=p&typeid=i","cat":316003},{"id":58365,"n":"Tartelettes Chocolat P'tit Déli Fourrées au lait - 225g","p":1.39,"u":"6,18 €/KG","img":"https://fd13-photos.leclercdrive.fr/image.ashx?id=2523715&use=l&cat=p&typeid=i","cat":284488},{"id":58428,"n":"Sachet fraicheur chat Sheba Boeuf poulet en sauce - 6x50g","p":2.59,"u":"8,63 €/KG","img":"https://fd13-photos.leclercdrive.fr/image.ashx?id=2895927&use=l&cat=p&typeid=i","cat":285286},{"id":58444,"n":"Cacahuètes Benenuts-Twinuts Nature format familial - 260g","p":1.92,"u":"7,38 €/KG","img":"https://fd13-photos.leclercdrive.fr/image.ashx?id=2967744&use=l&cat=p&typeid=i","cat":284448},{"id":58449,"n":"Tomates pelées entières D'aucy 238g","p":1.01,"u":"4,24 €/KG","img":"https://fd13-photos.leclercdrive.fr/image.ashx?id=2503425&use=l&cat=p&typeid=i","cat":312608},{"id":58450,"n":"Tomates pelées entières D'aucy 476g","p":1.62,"u":"3,40 €/KG","img":"https://fd13-photos.leclercdrive.fr/image.ashx?id=2751996&use=l&cat=p&typeid=i","cat":312608},{"id":58451,"n":"Sachets repas chats Gourmet Mon Petit - Poisson - 6x50g","p":2.48,"u":"8,27 €/KG","img":"https://fd13-photos.leclercdrive.fr/image.ashx?id=2899686&use=l&cat=p&typeid=i","cat":285286},{"id":58457,"n":"Sachet repas chats Gourmet 12x85g","p":6.68,"u":"6,55 €/KG","img":"https://fd13-photos.leclercdrive.fr/image.ashx?id=2901124&use=l&cat=p&typeid=i","cat":285286},{"id":58459,"n":"Croquettes chat Purina One Adulte - Boeuf/Céréales - 1.5Kg","p":6.76,"u":"4,51 €/KG","img":"https://fd13-photos.leclercdrive.fr/image.ashx?id=2433548&use=l&cat=p&typeid=i","cat":284680},{"id":58463,"n":"Gâche tranchée La Fournée Dorée 500g","p":2.17,"u":"4,34 €/KG","img":"https://fd13-photos.leclercdrive.fr/image.ashx?id=2277956&use=l&cat=p&typeid=i","cat":284478},{"id":58496,"n":"Bière blonde Heineken 6x33cl","p":7.33,"u":"3,70 €/L","img":"https://fd13-photos.leclercdrive.fr/image.ashx?id=3008107&use=l&cat=p&typeid=i","cat":334873},{"id":58505,"n":"Bière blonde Heineken Sans alcool - 6x25cl","p":4.31,"u":"2,87 €/L","img":"https://fd13-photos.leclercdrive.fr/image.ashx?id=2948528&use=l&cat=p&typeid=i","cat":334877},{"id":58510,"n":"Jambon cru fumé Eco+ 14 tranches - 200g","p":1.96,"u":"9,80 €/KG","img":"https://fd13-photos.leclercdrive.fr/image.ashx?id=2779172&use=l&cat=p&typeid=i","cat":316007},{"id":58525,"n":"Salade choux rouge  Menu fraîcheur - 300g","p":1.81,"u":"6,03 €/KG","img":"https://fd13-photos.leclercdrive.fr/image.ashx?id=2645951&use=l&cat=p&typeid=i","cat":333657},{"id":58548,"n":"Sachets repas chats Purina One Sauce boeuf poulet x4 - 340g","p":2.0,"u":"5,88 €/KG","img":"https://fd13-photos.leclercdrive.fr/image.ashx?id=2468239&use=l&cat=p&typeid=i","cat":285286},{"id":58577,"n":"Dessert bébé lacté Blédina 6m Abricot - 6x55g","p":2.07,"u":"6,27 €/KG","img":"https://fd13-photos.leclercdrive.fr/image.ashx?id=2952448&use=l&cat=p&typeid=i","cat":312392},{"id":58578,"n":"Dessert bébé lacté Blédina 6m Fraise - 6x55g","p":2.24,"u":"6,79 €/KG","img":"https://fd13-photos.leclercdrive.fr/image.ashx?id=2952451&use=l&cat=p&typeid=i","cat":312392},{"id":58621,"n":"Asperges blanches Géant Vert mini - 110g","p":2.4,"u":"21,82 €/KG","img":"https://fd13-photos.leclercdrive.fr/image.ashx?id=2840554&use=l&cat=p&typeid=i","cat":312611},{"id":58625,"n":"Cœurs de palmiers Géant Vert - 220g","p":3.56,"u":"16,18 €/KG","img":"https://fd13-photos.leclercdrive.fr/image.ashx?id=2840560&use=l&cat=p&typeid=i","cat":312611},{"id":58626,"n":"Coeurs d'artichauts Géant Vert - 240g","p":2.87,"u":"11,96 €/KG","img":"https://fd13-photos.leclercdrive.fr/image.ashx?id=2840566&use=l&cat=p&typeid=i","cat":312611},{"id":58628,"n":"Galettes riz bio bjorg  Complet  - 130g","p":1.37,"u":"10,54 €/KG","img":"https://fd13-photos.leclercdrive.fr/image.ashx?id=2978002&use=l&cat=p&typeid=i","cat":318651},{"id":58629,"n":"galettes de maïs bio bjorg Extra fines - 130g","p":1.39,"u":"10,69 €/KG","img":"https://fd13-photos.leclercdrive.fr/image.ashx?id=2978005&use=l&cat=p&typeid=i","cat":318651},{"id":58646,"n":"Fromage AOP Comté Jura Flore 9 mois - 200g","p":4.11,"u":"20,55 €/KG","img":"https://fd13-photos.leclercdrive.fr/image.ashx?id=2765243&use=l&cat=p&typeid=i","cat":314036},{"id":58652,"n":"Pizza à partager Turini 3 fromages - 500g","p":2.79,"u":"5,58 €/KG","img":"https://fd13-photos.leclercdrive.fr/image.ashx?id=2816588&use=l&cat=p&typeid=i","cat":284256},{"id":58655,"n":"Poêlée fermière Notre Jardin 750g","p":2.89,"u":"3,85 €/KG","img":"https://fd13-photos.leclercdrive.fr/image.ashx?id=1985149&use=l&cat=p&typeid=i","cat":319823},{"id":58682,"n":"Myrtilles Fruistar 650g","p":5.99,"u":"9,22 €/KG","img":"https://fd13-photos.leclercdrive.fr/image.ashx?id=2072620&use=l&cat=p&typeid=i","cat":284268},{"id":58686,"n":"Mini moelleux au chocolat Autour du Dessert - 8x24g","p":4.79,"u":"24,95 €/KG","img":"https://fd13-photos.leclercdrive.fr/image.ashx?id=2922941&use=l&cat=p&typeid=i","cat":284267},{"id":58715,"n":"Mini croque monsieur Côté Table x20 - 240g","p":4.64,"u":"19,33 €/KG","img":"https://fd13-photos.leclercdrive.fr/image.ashx?id=2217167&use=l&cat=p&typeid=i","cat":319774},{"id":58740,"n":"Haché à cuisiner Charal Happy Family - 600g","p":7.65,"u":"12,75 €/KG","img":"https://fd13-photos.leclercdrive.fr/image.ashx?id=2977330&use=l&cat=p&typeid=i","cat":319779},{"id":58939,"n":"Yaourt à boire Actimel fraise - 12x100g","p":4.01,"u":"3,34 €/KG","img":"https://fd13-photos.leclercdrive.fr/image.ashx?id=2996458&use=l&cat=p&typeid=i","cat":284415},{"id":58944,"n":"Yaourts à boire Actimel Nature - 12x100g","p":3.95,"u":"3,29 €/KG","img":"https://fd13-photos.leclercdrive.fr/image.ashx?id=2996461&use=l&cat=p&typeid=i","cat":284415},{"id":58946,"n":"Yaourts à boire Actimel Multifruits - 8x100g","p":3.34,"u":"4,18 €/KG","img":"https://fd13-photos.leclercdrive.fr/image.ashx?id=2996464&use=l&cat=p&typeid=i","cat":284415},{"id":58952,"n":"Yaourts à boire Actimel framboise fruit rouge - 12x100g","p":5.04,"u":"4,20 €/KG","img":"https://fd13-photos.leclercdrive.fr/image.ashx?id=2996476&use=l&cat=p&typeid=i","cat":284415},{"id":59027,"n":"Dessert fruitier bio Jardin Bio Pomme nature - 680g","p":2.89,"u":"4,25 €/KG","img":"https://fd13-photos.leclercdrive.fr/image.ashx?id=2999297&use=l&cat=p&typeid=i","cat":284508},{"id":59038,"n":"Café moulu L'Or Intense 100% Arabica - 2x250g","p":8.52,"u":"17,04 €/KG","img":"https://fd13-photos.leclercdrive.fr/image.ashx?id=2020062&use=l&cat=p&typeid=i","cat":284750},{"id":59041,"n":"Céréales Extra Kellogg's Chocolat au lait - 800g","p":4.88,"u":"6,10 €/KG","img":"https://fd13-photos.leclercdrive.fr/image.ashx?id=2694941&use=l&cat=p&typeid=i","cat":309512},{"id":59091,"n":"Gousse vanille Vahiné Papouasie - 3g","p":4.5,"img":"https://fd13-photos.leclercdrive.fr/image.ashx?id=2559877&use=l&cat=p&typeid=i","cat":284504},{"id":59235,"n":"Café dosettes Tassimo L'Or Café Long Classique x24","p":6.68,"u":"42,82 €/KG","img":"https://fd13-photos.leclercdrive.fr/image.ashx?id=2100356&use=l&cat=p&typeid=i","cat":293240},{"id":59242,"n":"Gourde bébé Babybio Bio 6 mois Abricot/banane/pomme - 360g","p":3.31,"u":"9,19 €/KG","img":"https://fd13-photos.leclercdrive.fr/image.ashx?id=2850548&use=l&cat=p&typeid=i","cat":312393},{"id":59249,"n":"Huile de coco Jardin Bio Bio - 200ml","p":3.69,"u":"18,45 €/L","img":"https://fd13-photos.leclercdrive.fr/image.ashx?id=2790135&use=l&cat=p&typeid=i","cat":284453},{"id":59252,"n":"Café dosettes Tassimo Maxwell House - caramel x8","p":5.93,"u":"22,13 €/KG","img":"https://fd13-photos.leclercdrive.fr/image.ashx?id=2100254&use=l&cat=p&typeid=i","cat":293240},{"id":59253,"n":"Café dosettes Tassimo L'Or Petit Déjeuner Classique x24","p":8.02,"u":"40,30 €/KG","img":"https://fd13-photos.leclercdrive.fr/image.ashx?id=2100365&use=l&cat=p&typeid=i","cat":293240},{"id":59257,"n":"Café dosettes Tassimo Grand-mère - petit déjeuner x16","p":3.51,"u":"26,39 €/KG","img":"https://fd13-photos.leclercdrive.fr/image.ashx?id=2100359&use=l&cat=p&typeid=i","cat":293240},{"id":59284,"n":"Maoam Mixx Haribo Sachet bonbons - 250g","p":1.88,"u":"7,52 €/KG","img":"https://fd13-photos.leclercdrive.fr/image.ashx?id=2876956&use=l&cat=p&typeid=i","cat":304250},{"id":59287,"n":"Cornichons Rustica 6 épices - 360g","p":2.31,"u":"6,42 €/KG","img":"https://fd13-photos.leclercdrive.fr/image.ashx?id=2916710&use=l&cat=p&typeid=i","cat":284458},{"id":59288,"n":"IGP Gros sel - Le Guérandais Sachet - 800g","p":1.17,"u":"1,46 €/KG","img":"https://fd13-photos.leclercdrive.fr/image.ashx?id=2458622&use=l&cat=p&typeid=i","cat":284457},{"id":59291,"n":"Sauce bolognaise Bio Village  Bio - 350g","p":1.69,"u":"4,83 €/KG","img":"https://fd13-photos.leclercdrive.fr/image.ashx?id=2753381&use=l&cat=p&typeid=i","cat":287599},{"id":59292,"n":"Œufs au plat Haribo Sachet bonbons - 300g","p":1.59,"u":"5,30 €/KG","img":"https://fd13-photos.leclercdrive.fr/image.ashx?id=2984892&use=l&cat=p&typeid=i","cat":304250},{"id":59293,"n":"Sauce provençale Bio Village  Bio - 350g","p":1.63,"u":"4,66 €/KG","img":"https://fd13-photos.leclercdrive.fr/image.ashx?id=2712995&use=l&cat=p&typeid=i","cat":287599},{"id":59296,"n":"Sauce tomate Bio Village  Basilic bio - 350g","p":1.63,"u":"4,66 €/KG","img":"https://fd13-photos.leclercdrive.fr/image.ashx?id=2696289&use=l&cat=p&typeid=i","cat":287599},{"id":59299,"n":"Bonbons KINDER Schoko-Bons Chocolat au lait - 225G","p":3.45,"u":"15,33 €/KG","img":"https://fd13-photos.leclercdrive.fr/image.ashx?id=2679633&use=l&cat=p&typeid=i","cat":304238},{"id":59311,"n":"Olives Apéro Tramier  À l'Ail 150g","p":2.47,"u":"16,47 €/KG","img":"https://fd13-photos.leclercdrive.fr/image.ashx?id=2639299&use=l&cat=p&typeid=i","cat":284458},{"id":59314,"n":"Huile d'Olive Tramier  Vierge Extra Biologique 75cl","p":8.99,"u":"11,99 €/L","img":"https://fd13-photos.leclercdrive.fr/image.ashx?id=2803916&use=l&cat=p&typeid=i","cat":284453},{"id":59318,"n":"Caserecce Tradizioni d'Italia N°168 - 500g","p":1.69,"u":"3,38 €/KG","img":"https://fd13-photos.leclercdrive.fr/image.ashx?id=2657313&use=l&cat=p&typeid=i","cat":284427},{"id":59319,"n":"Penne rigate Tradizioni Italia N°133 - 500g","p":1.52,"u":"3,04 €/KG","img":"https://fd13-photos.leclercdrive.fr/image.ashx?id=2297500&use=l&cat=p&typeid=i","cat":284427},{"id":59324,"n":"Pipe rigate Tradizioni d'Italia N°179 - 500g","p":1.59,"u":"3,18 €/KG","img":"https://fd13-photos.leclercdrive.fr/image.ashx?id=2657319&use=l&cat=p&typeid=i","cat":284427},{"id":59336,"n":"Barquette chien Cesar Terrine poulet - 300g","p":1.63,"u":"5,43 €/KG","img":"https://fd13-photos.leclercdrive.fr/image.ashx?id=2091323&use=l&cat=p&typeid=i","cat":284673},{"id":59339,"n":"Barquette chien sénior Cesar Terrine en gelée - 4x150g","p":3.95,"u":"6,58 €/KG","img":"https://fd13-photos.leclercdrive.fr/image.ashx?id=2091320&use=l&cat=p&typeid=i","cat":284673},{"id":59340,"n":"Barquette chien Cesar Terrine cœur légumes - 4x150g","p":3.66,"u":"6,10 €/KG","img":"https://fd13-photos.leclercdrive.fr/image.ashx?id=2091317&use=l&cat=p&typeid=i","cat":284673},{"id":59341,"n":"Barquette chien Cesar Terrine du jardin - 4x150g","p":3.57,"u":"5,95 €/KG","img":"https://fd13-photos.leclercdrive.fr/image.ashx?id=2091314&use=l&cat=p&typeid=i","cat":284673},{"id":59343,"n":"Pâtes Tradizioni d'Italia Linguine n°121 - 500g","p":1.52,"u":"3,04 €/KG","img":"https://fd13-photos.leclercdrive.fr/image.ashx?id=2657322&use=l&cat=p&typeid=i","cat":284427},{"id":59345,"n":"Rigatoni Tradizioni d'Italia N°124 - 500g","p":1.69,"u":"3,38 €/KG","img":"https://fd13-photos.leclercdrive.fr/image.ashx?id=2657325&use=l&cat=p&typeid=i","cat":284427},{"id":59348,"n":"Taralli pouille Huile d'olive - 400g","p":3.08,"u":"7,70 €/KG","img":"https://fd13-photos.leclercdrive.fr/image.ashx?id=2670524&use=l&cat=p&typeid=i","cat":297000},{"id":59382,"n":"Grissini Grangrissi 300g","p":2.61,"u":"8,70 €/KG","img":"https://fd13-photos.leclercdrive.fr/image.ashx?id=1952946&use=l&cat=p&typeid=i","cat":297000},{"id":59426,"n":"Biscuits petit déjeuner Belvita Chocolat noisettes - 253g","p":2.26,"u":"8,93 €/KG","img":"https://fd13-photos.leclercdrive.fr/image.ashx?id=2346681&use=l&cat=p&typeid=i","cat":284491},{"id":59485,"n":"Bière Anosteke IPA Blonde - 75cl","p":4.57,"u":"6,09 €/L","img":"https://fd13-photos.leclercdrive.fr/image.ashx?id=2736166&use=l&cat=p&typeid=i","cat":334872},{"id":59494,"n":"Bière Anosteke Blonde 75cl","p":4.72,"u":"6,29 €/L","img":"https://fd13-photos.leclercdrive.fr/image.ashx?id=2433136&use=l&cat=p&typeid=i","cat":334872},{"id":59495,"n":"Bière Anosteke Prestige Ambrée - 75cl","p":4.75,"u":"6,33 €/L","img":"https://fd13-photos.leclercdrive.fr/image.ashx?id=1758772&use=l&cat=p&typeid=i","cat":334872},{"id":59508,"n":"Bière Delirium Tremens Blonde 75cl","p":6.11,"u":"8,15 €/L","img":"https://fd13-photos.leclercdrive.fr/image.ashx?id=1868263&use=l&cat=p&typeid=i","cat":334872},{"id":59539,"n":"Pêches Douceur du Verger Sirop léger - 230 g","p":1.26,"u":"5,48 €/KG","img":"https://fd13-photos.leclercdrive.fr/image.ashx?id=2313187&use=l&cat=p&typeid=i","cat":284507},{"id":59553,"n":"Croustilles  Belin  Emmental - 138g","p":1.23,"u":"8,91 €/KG","img":"https://fd13-photos.leclercdrive.fr/image.ashx?id=3002267&use=l&cat=p&typeid=i","cat":284449},{"id":59556,"n":"Croustilles Belin Cacahuète - 138g","p":1.34,"u":"9,71 €/KG","img":"https://fd13-photos.leclercdrive.fr/image.ashx?id=3002270&use=l&cat=p&typeid=i","cat":284449},{"id":59563,"n":"Galette de maïs GERBLE Chocolat au lait - 124g","p":1.71,"u":"13,79 €/KG","img":"https://fd13-photos.leclercdrive.fr/image.ashx?id=2664034&use=l&cat=p&typeid=i","cat":318651},{"id":59564,"n":"Galette riz chocolat Gerblé   Chocolat noir - 130,4g","p":1.7,"u":"13,08 €/KG","img":"https://fd13-photos.leclercdrive.fr/image.ashx?id=2664037&use=l&cat=p&typeid=i","cat":318651},{"id":59565,"n":"Pâte à tartiner Nustikao 1kg","p":4.25,"u":"4,25 €/KG","img":"https://fd13-photos.leclercdrive.fr/image.ashx?id=3012860&use=l&cat=p&typeid=i","cat":284481},{"id":59589,"n":"Boisson base vodka Eristoff Red 18° - 70cl","p":12.94,"u":"18,49 €/L","img":"https://fd13-photos.leclercdrive.fr/image.ashx?id=2858258&use=l&cat=p&typeid=i","cat":284550},{"id":59591,"n":"Boisson base vodka Eristoff Black 18° - 70cl","p":12.98,"u":"18,54 €/L","img":"https://fd13-photos.leclercdrive.fr/image.ashx?id=2842882&use=l&cat=p&typeid=i","cat":284550},{"id":59601,"n":"Bière blonde 3 Monts 6x33cl","p":7.87,"u":"3,97 €/L","img":"https://fd13-photos.leclercdrive.fr/image.ashx?id=2548189&use=l&cat=p&typeid=i","cat":334852},{"id":59609,"n":"Cinzano Spritz  6,7%vol - 75cl","p":7.28,"u":"9,71 €/L","img":"https://fd13-photos.leclercdrive.fr/image.ashx?id=2998919&use=l&cat=p&typeid=i","cat":284913},{"id":59655,"n":"Dentifrice Email Diamant Rouge - 75ml","p":3.83,"u":"51,07 €/L","img":"https://fd13-photos.leclercdrive.fr/image.ashx?id=1781297&use=l&cat=p&typeid=i","cat":284612},{"id":59695,"n":"Yaourt à la grecque YAOS Vanille - 4x125g","p":2.71,"u":"5,42 €/KG","img":"https://fd13-photos.leclercdrive.fr/image.ashx?id=3007972&use=l&cat=p&typeid=i","cat":314999},{"id":59713,"n":"Gros cornichons Rustica  Aigre doux - 850g","p":2.69,"u":"3,16 €/KG","img":"https://fd13-photos.leclercdrive.fr/image.ashx?id=2916707&use=l&cat=p&typeid=i","cat":284458},{"id":59714,"n":"Cacahuètes Tokapi  Grillées à sec - 200g","p":0.78,"u":"3,90 €/KG","img":"https://fd13-photos.leclercdrive.fr/image.ashx?id=2799781&use=l&cat=p&typeid=i","cat":284448},{"id":59715,"n":"Double concentré de tomates Tube - 200g","p":1.35,"u":"6,75 €/KG","img":"https://fd13-photos.leclercdrive.fr/image.ashx?id=2072728&use=l&cat=p&typeid=i","cat":288384},{"id":59717,"n":"Saucisse grillée Purée pomme de terre La Cuisine d'Océane 300g","p":2.75,"u":"9,17 €/KG","img":"https://fd13-photos.leclercdrive.fr/image.ashx?id=2962338&use=l&cat=p&typeid=i","cat":284953},{"id":59718,"n":"Saumon tagliatelles D'Aucy Micro-ondes - 300g","p":2.83,"u":"9,43 €/KG","img":"https://fd13-photos.leclercdrive.fr/image.ashx?id=2117168&use=l&cat=p&typeid=i","cat":284953},{"id":59722,"n":"Crème légère semi-épaisse  Bridélice 18%mg - 3x20cl","p":2.41,"u":"4,02 €/L","img":"https://fd13-photos.leclercdrive.fr/image.ashx?id=2904733&use=l&cat=p&typeid=i","cat":284381},{"id":59730,"n":"Blinis Cocktail Blini  x16 - 135g","p":1.36,"u":"10,07 €/KG","img":"https://fd13-photos.leclercdrive.fr/image.ashx?id=2971020&use=l&cat=p&typeid=i","cat":285191},{"id":59774,"n":"Sérum physiologique Biolane 30x5ml","p":3.66,"u":"24,40 €/L","img":"https://fd13-photos.leclercdrive.fr/image.ashx?id=2733232&use=l&cat=p&typeid=i","cat":284741},{"id":59832,"n":"Secret de crème Président Semi-épaisse 25%mg - 3x20cl","p":4.12,"u":"6,87 €/L","img":"https://fd13-photos.leclercdrive.fr/image.ashx?id=2699861&use=l&cat=p&typeid=i","cat":284381},{"id":59952,"n":"Cocotte ovale Pyrex  En verre - 5.8L","p":23.9,"img":"https://fd13-photos.leclercdrive.fr/image.ashx?id=2576910&use=l&cat=p&typeid=i","cat":298490},{"id":59978,"n":"Gomme Bic Effaçage doux - 1 pièce","p":0.9,"img":"https://fd13-photos.leclercdrive.fr/image.ashx?id=2239429&use=l&cat=p&typeid=i","cat":334133},{"id":59979,"n":"Stylo Roller rechargeable Pilot Rétractable encre effaçable","p":2.88,"img":"https://fd13-photos.leclercdrive.fr/image.ashx?id=2535816&use=l&cat=p&typeid=i","cat":284696},{"id":60000,"n":"Biscuits Karelea Palmier - 100g","p":2.29,"u":"22,90 €/KG","img":"https://fd13-photos.leclercdrive.fr/image.ashx?id=2896357&use=l&cat=p&typeid=i","cat":284487},{"id":60029,"n":"Brioche Harrys Mini Tressée Nature au sucre perlé - 210g","p":2.0,"u":"9,52 €/KG","img":"https://fd13-photos.leclercdrive.fr/image.ashx?id=2667742&use=l&cat=p&typeid=i","cat":284478},{"id":60051,"n":"Gâteaux Lulu L'Ourson Fraise - 150g","p":1.44,"u":"9,60 €/KG","img":"https://fd13-photos.leclercdrive.fr/image.ashx?id=3008050&use=l&cat=p&typeid=i","cat":284495},{"id":60068,"n":"Pavé Gourmand Garden Gourmet Courgettes Fromage 180g","p":3.32,"u":"18,44 €/KG","img":"https://fd13-photos.leclercdrive.fr/image.ashx?id=2973294&use=l&cat=p&typeid=i","cat":316036},{"id":60106,"n":"Spray tropic Cinq sur cinq Anti-moustiques - 100ml","p":7.43,"u":"74,30 €/L","img":"https://fd13-photos.leclercdrive.fr/image.ashx?id=2087160&use=l&cat=p&typeid=i","cat":290402},{"id":60128,"n":"Crème dessert bio les 2 vaches fondant chocolat - 4x125g","p":2.18,"u":"4,36 €/KG","img":"https://fd13-photos.leclercdrive.fr/image.ashx?id=2774012&use=l&cat=p&typeid=i","cat":285041},{"id":60138,"n":"Bûche de chèvre Bio Soignon 180g","p":3.12,"u":"17,33 €/KG","img":"https://fd13-photos.leclercdrive.fr/image.ashx?id=2676741&use=l&cat=p&typeid=i","cat":314031},{"id":60140,"n":"Falafels Céréal Bio  Pois chiches épinards Bio- 180g","p":2.82,"u":"15,67 €/KG","img":"https://fd13-photos.leclercdrive.fr/image.ashx?id=2657430&use=l&cat=p&typeid=i","cat":316036},{"id":60165,"n":"Boisson végétale Alpro noisette - 1l","p":2.2,"u":"2,20 €/L","img":"https://fd13-photos.leclercdrive.fr/image.ashx?id=2849602&use=l&cat=p&typeid=i","cat":316067},{"id":60168,"n":"fromage blanc jockey Nature 3%MG - 8x100g","p":2.55,"u":"3,19 €/KG","img":"https://fd13-photos.leclercdrive.fr/image.ashx?id=2230369&use=l&cat=p&typeid=i","cat":284409},{"id":60171,"n":"boisson végétale lait d'amande grillée alpro -1l","p":2.16,"u":"2,16 €/L","img":"https://fd13-photos.leclercdrive.fr/image.ashx?id=2988671&use=l&cat=p&typeid=i","cat":316067},{"id":60174,"n":"Madeleine Bonne Maman  Chocolat au lait x10 - 300g","p":3.38,"u":"11,27 €/KG","img":"https://fd13-photos.leclercdrive.fr/image.ashx?id=2949940&use=l&cat=p&typeid=i","cat":284492},{"id":60175,"n":"Madeleines St Michel  Oeuf en plein air - 1kg","p":3.92,"u":"3,92 €/KG","img":"https://fd13-photos.leclercdrive.fr/image.ashx?id=2936194&use=l&cat=p&typeid=i","cat":284492},{"id":60192,"n":"Pancakes Le Ster  x8 - 280g","p":2.26,"u":"8,07 €/KG","img":"https://fd13-photos.leclercdrive.fr/image.ashx?id=2827215&use=l&cat=p&typeid=i","cat":284495},{"id":60258,"n":"AOP Côteaux Varois en Provence Rosé Estandon Lumière - 75cl","p":7.38,"u":"9,84 €/L","img":"https://fd13-photos.leclercdrive.fr/image.ashx?id=2889460&use=l&cat=p&typeid=i","cat":289558},{"id":60276,"n":"Champagne Canard Duchêne Réserve Brut - 75cl","p":25.99,"u":"34,65 €/L","img":"https://fd13-photos.leclercdrive.fr/image.ashx?id=2757256&use=l&cat=p&typeid=i","cat":284542},{"id":60382,"n":"Soin de jour L'Oréal Paris Age Perfect anti-rides - 50ml","p":11.97,"pp":7.9,"u":"158,00 €/L","img":"https://fd13-photos.leclercdrive.fr/image.ashx?id=2860355&use=l&cat=p&typeid=i","cat":325345},{"id":60480,"n":"Anosteke saison  75cl","p":4.63,"u":"6,17 €/L","img":"https://fd13-photos.leclercdrive.fr/image.ashx?id=2736163&use=l&cat=p&typeid=i","cat":334872},{"id":60587,"n":"Bûche de chèvre Président 180g","p":1.99,"u":"11,06 €/KG","img":"https://fd13-photos.leclercdrive.fr/image.ashx?id=2454088&use=l&cat=p&typeid=i","cat":314031},{"id":60588,"n":"Emmental Président 250g","p":2.8,"u":"11,20 €/KG","img":"https://fd13-photos.leclercdrive.fr/image.ashx?id=2752942&use=l&cat=p&typeid=i","cat":314034},{"id":60637,"n":"Matière grasse St Hubert 41 à tartiner - 38% MG - 500g","p":3.76,"u":"7,52 €/KG","img":"https://fd13-photos.leclercdrive.fr/image.ashx?id=2734147&use=l&cat=p&typeid=i","cat":315229},{"id":60693,"n":"Chocolat au lait Alter Eco Caramel beurre salé bio - 100g","p":3.12,"u":"31,20 €/KG","img":"https://fd13-photos.leclercdrive.fr/image.ashx?id=2923016&use=l&cat=p&typeid=i","cat":284497},{"id":60774,"n":"Bière blonde Leffe 6,6% - 6x25cl","p":4.83,"u":"3,22 €/L","img":"https://fd13-photos.leclercdrive.fr/image.ashx?id=2995421&use=l&cat=p&typeid=i","cat":334852},{"id":60775,"n":"Dés de jambon Herta  2x75g","p":2.16,"u":"14,40 €/KG","img":"https://fd13-photos.leclercdrive.fr/image.ashx?id=2877133&use=l&cat=p&typeid=i","cat":316011},{"id":60777,"n":"Brique de brebis Lou Pérac Fromage de brebis - 150g","p":2.86,"u":"19,07 €/KG","img":"https://fd13-photos.leclercdrive.fr/image.ashx?id=2785154&use=l&cat=p&typeid=i","cat":314031},{"id":60890,"n":"Chaussée aux moines 340g","p":2.89,"u":"8,50 €/KG","img":"https://fd13-photos.leclercdrive.fr/image.ashx?id=2830030&use=l&cat=p&typeid=i","cat":329184},{"id":60891,"n":"Camembert Président 250g","p":1.76,"u":"7,04 €/KG","img":"https://fd13-photos.leclercdrive.fr/image.ashx?id=2878873&use=l&cat=p&typeid=i","cat":314033},{"id":60892,"n":"Emmental râpé fondant Président 200g","p":2.05,"u":"10,25 €/KG","img":"https://fd13-photos.leclercdrive.fr/image.ashx?id=2488455&use=l&cat=p&typeid=i","cat":314035},{"id":60893,"n":"Brique fondante Président Fondante - 200g","p":2.42,"u":"12,10 €/KG","img":"https://fd13-photos.leclercdrive.fr/image.ashx?id=2652840&use=l&cat=p&typeid=i","cat":314033},{"id":60930,"n":"Thé Earl Grey Twinings x25 sachets - 50g","p":2.06,"u":"41,20 €/KG","img":"https://fd13-photos.leclercdrive.fr/image.ashx?id=2889817&use=l&cat=p&typeid=i","cat":293233},{"id":60931,"n":"Thé Ceylan Scotland Twinings x20 - 40g","p":2.5,"u":"62,50 €/KG","img":"https://fd13-photos.leclercdrive.fr/image.ashx?id=2893024&use=l&cat=p&typeid=i","cat":293233},{"id":60957,"n":"Boisson énergisante Red Bull Goût Myrtille, 250ml","p":1.2,"u":"4,80 €/L","img":"https://fd13-photos.leclercdrive.fr/image.ashx?id=2174528&use=l&cat=p&typeid=i","cat":284533},{"id":60974,"n":"Pur jus Tropicana Orange Pure Premium Sans pulpe - 1L","p":2.55,"u":"2,55 €/L","img":"https://fd13-photos.leclercdrive.fr/image.ashx?id=2586186&use=l&cat=p&typeid=i","cat":284521},{"id":60978,"n":"Roquefort AOP Société Fromage de brebis - 150g","p":2.93,"u":"19,53 €/KG","img":"https://fd13-photos.leclercdrive.fr/image.ashx?id=2729713&use=l&cat=p&typeid=i","cat":314032},{"id":61019,"n":"Camembert de Campagne Président 250g","p":2.46,"u":"9,84 €/KG","img":"https://fd13-photos.leclercdrive.fr/image.ashx?id=2892559&use=l&cat=p&typeid=i","cat":314033},{"id":61021,"n":"Risotto champignon poulet Marie 900g","p":4.56,"u":"5,07 €/KG","img":"https://fd13-photos.leclercdrive.fr/image.ashx?id=2996755&use=l&cat=p&typeid=i","cat":284254},{"id":61166,"n":"Mousse Maronsui's La Laitière Crème de marrons 8x68,8g","p":3.4,"u":"6,18 €/KG","img":"https://fd13-photos.leclercdrive.fr/image.ashx?id=3010969&use=l&cat=p&typeid=i","cat":284417},{"id":61169,"n":"Petit suisse NESQUIK Chocolat 6x60g","p":1.56,"u":"4,33 €/KG","img":"https://fd13-photos.leclercdrive.fr/image.ashx?id=3007933&use=l&cat=p&typeid=i","cat":284414},{"id":61172,"n":"Yaourts à la Grecque Délisse Citron - 4x150g","p":2.38,"u":"3,97 €/KG","img":"https://fd13-photos.leclercdrive.fr/image.ashx?id=2699714&use=l&cat=p&typeid=i","cat":314999},{"id":61215,"n":"Chips Tuiles Pringles Emmental - 175g","p":2.35,"u":"13,43 €/KG","img":"https://fd13-photos.leclercdrive.fr/image.ashx?id=2830885&use=l&cat=p&typeid=i","cat":287899},{"id":61293,"n":"Boisson Jafaden Orange carotte citron - 1L","p":1.89,"u":"1,89 €/L","img":"https://fd13-photos.leclercdrive.fr/image.ashx?id=2956753&use=l&cat=p&typeid=i","cat":284917},{"id":61596,"n":"Sauce au poivre Rustica Pot - 245g","p":1.13,"u":"4,61 €/KG","img":"https://fd13-photos.leclercdrive.fr/image.ashx?id=2045124&use=l&cat=p&typeid=i","cat":318430},{"id":61597,"n":"Sauce bourguignonne Rustica Pot - 250g","p":1.01,"u":"4,04 €/KG","img":"https://fd13-photos.leclercdrive.fr/image.ashx?id=1961467&use=l&cat=p&typeid=i","cat":318430},{"id":61605,"n":"Sauce barbecue Rustica Flacon souple - 280g","p":1.39,"u":"4,96 €/KG","img":"https://fd13-photos.leclercdrive.fr/image.ashx?id=2559704&use=l&cat=p&typeid=i","cat":318431},{"id":61613,"n":"Sauce Pommes frites  Amora 448g","p":2.33,"u":"5,20 €/KG","img":"https://fd13-photos.leclercdrive.fr/image.ashx?id=2738227&use=l&cat=p&typeid=i","cat":318431},{"id":61619,"n":"Moutarde Maille Pointe d'épice - 340g","p":2.58,"u":"7,59 €/KG","img":"https://fd13-photos.leclercdrive.fr/image.ashx?id=2076212&use=l&cat=p&typeid=i","cat":288850},{"id":61626,"n":"Cocktail Douceur du Verger 4 fruits - Sirop léger - 250 g","p":1.5,"u":"6,00 €/KG","img":"https://fd13-photos.leclercdrive.fr/image.ashx?id=2783026&use=l&cat=p&typeid=i","cat":284507},{"id":61631,"n":"Cocktail Douceur du Verger 4 fruits - Sirop léger- 500g","p":1.99,"u":"3,98 €/KG","img":"https://fd13-photos.leclercdrive.fr/image.ashx?id=2119151&use=l&cat=p&typeid=i","cat":284507},{"id":61634,"n":"Poires Douceur du Verger Sirop léger - 455 g","p":1.95,"u":"4,29 €/KG","img":"https://fd13-photos.leclercdrive.fr/image.ashx?id=2228010&use=l&cat=p&typeid=i","cat":284507},{"id":61638,"n":"Lentilles Préparées Cassegrain Tendres et Fondantes 460g","p":2.44,"u":"5,30 €/KG","img":"https://fd13-photos.leclercdrive.fr/image.ashx?id=3011047&use=l&cat=p&typeid=i","cat":312609},{"id":61874,"n":"Gel shampooing douche Fa Men Perfect wave flacon - 250ml","p":1.73,"u":"6,92 €/L","img":"https://fd13-photos.leclercdrive.fr/image.ashx?id=2995091&use=l&cat=p&typeid=i","cat":284619},{"id":62001,"n":"Jus de citron jaune 1L","p":3.59,"u":"3,59 €/L","img":"https://fd13-photos.leclercdrive.fr/image.ashx?id=2656991&use=l&cat=p&typeid=i","cat":288383},{"id":62004,"n":"Cornichons Maille  Mini classique - 370g","p":4.05,"u":"10,95 €/KG","img":"https://fd13-photos.leclercdrive.fr/image.ashx?id=2916567&use=l&cat=p&typeid=i","cat":284458},{"id":62007,"n":"Sardines Huile Olive PARMENTIER Vierge Extra - 135g","p":1.54,"u":"11,41 €/KG","img":"https://fd13-photos.leclercdrive.fr/image.ashx?id=3014410&use=l&cat=p&typeid=i","cat":305146},{"id":62042,"n":"Haricots rouges D'aucy  500g","p":2.02,"u":"4,04 €/KG","img":"https://fd13-photos.leclercdrive.fr/image.ashx?id=2491190&use=l&cat=p&typeid=i","cat":312606},{"id":62043,"n":"Lentilles préparées D'aucy  265g","p":0.9,"u":"3,40 €/KG","img":"https://fd13-photos.leclercdrive.fr/image.ashx?id=2560600&use=l&cat=p&typeid=i","cat":312609},{"id":62045,"n":"Haricots verts Jardin Bio étic Bio sans sel - 345g","p":3.85,"u":"11,16 €/KG","img":"https://fd13-photos.leclercdrive.fr/image.ashx?id=2535010&use=l&cat=p&typeid=i","cat":312606},{"id":62050,"n":"Macédoine déjà égouttée D'aucy 265g","p":1.28,"u":"4,83 €/KG","img":"https://fd13-photos.leclercdrive.fr/image.ashx?id=2511601&use=l&cat=p&typeid=i","cat":312612},{"id":62054,"n":"Courgettes Cuisinées Cassegrain à la Provençale 185g","p":2.19,"u":"11,84 €/KG","img":"https://fd13-photos.leclercdrive.fr/image.ashx?id=2913022&use=l&cat=p&typeid=i","cat":312612},{"id":62067,"n":"Flageolets Préparés Cassegrain Extra Fins 130g","p":1.1,"u":"8,46 €/KG","img":"https://fd13-photos.leclercdrive.fr/image.ashx?id=2912980&use=l&cat=p&typeid=i","cat":312606},{"id":62083,"n":"Soda Schweppes Saveur Agrumes - 1L","p":1.59,"u":"1,59 €/L","img":"https://fd13-photos.leclercdrive.fr/image.ashx?id=2852414&use=l&cat=p&typeid=i","cat":284532},{"id":62094,"n":"Sauce fajitas Old El Paso à cuisiner doux - 395g","p":2.22,"u":"5,62 €/KG","img":"https://fd13-photos.leclercdrive.fr/image.ashx?id=2950852&use=l&cat=p&typeid=i","cat":288993},{"id":62095,"n":"Chips Tortilla Old El Paso Fajita - 185g","p":2.29,"u":"12,38 €/KG","img":"https://fd13-photos.leclercdrive.fr/image.ashx?id=2444522&use=l&cat=p&typeid=i","cat":288993},{"id":62101,"n":"Miel l'Apiculteur liquide   et savoureux - 500g","p":6.93,"u":"13,86 €/KG","img":"https://fd13-photos.leclercdrive.fr/image.ashx?id=3008077&use=l&cat=p&typeid=i","cat":287643},{"id":62112,"n":"Compotes Pom'Potes Gourdes  Pomme Nature - 12x90g","p":4.9,"u":"4,54 €/KG","img":"https://fd13-photos.leclercdrive.fr/image.ashx?id=3010927&use=l&cat=p&typeid=i","cat":284508},{"id":62120,"n":"Cookies Choco Sensation Milka Chocolat au lait - 312g","p":3.97,"u":"12,72 €/KG","img":"https://fd13-photos.leclercdrive.fr/image.ashx?id=3002279&use=l&cat=p&typeid=i","cat":325066},{"id":62128,"n":"Biscuits fourrés Prince Tout chocolat - 300g","p":1.49,"u":"4,97 €/KG","img":"https://fd13-photos.leclercdrive.fr/image.ashx?id=2528801&use=l&cat=p&typeid=i","cat":284488},{"id":62130,"n":"Cookies extra moelleux Granola Pépites de chocolat - 312g","p":3.87,"u":"12,40 €/KG","img":"https://fd13-photos.leclercdrive.fr/image.ashx?id=2306723&use=l&cat=p&typeid=i","cat":325066},{"id":62146,"n":"Brioche La Fournée Dorée Tranchée crème fraiche - 500g","p":2.27,"u":"4,54 €/KG","img":"https://fd13-photos.leclercdrive.fr/image.ashx?id=2415365&use=l&cat=p&typeid=i","cat":284478},{"id":62148,"n":"Brioch'burger La fournée Dorée x4 - 250g","p":1.68,"u":"6,72 €/KG","img":"https://fd13-photos.leclercdrive.fr/image.ashx?id=2765261&use=l&cat=p&typeid=i","cat":325067},{"id":62162,"n":"Donuts Curly 100g","p":1.13,"u":"11,30 €/KG","img":"https://fd13-photos.leclercdrive.fr/image.ashx?id=2446836&use=l&cat=p&typeid=i","cat":284449},{"id":62226,"n":"Soda Coca-Cola Sans Sucres Bouteille - 1L","p":1.22,"u":"1,22 €/L","img":"https://fd13-photos.leclercdrive.fr/image.ashx?id=2194418&use=l&cat=p&typeid=i","cat":284530},{"id":62238,"n":"Bière blonde Grimbergen Triple d'Abbaye -8° - 6x25cl","p":5.59,"u":"3,73 €/L","img":"https://fd13-photos.leclercdrive.fr/image.ashx?id=2317363&use=l&cat=p&typeid=i","cat":334852},{"id":62246,"n":"Soda au cola Pepsi La bouteille de 1.5L","p":1.15,"u":"0,77 €/L","img":"https://fd13-photos.leclercdrive.fr/image.ashx?id=2896318&use=l&cat=p&typeid=i","cat":284530},{"id":62252,"n":"Soda 7UP Citron et citron vert - 1.5L","p":1.2,"u":"0,80 €/L","img":"https://fd13-photos.leclercdrive.fr/image.ashx?id=2748545&use=l&cat=p&typeid=i","cat":284531},{"id":62303,"n":"yaourt fruits bio les 2 vaches brassé framboise - 4x115g","p":2.0,"u":"4,35 €/KG","img":"https://fd13-photos.leclercdrive.fr/image.ashx?id=2571533&use=l&cat=p&typeid=i","cat":284410},{"id":62333,"n":"Yaourt brassé Bio les 2 vaches Citron - 4x115g","p":1.99,"u":"4,33 €/KG","img":"https://fd13-photos.leclercdrive.fr/image.ashx?id=2571536&use=l&cat=p&typeid=i","cat":284410},{"id":62335,"n":"yaourt fruits bio les 2 vaches brassé myrtille - 4x115g","p":2.01,"u":"4,37 €/KG","img":"https://fd13-photos.leclercdrive.fr/image.ashx?id=2571530&use=l&cat=p&typeid=i","cat":284410},{"id":62340,"n":"Jus d'oranges pressées Andros 1.5L","p":4.23,"u":"2,82 €/L","img":"https://fd13-photos.leclercdrive.fr/image.ashx?id=2904272&use=l&cat=p&typeid=i","cat":285435},{"id":62359,"n":"Jus d'oranges pressées  Sans pulpe Andros - 1.5L","p":4.23,"u":"2,82 €/L","img":"https://fd13-photos.leclercdrive.fr/image.ashx?id=2876104&use=l&cat=p&typeid=i","cat":285435},{"id":62416,"n":"Citrons pressés Andros 1L","p":2.45,"u":"2,45 €/L","img":"https://fd13-photos.leclercdrive.fr/image.ashx?id=2882650&use=l&cat=p&typeid=i","cat":285435},{"id":62417,"n":"Jus de pamplemousse rose pressé Andros - 1L","p":3.2,"u":"3,20 €/L","img":"https://fd13-photos.leclercdrive.fr/image.ashx?id=2928423&use=l&cat=p&typeid=i","cat":285435},{"id":62418,"n":"Jus d'oranges douces Andros 1L","p":3.48,"u":"3,48 €/L","img":"https://fd13-photos.leclercdrive.fr/image.ashx?id=2882638&use=l&cat=p&typeid=i","cat":285435},{"id":62481,"n":"Coton disque Bio Bionaïa x70","p":0.97,"u":"0,01 €/P","img":"https://fd13-photos.leclercdrive.fr/image.ashx?id=2434942&use=l&cat=p&typeid=i","cat":285593},{"id":62496,"n":"Biscuit bébé Blédina 12 mois Petit beurre - 133g","p":1.92,"u":"14,44 €/KG","img":"https://fd13-photos.leclercdrive.fr/image.ashx?id=2974288&use=l&cat=p&typeid=i","cat":312227},{"id":62497,"n":"Biscuit bébé Blédina 12 mois  Petit beurre pépites choco-133g","p":2.15,"u":"16,17 €/KG","img":"https://fd13-photos.leclercdrive.fr/image.ashx?id=2639344&use=l&cat=p&typeid=i","cat":312227},{"id":62555,"n":"Boissons aux fruits Fruit Shoot Tropical - 12x20cl","p":4.3,"u":"1,79 €/L","img":"https://fd13-photos.leclercdrive.fr/image.ashx?id=2915736&use=l&cat=p&typeid=i","cat":295018},{"id":62567,"n":"Papier toilette Mimosa Humide x50","p":1.29,"u":"0,03 €/P","img":"https://fd13-photos.leclercdrive.fr/image.ashx?id=2064603&use=l&cat=p&typeid=i","cat":284634},{"id":62568,"n":"Papier toilette Mimosa Humide douceur x50","p":1.29,"u":"0,03 €/P","img":"https://fd13-photos.leclercdrive.fr/image.ashx?id=2064606&use=l&cat=p&typeid=i","cat":284634},{"id":62571,"n":"Soda à l'orange Orangina 1L","p":1.7,"u":"1,70 €/L","img":"https://fd13-photos.leclercdrive.fr/image.ashx?id=2668413&use=l&cat=p&typeid=i","cat":284532},{"id":62574,"n":"Bière ambrée Grimbergen 6,5° - 6x25cl","p":5.81,"u":"3,87 €/L","img":"https://fd13-photos.leclercdrive.fr/image.ashx?id=2293483&use=l&cat=p&typeid=i","cat":334852},{"id":62575,"n":"Coton disque Inell Rond confort x70","p":0.61,"u":"0,01 €/P","img":"https://fd13-photos.leclercdrive.fr/image.ashx?id=2169171&use=l&cat=p&typeid=i","cat":285593},{"id":62576,"n":"Bière blanche Grimbergen 6° - 6x25cl","p":5.24,"u":"3,49 €/L","img":"https://fd13-photos.leclercdrive.fr/image.ashx?id=2294375&use=l&cat=p&typeid=i","cat":334878},{"id":62579,"n":"Bière blonde Leffe Triple 8,5% - 6x25cl","p":6.08,"u":"24,32 €/L","img":"https://fd13-photos.leclercdrive.fr/image.ashx?id=2548282&use=l&cat=p&typeid=i","cat":334852},{"id":62581,"n":"Bière aromatisée Grimbergen Cerise 5,5° - 6x25cl","p":5.8,"u":"3,87 €/L","img":"https://fd13-photos.leclercdrive.fr/image.ashx?id=2312798&use=l&cat=p&typeid=i","cat":334878},{"id":62614,"n":"Pâte à tartiner Ovomaltine Crunchy - 360g","p":3.15,"u":"8,75 €/KG","img":"https://fd13-photos.leclercdrive.fr/image.ashx?id=2428645&use=l&cat=p&typeid=i","cat":284481},{"id":62619,"n":"Biscuits nappés Pépito Chocolat au lait - 2x192g","p":2.57,"u":"6,69 €/KG","img":"https://fd13-photos.leclercdrive.fr/image.ashx?id=2989444&use=l&cat=p&typeid=i","cat":284488},{"id":62668,"n":"Brosse à dents Sensodyne Extra souple x1","p":2.07,"pp":1.45,"img":"https://fd13-photos.leclercdrive.fr/image.ashx?id=2923633&use=l&cat=p&typeid=i","cat":284614},{"id":62675,"n":"Crème adhésive Polident  Hypoallergénique - 40g","p":3.37,"u":"84,25 €/KG","img":"https://fd13-photos.leclercdrive.fr/image.ashx?id=2303849&use=l&cat=p&typeid=i","cat":285158},{"id":62676,"n":"Gel douche bio So Bio Etic  Karité sans sulfate - 650ml","p":5.61,"u":"8,63 €/L","img":"https://fd13-photos.leclercdrive.fr/image.ashx?id=2850593&use=l&cat=p&typeid=i","cat":284594},{"id":62677,"n":"Gel douche bio So Bio Etic Aloe vera sans sulfate 650ml","p":5.66,"u":"8,71 €/L","img":"https://fd13-photos.leclercdrive.fr/image.ashx?id=2850596&use=l&cat=p&typeid=i","cat":284594},{"id":62678,"n":"Crème douche bio So Bio Etic Lait d'anesse - 650ml","p":6.09,"u":"9,37 €/L","img":"https://fd13-photos.leclercdrive.fr/image.ashx?id=2862515&use=l&cat=p&typeid=i","cat":284594},{"id":62681,"n":"Eau de javel Clair Parfum citron - 2L","p":0.98,"u":"0,49 €/L","img":"https://fd13-photos.leclercdrive.fr/image.ashx?id=2949206&use=l&cat=p&typeid=i","cat":284661},{"id":62682,"n":"Javel en gel Clair  Citron vert - 750ml","p":1.18,"u":"1,57 €/L","img":"https://fd13-photos.leclercdrive.fr/image.ashx?id=2843881&use=l&cat=p&typeid=i","cat":284661},{"id":62697,"n":"Nappe damassée Homeside Blanche - 8m","p":1.61,"img":"https://fd13-photos.leclercdrive.fr/image.ashx?id=1659708&use=l&cat=p&typeid=i","cat":334134},{"id":62723,"n":"Biscuits fourrés Prince Multi céréales - 293g","p":1.52,"u":"5,19 €/KG","img":"https://fd13-photos.leclercdrive.fr/image.ashx?id=2350993&use=l&cat=p&typeid=i","cat":284488},{"id":62726,"n":"Compote bio Bio Village Bocal pomme - 625g","p":2.07,"u":"3,31 €/KG","img":"https://fd13-photos.leclercdrive.fr/image.ashx?id=1948042&use=l&cat=p&typeid=i","cat":284508},{"id":62727,"n":"Compote bio Bio Village Bocal pomme poire - 625g","p":2.1,"u":"3,36 €/KG","img":"https://fd13-photos.leclercdrive.fr/image.ashx?id=3012433&use=l&cat=p&typeid=i","cat":284508},{"id":62731,"n":"Abricots Douceur du Verger Sirop léger - 475 g","p":2.42,"u":"5,09 €/KG","img":"https://fd13-photos.leclercdrive.fr/image.ashx?id=2618235&use=l&cat=p&typeid=i","cat":284507},{"id":62733,"n":"Biscuits Choco Moo Milka Chocolat - 200g","p":1.72,"u":"8,60 €/KG","img":"https://fd13-photos.leclercdrive.fr/image.ashx?id=2990994&use=l&cat=p&typeid=i","cat":284488},{"id":62740,"n":"Lait de coco Suzi Wan  Allégé - 200ml","p":1.5,"u":"7,50 €/L","img":"https://fd13-photos.leclercdrive.fr/image.ashx?id=2892922&use=l&cat=p&typeid=i","cat":288992},{"id":62742,"n":"Gressins sésames bio Bio Village - 125g","p":1.52,"u":"12,16 €/KG","img":"https://fd13-photos.leclercdrive.fr/image.ashx?id=1944640&use=l&cat=p&typeid=i","cat":297000},{"id":62753,"n":"Noix de cajou Bio Village  Bio Grillées - 100g","p":2.1,"u":"21,00 €/KG","img":"https://fd13-photos.leclercdrive.fr/image.ashx?id=2469058&use=l&cat=p&typeid=i","cat":284448},{"id":62858,"n":"Biscuit Nature GERBLE  sans sucres ajoutés - 132g","p":2.07,"u":"15,68 €/KG","img":"https://fd13-photos.leclercdrive.fr/image.ashx?id=2662835&use=l&cat=p&typeid=i","cat":318653},{"id":62875,"n":"Confiture fraise Gerblé Sans sucres ajoutés - 320g","p":2.35,"u":"7,34 €/KG","img":"https://fd13-photos.leclercdrive.fr/image.ashx?id=2676678&use=l&cat=p&typeid=i","cat":318653},{"id":62937,"n":"Thon mariné Petit Navire Tomate séchée - 2x110g","p":3.48,"u":"15,82 €/KG","img":"https://fd13-photos.leclercdrive.fr/image.ashx?id=2522560&use=l&cat=p&typeid=i","cat":303867},{"id":63082,"n":"Thon blanc MSC Petit Navire Au naturel - 112g","p":3.28,"u":"29,29 €/KG","img":"https://fd13-photos.leclercdrive.fr/image.ashx?id=2549426&use=l&cat=p&typeid=i","cat":303867},{"id":63170,"n":"Sucre de canne Daddy Petits morceaux - 1kg","p":2.4,"u":"2,40 €/KG","img":"https://fd13-photos.leclercdrive.fr/image.ashx?id=2276420&use=l&cat=p&typeid=i","cat":284502},{"id":63248,"n":"Biscuits fourrés Prince Maxi Chocolat - 2X250g","p":3.35,"u":"6,70 €/KG","img":"https://fd13-photos.leclercdrive.fr/image.ashx?id=2347308&use=l&cat=p&typeid=i","cat":284488},{"id":63284,"n":"AOP Champagne Canard Duchêne Charles VII Brut - 75cl","p":29.5,"pp":26.55,"u":"35,40 €/L","img":"https://fd13-photos.leclercdrive.fr/image.ashx?id=2174390&use=l&cat=p&typeid=i","cat":284542},{"id":63287,"n":"AOP Crémant de Bordeaux Malesan brut - 75cl","p":6.9,"pp":4.55,"u":"6,07 €/L","img":"https://fd13-photos.leclercdrive.fr/image.ashx?id=2497193&use=l&cat=p&typeid=i","cat":284545},{"id":63304,"n":"Pizza Crust Sodebo Classic Jambon Emmental - 600g","p":4.86,"u":"8,10 €/KG","img":"https://fd13-photos.leclercdrive.fr/image.ashx?id=3008254&use=l&cat=p&typeid=i","cat":333679},{"id":63426,"n":"Rivesaltes Dauré 16%vol  75cl","p":4.83,"u":"6,44 €/L","img":"https://fd13-photos.leclercdrive.fr/image.ashx?id=1740239&use=l&cat=p&typeid=i","cat":284913},{"id":63520,"n":"Pizza crust Sodebo Cheesy 4 fromages - 580g","p":4.82,"u":"8,31 €/KG","img":"https://fd13-photos.leclercdrive.fr/image.ashx?id=2912098&use=l&cat=p&typeid=i","cat":333679},{"id":63521,"n":"Penne au saumon Marie Crème d'épinard - 280g","p":3.0,"u":"10,71 €/KG","img":"https://fd13-photos.leclercdrive.fr/image.ashx?id=2317519&use=l&cat=p&typeid=i","cat":333665},{"id":63528,"n":"Boisson énergisante Crazy Tiger Canette - 50cl","p":1.02,"u":"2,04 €/L","img":"https://fd13-photos.leclercdrive.fr/image.ashx?id=2859641&use=l&cat=p&typeid=i","cat":284533},{"id":63541,"n":"Sauce barbecue Rustica 560g","p":1.78,"u":"3,18 €/KG","img":"https://fd13-photos.leclercdrive.fr/image.ashx?id=2092948&use=l&cat=p&typeid=i","cat":318431},{"id":63608,"n":"Chèvre fouetté Soignon Nature - 140g","p":2.44,"u":"17,43 €/KG","img":"https://fd13-photos.leclercdrive.fr/image.ashx?id=2516602&use=l&cat=p&typeid=i","cat":314029},{"id":63674,"n":"3 poivres Ducros Moulin - 34g","p":3.44,"u":"101,18 €/KG","img":"https://fd13-photos.leclercdrive.fr/image.ashx?id=2559460&use=l&cat=p&typeid=i","cat":284457},{"id":63676,"n":"Poivre blanc moulu Ducros 36g","p":2.77,"u":"76,94 €/KG","img":"https://fd13-photos.leclercdrive.fr/image.ashx?id=2203745&use=l&cat=p&typeid=i","cat":284457},{"id":63712,"n":"AOC Martinique Rhum blanc  Agricole HSE 40° - 1L","p":15.78,"u":"15,78 €/L","img":"https://fd13-photos.leclercdrive.fr/image.ashx?id=2902019&use=l&cat=p&typeid=i","cat":284550},{"id":63722,"n":"Liqueur Herbes Jagermeister 35° - 70cl","p":18.92,"u":"27,03 €/L","img":"https://fd13-photos.leclercdrive.fr/image.ashx?id=2474740&use=l&cat=p&typeid=i","cat":286032},{"id":63756,"n":"Pur jus Tropicana Orange Pure Premium Avec pulpe - 1L","p":2.57,"u":"2,57 €/L","img":"https://fd13-photos.leclercdrive.fr/image.ashx?id=2605668&use=l&cat=p&typeid=i","cat":284521},{"id":63759,"n":"Pur Jus Jafaden Mutlifruits - 2L","p":2.75,"u":"1,38 €/L","img":"https://fd13-photos.leclercdrive.fr/image.ashx?id=2762955&use=l&cat=p&typeid=i","cat":284917},{"id":63762,"n":"Boisson aux fruits Oasis Tropical - 6x33cl","p":3.51,"u":"1,77 €/L","img":"https://fd13-photos.leclercdrive.fr/image.ashx?id=2900812&use=l&cat=p&typeid=i","cat":295018},{"id":63768,"n":"Boisson aux fruits Oasis Pomme Cassis Framboise - 6x33cl","p":4.01,"u":"2,03 €/L","img":"https://fd13-photos.leclercdrive.fr/image.ashx?id=3014449&use=l&cat=p&typeid=i","cat":295018},{"id":63794,"n":"Soda Schweppes Saveur Citron - 6x33cl","p":3.67,"u":"1,85 €/L","img":"https://fd13-photos.leclercdrive.fr/image.ashx?id=2852743&use=l&cat=p&typeid=i","cat":284532},{"id":63795,"n":"Soda Schweppes Indian Tonic - 6x33cl","p":3.65,"u":"1,84 €/L","img":"https://fd13-photos.leclercdrive.fr/image.ashx?id=2852423&use=l&cat=p&typeid=i","cat":284531},{"id":63797,"n":"Soda Schweppes Saveur Agrumes - 6x33cl","p":3.51,"u":"1,77 €/L","img":"https://fd13-photos.leclercdrive.fr/image.ashx?id=2852737&use=l&cat=p&typeid=i","cat":284532},{"id":63814,"n":"Pur jus Tropicana Orange Pure Premium avec pulpe - 2x1L","p":5.14,"u":"2,57 €/L","img":"https://fd13-photos.leclercdrive.fr/image.ashx?id=2592690&use=l&cat=p&typeid=i","cat":284521},{"id":63824,"n":"Soda Coca-Cola Zéro Sans caféine - 1.25L","p":1.52,"u":"1,22 €/L","img":"https://fd13-photos.leclercdrive.fr/image.ashx?id=3009059&use=l&cat=p&typeid=i","cat":284530},{"id":63828,"n":"Concentré à diluer Pulco Citron Vert Menthe - 70cl","p":2.73,"u":"3,90 €/L","img":"https://fd13-photos.leclercdrive.fr/image.ashx?id=2687791&use=l&cat=p&typeid=i","cat":295020},{"id":63837,"n":"Champignons Eco+ Pieds et morceaux - 230g","p":0.82,"u":"3,57 €/KG","img":"https://fd13-photos.leclercdrive.fr/image.ashx?id=2783002&use=l&cat=p&typeid=i","cat":312610},{"id":63886,"n":"Rhum blanc Domaine de Bellevue  50% vol  1L","p":16.43,"u":"16,43 €/L","img":"https://fd13-photos.leclercdrive.fr/image.ashx?id=1739372&use=l&cat=p&typeid=i","cat":284550},{"id":63892,"n":"Capsules café L'Or Espresso Forza N°9 x10","p":3.14,"u":"60,38 €/KG","img":"https://fd13-photos.leclercdrive.fr/image.ashx?id=2393753&use=l&cat=p&typeid=i","cat":284749},{"id":63960,"n":"Baguette Tradition  3x250g + 1 offerte","p":2.85,"u":"2,85 €/KG","img":"https://fd13-photos.leclercdrive.fr/image.ashx?id=2442057&use=l&cat=p&typeid=i","cat":284359},{"id":63971,"n":"Escalope cordon bleu Père dodu Poulet x4 - 400g - Familial","p":4.09,"u":"10,23 €/KG","img":"https://fd13-photos.leclercdrive.fr/image.ashx?id=2957173&use=l&cat=p&typeid=i","cat":333683},{"id":63973,"n":"Cordon Bleu Père Dodu  Poulet x8 - 800g - Maxi Format","p":7.54,"u":"9,43 €/KG","img":"https://fd13-photos.leclercdrive.fr/image.ashx?id=2957176&use=l&cat=p&typeid=i","cat":333683},{"id":63993,"n":"Crème glacée Eskiss  Douceur de vanille - 500g","p":3.91,"u":"7,82 €/KG","img":"https://fd13-photos.leclercdrive.fr/image.ashx?id=2982634&use=l&cat=p&typeid=i","cat":284263},{"id":63999,"n":"Nectar de Goyave NRT De Martinique - 1L","p":2.85,"u":"2,85 €/L","img":"https://fd13-photos.leclercdrive.fr/image.ashx?id=2849656&use=l&cat=p&typeid=i","cat":284916},{"id":64000,"n":"Nectar de poire Williams NRT Du Roussillon - 1L","p":3.05,"u":"3,05 €/L","img":"https://fd13-photos.leclercdrive.fr/image.ashx?id=1173631&use=l&cat=p&typeid=i","cat":284915},{"id":64032,"n":"Pur jus d'orange Tropicana Sans pulpe - 2x1L","p":5.09,"u":"2,55 €/L","img":"https://fd13-photos.leclercdrive.fr/image.ashx?id=2605671&use=l&cat=p&typeid=i","cat":284521},{"id":64050,"n":"Bière blonde IPA Castelain Fleur de houblon - 6.5° - 75cl","p":4.3,"u":"5,73 €/L","img":"https://fd13-photos.leclercdrive.fr/image.ashx?id=2868957&use=l&cat=p&typeid=i","cat":334872},{"id":64052,"n":"Bière blonde Castelain Grand cru 8.5% - 75cl","p":4.07,"u":"5,43 €/L","img":"https://fd13-photos.leclercdrive.fr/image.ashx?id=2139097&use=l&cat=p&typeid=i","cat":334872},{"id":64108,"n":"Fromage à Tartiner Carré Frais  Nature 8 Portions - 200g","p":2.16,"u":"10,80 €/KG","img":"https://fd13-photos.leclercdrive.fr/image.ashx?id=2452209&use=l&cat=p&typeid=i","cat":314029},{"id":64109,"n":"Fromage blanc Délisse 3.2%mg 12x100g","p":2.69,"u":"2,24 €/KG","img":"https://fd13-photos.leclercdrive.fr/image.ashx?id=3012848&use=l&cat=p&typeid=i","cat":284409},{"id":64139,"n":"Crème mains parfumée Neutrogena 2x50 ml","p":7.85,"u":"157,00 €/L","img":"https://fd13-photos.leclercdrive.fr/image.ashx?id=2928837&use=l&cat=p&typeid=i","cat":290424},{"id":64140,"n":"Crème mains Cicabiafine Réparation intense - 2x75 ml","p":9.69,"u":"64,60 €/L","img":"https://fd13-photos.leclercdrive.fr/image.ashx?id=2971128&use=l&cat=p&typeid=i","cat":290424},{"id":64141,"n":"Crème mains Neutrogena Absorption rapide - 2x75 ml","p":8.99,"u":"59,93 €/L","img":"https://fd13-photos.leclercdrive.fr/image.ashx?id=2023002&use=l&cat=p&typeid=i","cat":290424},{"id":64142,"n":"Crème mains Cicabiafine Réparation intense - 75 ml","p":5.5,"u":"73,33 €/L","img":"https://fd13-photos.leclercdrive.fr/image.ashx?id=2993421&use=l&cat=p&typeid=i","cat":290424},{"id":64148,"n":"Pansements ampoules Compeed x5","p":6.68,"u":"1,34 €/P","img":"https://fd13-photos.leclercdrive.fr/image.ashx?id=2022996&use=l&cat=p&typeid=i","cat":291163},{"id":64149,"n":"Pansements ampoules Compeed Format moyen - x5","p":5.99,"u":"1,20 €/P","img":"https://fd13-photos.leclercdrive.fr/image.ashx?id=2432794&use=l&cat=p&typeid=i","cat":290424},{"id":64164,"n":"Déodorant bille Vichy Anti-transpirant x2","p":12.52,"u":"125,20 €/L","img":"https://fd13-photos.leclercdrive.fr/image.ashx?id=1971638&use=l&cat=p&typeid=i","cat":301593},{"id":64165,"n":"Déodorant bille intensif Vichy Anti-transpirant 2x50ml","p":13.49,"u":"134,90 €/L","img":"https://fd13-photos.leclercdrive.fr/image.ashx?id=1971467&use=l&cat=p&typeid=i","cat":301593},{"id":64167,"n":"Déodorant Bille Vichy Contrôle extrême - 2x50ml","p":12.52,"u":"125,20 €/L","img":"https://fd13-photos.leclercdrive.fr/image.ashx?id=2087325&use=l&cat=p&typeid=i","cat":301593},{"id":64174,"n":"Déodorant Physio La Roche Posay Aérosol - 24H - 2x150 ml","p":14.68,"u":"48,93 €/L","img":"https://fd13-photos.leclercdrive.fr/image.ashx?id=2087331&use=l&cat=p&typeid=i","cat":301593},{"id":64175,"n":"Déodorant aérosol Vichy Anti-transpirant - 2x125 ml","p":12.52,"u":"50,08 €/L","img":"https://fd13-photos.leclercdrive.fr/image.ashx?id=2148167&use=l&cat=p&typeid=i","cat":301593},{"id":64176,"n":"Toleriane La Roche Posay Dermo nettoyant - 400 ml","p":12.69,"u":"31,73 €/L","img":"https://fd13-photos.leclercdrive.fr/image.ashx?id=2864531&use=l&cat=p&typeid=i","cat":301587},{"id":64177,"n":"Eau micellaire La Roche Posay 400 ml","p":10.99,"u":"27,48 €/L","img":"https://fd13-photos.leclercdrive.fr/image.ashx?id=2863154&use=l&cat=p&typeid=i","cat":301587},{"id":64181,"n":"Respectissime La Rose Posay Démaquillant yeux waterp. 125ml","p":13.87,"u":"110,96 €/L","img":"https://fd13-photos.leclercdrive.fr/image.ashx?id=2863160&use=l&cat=p&typeid=i","cat":301587},{"id":64191,"n":"Tomates cerises allongées Panier du Primeur - 250g","p":1.59,"u":"6,36 €/KG","img":"https://fd13-photos.leclercdrive.fr/image.ashx?id=2988099&use=l&cat=p&typeid=i","cat":284352},{"id":64194,"n":"Capital Soleil Vichy Lait après-soleil 300 ml","p":12.79,"u":"42,63 €/L","img":"https://fd13-photos.leclercdrive.fr/image.ashx?id=1971461&use=l&cat=p&typeid=i","cat":290394},{"id":64197,"n":"Détranspirant Etiaxil Peaux normales  -15 ml","p":7.48,"u":"498,67 €/L","img":"https://fd13-photos.leclercdrive.fr/image.ashx?id=2189522&use=l&cat=p&typeid=i","cat":301593},{"id":64199,"n":"Hydralin Gyn Soin intime 200 ml","p":6.99,"u":"34,95 €/L","img":"https://fd13-photos.leclercdrive.fr/image.ashx?id=2959082&use=l&cat=p&typeid=i","cat":301348},{"id":64200,"n":"Hydralin apaisa Soin intime 400 ml","p":10.09,"u":"25,23 €/L","img":"https://fd13-photos.leclercdrive.fr/image.ashx?id=2905730&use=l&cat=p&typeid=i","cat":301348},{"id":64201,"n":"Berocca Boost effervescent 30 comprimés","p":19.7,"u":"0,66 €/P","img":"https://fd13-photos.leclercdrive.fr/image.ashx?id=2861641&use=l&cat=p&typeid=i","cat":301264},{"id":64205,"n":"Dentifrice pâte Parodontax Protection gencives - 2x75ml","p":7.65,"img":"https://fd13-photos.leclercdrive.fr/image.ashx?id=2537078&use=l&cat=p&typeid=i","cat":290419},{"id":64207,"n":"Dentifrice gel Parodontax 2x75 ml","p":7.69,"u":"25,63 €/L","img":"https://fd13-photos.leclercdrive.fr/image.ashx?id=2536960&use=l&cat=p&typeid=i","cat":290419},{"id":64213,"n":"Liniment Oleothermal Uriage Soin Bébé - 500 ml","p":5.5,"u":"11,00 €/L","img":"https://fd13-photos.leclercdrive.fr/image.ashx?id=2689961&use=l&cat=p&typeid=i","cat":290387},{"id":64218,"n":"Surgras liquide Uriage 1 L","p":8.99,"u":"8,99 €/L","img":"https://fd13-photos.leclercdrive.fr/image.ashx?id=1955894&use=l&cat=p&typeid=i","cat":301591},{"id":64225,"n":"Eau thermale Uriage 300 ml","p":4.99,"u":"16,63 €/L","img":"https://fd13-photos.leclercdrive.fr/image.ashx?id=2944855&use=l&cat=p&typeid=i","cat":301247},{"id":64229,"n":"Soin lavant intime Saforelle 2x500 ml - 30%/2ième produit","p":14.51,"u":"14,51 €/L","img":"https://fd13-photos.leclercdrive.fr/image.ashx?id=2022033&use=l&cat=p&typeid=i","cat":301348},{"id":64233,"n":"Gelules cheveux+ongles Forcapil 3 mois - 180 gel. + 60 offertes","p":22.49,"img":"https://fd13-photos.leclercdrive.fr/image.ashx?id=2881918&use=l&cat=p&typeid=i","cat":301266},{"id":64236,"n":"Tétine en silicone MAM x2 Débit 3 - dès 4 mois","p":5.29,"u":"2,65 €/P","img":"https://fd13-photos.leclercdrive.fr/image.ashx?id=2025404&use=l&cat=p&typeid=i","cat":290386},{"id":64237,"n":"Tétine en silicone MAM x2 Débit 2 - dès 2 mois","p":5.29,"u":"2,65 €/P","img":"https://fd13-photos.leclercdrive.fr/image.ashx?id=2025401&use=l&cat=p&typeid=i","cat":290386},{"id":64238,"n":"Tétine x2 silicone MAM Débit 1 - dès la naissance","p":5.29,"u":"2,65 €/P","img":"https://fd13-photos.leclercdrive.fr/image.ashx?id=2025398&use=l&cat=p&typeid=i","cat":290386},{"id":64248,"n":"Nettoyant doux Abcderm Bioderma 1 L","p":10.96,"u":"10,96 €/L","img":"https://fd13-photos.leclercdrive.fr/image.ashx?id=2956403&use=l&cat=p&typeid=i","cat":290425},{"id":64285,"n":"Huile d'amande douce Natessance Soin Bébé - 100 ml","p":4.8,"u":"48,00 €/L","img":"https://fd13-photos.leclercdrive.fr/image.ashx?id=2009726&use=l&cat=p&typeid=i","cat":290425},{"id":64292,"n":"Rêve de miel visage corps Nuxe Gel lavant surgras - 400ml","p":10.0,"u":"25,00 €/L","img":"https://fd13-photos.leclercdrive.fr/image.ashx?id=2651453&use=l&cat=p&typeid=i","cat":301591},{"id":64300,"n":"Huile prodigieuse Nuxe  Visage, corps, cheveux - 100ml","p":23.99,"u":"239,90 €/L","img":"https://fd13-photos.leclercdrive.fr/image.ashx?id=2651483&use=l&cat=p&typeid=i","cat":290422},{"id":64302,"n":"Crème Rêve de Miel Nuxe Mains et ongles - 50 ml","p":4.99,"u":"99,80 €/L","img":"https://fd13-photos.leclercdrive.fr/image.ashx?id=2732671&use=l&cat=p&typeid=i","cat":290424},{"id":64306,"n":"Crème solaire visage corps Nuxe  Lait délicieux SPF30 - 150ml","p":15.42,"u":"102,80 €/L","img":"https://fd13-photos.leclercdrive.fr/image.ashx?id=2651474&use=l&cat=p&typeid=i","cat":290396},{"id":64308,"n":"Après-soleil visage corps Nuxe  Lait fraîcheur - 200ml","p":10.99,"u":"54,95 €/L","img":"https://fd13-photos.leclercdrive.fr/image.ashx?id=2651468&use=l&cat=p&typeid=i","cat":290394},{"id":64318,"n":"Talc douceur poudreur  100g","p":2.93,"u":"29,30 €/KG","img":"https://fd13-photos.leclercdrive.fr/image.ashx?id=2057188&use=l&cat=p&typeid=i","cat":290387},{"id":64401,"n":"Spray assainissant Puressentiel 41 huiles essentielles - 200 ml","p":12.95,"u":"64,75 €/L","img":"https://fd13-photos.leclercdrive.fr/image.ashx?id=2988517&use=l&cat=p&typeid=i","cat":298633},{"id":64414,"n":"Bain de bouche Botot 150 ml","p":9.78,"u":"65,20 €/L","img":"https://fd13-photos.leclercdrive.fr/image.ashx?id=2378570&use=l&cat=p&typeid=i","cat":290416},{"id":64419,"n":"Crème change Weleda Soin bébé - 75 ml","p":6.57,"u":"87,60 €/L","img":"https://fd13-photos.leclercdrive.fr/image.ashx?id=2446977&use=l&cat=p&typeid=i","cat":290387},{"id":64420,"n":"Crème au calendula Weleda visage + corps - 75 ml","p":6.23,"u":"83,07 €/L","img":"https://fd13-photos.leclercdrive.fr/image.ashx?id=2505633&use=l&cat=p&typeid=i","cat":290421},{"id":64423,"n":"Savon végétal Weleda Au calendula - 100g","p":3.98,"u":"39,80 €/KG","img":"https://fd13-photos.leclercdrive.fr/image.ashx?id=2944849&use=l&cat=p&typeid=i","cat":301591},{"id":64487,"n":"Gin Beefeater 40% vol. - 70cl","p":19.13,"u":"27,33 €/L","img":"https://fd13-photos.leclercdrive.fr/image.ashx?id=2859080&use=l&cat=p&typeid=i","cat":284550},{"id":64493,"n":"Liquide vaisselle Rainett Citron vert - 750ml","p":1.96,"u":"2,61 €/L","img":"https://fd13-photos.leclercdrive.fr/image.ashx?id=2293096&use=l&cat=p&typeid=i","cat":284655},{"id":64599,"n":"Arrangé Maison La Mauny Ananas - 25%vol - 70cl","p":22.32,"u":"31,89 €/L","img":"https://fd13-photos.leclercdrive.fr/image.ashx?id=2956331&use=l&cat=p&typeid=i","cat":284551},{"id":64630,"n":"Coquilles Saint Jacques Tipiak Fond de poireaux - 4x90g","p":7.13,"u":"19,81 €/KG","img":"https://fd13-photos.leclercdrive.fr/image.ashx?id=2560978&use=l&cat=p&typeid=i","cat":319775},{"id":64666,"n":"Gâteaux moelleux Kinder Délice Coeur lait enrobé Cacao - x10","p":3.26,"u":"8,36 €/KG","img":"https://fd13-photos.leclercdrive.fr/image.ashx?id=2832476&use=l&cat=p&typeid=i","cat":284495},{"id":64680,"n":"Soupe liquide Liebig Potiron Kiri Brique - 2x30cl","p":2.37,"u":"3,95 €/L","img":"https://fd13-photos.leclercdrive.fr/image.ashx?id=2892136&use=l&cat=p&typeid=i","cat":284462},{"id":64685,"n":"Soupe liquide Liebig  Potiron - 2x30cl","p":2.07,"u":"3,45 €/L","img":"https://fd13-photos.leclercdrive.fr/image.ashx?id=2369915&use=l&cat=p&typeid=i","cat":284462},{"id":64686,"n":"Soupe liquide brique Liebig  Velouté légumes soleil - 2x30cl","p":1.89,"u":"3,15 €/L","img":"https://fd13-photos.leclercdrive.fr/image.ashx?id=2203382&use=l&cat=p&typeid=i","cat":284462},{"id":64692,"n":"Chocolat Pâtissier Nestlé Dessert - Noir corsé - 200g","p":3.08,"u":"15,40 €/KG","img":"https://fd13-photos.leclercdrive.fr/image.ashx?id=2889895&use=l&cat=p&typeid=i","cat":285562},{"id":64821,"n":"Agenda L'Etudiant 2025-2026 1 jour/page - 352p - 150x200cm","p":6.96,"img":"https://fd13-photos.leclercdrive.fr/image.ashx?id=2960747&use=l&cat=p&typeid=i","cat":334133},{"id":64833,"n":"Fromage blanc Nature Bio Invitation à la ferme - 4x100g","p":2.8,"u":"7,00 €/KG","img":"https://fd13-photos.leclercdrive.fr/image.ashx?id=2396431&use=l&cat=p&typeid=i","cat":284409},{"id":64840,"n":"Recharges roller Esquisse  Bleu effaçable x3","p":1.59,"img":"https://fd13-photos.leclercdrive.fr/image.ashx?id=1678763&use=l&cat=p&typeid=i","cat":284696},{"id":64842,"n":"Destructeur Pavo Montreal","p":14.9,"u":"Dont 0,24 € d'éco-part.","img":"https://fd13-photos.leclercdrive.fr/image.ashx?id=1919996&use=l&cat=p&typeid=i","cat":334133},{"id":64889,"n":"Végétal Nuggets Garden Gourmet Soja et Blé 200g","p":2.7,"u":"13,50 €/KG","img":"https://fd13-photos.leclercdrive.fr/image.ashx?id=2963967&use=l&cat=p&typeid=i","cat":316036},{"id":64890,"n":"Bouchée Grillée Garden Gourmet Soja et Blé 175g","p":2.94,"u":"16,80 €/KG","img":"https://fd13-photos.leclercdrive.fr/image.ashx?id=2971392&use=l&cat=p&typeid=i","cat":316036},{"id":64897,"n":"Tortellini à poêler Lustucru Jambon emmental - 300g","p":2.17,"u":"7,23 €/KG","img":"https://fd13-photos.leclercdrive.fr/image.ashx?id=2792393&use=l&cat=p&typeid=i","cat":333682},{"id":64910,"n":"Secret de mousse La Laitière Citron - 4x59g","p":1.65,"u":"6,99 €/KG","img":"https://fd13-photos.leclercdrive.fr/image.ashx?id=2616532&use=l&cat=p&typeid=i","cat":284417},{"id":64929,"n":"Collants Body Touch Dim Voile noir - Taille 1","p":6.95,"img":"https://fd13-photos.leclercdrive.fr/image.ashx?id=2862077&use=l&cat=p&typeid=i","cat":334130},{"id":64943,"n":"Collants Sublim brillant Dim Gazelle - Taille 4","p":5.4,"img":"https://fd13-photos.leclercdrive.fr/image.ashx?id=2183446&use=l&cat=p&typeid=i","cat":334130},{"id":64948,"n":"Collants Diam's Dim Voile galbe Noir - Taille 3","p":6.2,"img":"https://fd13-photos.leclercdrive.fr/image.ashx?id=2497082&use=l&cat=p&typeid=i","cat":334130},{"id":64964,"n":"Eau minérale gazeuse Quezac 6x1.15L","p":2.81,"u":"0,41 €/L","img":"https://fd13-photos.leclercdrive.fr/image.ashx?id=2975341&use=l&cat=p&typeid=i","cat":284536},{"id":64984,"n":"Lasagne de Boeuf  Maison Tino - 900g","p":9.61,"u":"10,68 €/KG","img":"https://fd13-photos.leclercdrive.fr/image.ashx?id=2681829&use=l&cat=p&typeid=i","cat":333666},{"id":65009,"n":"Intercalaires Exacompta Extra larges 230x297 x12","p":2.39,"img":"https://fd13-photos.leclercdrive.fr/image.ashx?id=1780520&use=l&cat=p&typeid=i","cat":284745},{"id":65044,"n":"Biscuits petit déjeuner Belvita Miel & pépites chocolat - 435g","p":2.7,"u":"6,21 €/KG","img":"https://fd13-photos.leclercdrive.fr/image.ashx?id=2989441&use=l&cat=p&typeid=i","cat":284491},{"id":65048,"n":"Barres céréales Grany Fraises framboises - 108g","p":1.93,"u":"17,87 €/KG","img":"https://fd13-photos.leclercdrive.fr/image.ashx?id=2834350&use=l&cat=p&typeid=i","cat":285869},{"id":65286,"n":"Socquettes sublim Dim Noir T35/41 x2","p":4.35,"img":"https://fd13-photos.leclercdrive.fr/image.ashx?id=2534653&use=l&cat=p&typeid=i","cat":334130},{"id":65290,"n":"Socquettes sublim Dim  Capri T35/41 x2","p":4.35,"img":"https://fd13-photos.leclercdrive.fr/image.ashx?id=2176653&use=l&cat=p&typeid=i","cat":334130},{"id":65294,"n":"Collants Well Elastivoile Affinant Ibiza T3","p":5.5,"img":"https://fd13-photos.leclercdrive.fr/image.ashx?id=2056461&use=l&cat=p&typeid=i","cat":334130},{"id":65303,"n":"Collant Well Morphologie  Regular Opaque noir / +1m65","p":6.5,"img":"https://fd13-photos.leclercdrive.fr/image.ashx?id=2254739&use=l&cat=p&typeid=i","cat":334130},{"id":65304,"n":"Collant Well Morphologie Form Opaque noir / +1m65","p":6.5,"img":"https://fd13-photos.leclercdrive.fr/image.ashx?id=2193236&use=l&cat=p&typeid=i","cat":334130},{"id":65336,"n":"Café dosettes Tassimo L'Or Espresso Splendente x16","p":4.87,"u":"43,48 €/KG","img":"https://fd13-photos.leclercdrive.fr/image.ashx?id=2853404&use=l&cat=p&typeid=i","cat":293240},{"id":65337,"n":"Epices pour fajitas Old El Paso doux - 30g","p":1.3,"u":"43,33 €/KG","img":"https://fd13-photos.leclercdrive.fr/image.ashx?id=2737702&use=l&cat=p&typeid=i","cat":288993},{"id":65341,"n":"Bonbons LUTTI Koala Guimauve Chocolat - 185g","p":1.59,"u":"8,59 €/KG","img":"https://fd13-photos.leclercdrive.fr/image.ashx?id=2806147&use=l&cat=p&typeid=i","cat":304250},{"id":65342,"n":"Bonbons LUTTI Surffizz Piquants Fruits - 200g","p":1.16,"u":"5,80 €/KG","img":"https://fd13-photos.leclercdrive.fr/image.ashx?id=2806144&use=l&cat=p&typeid=i","cat":304250},{"id":65366,"n":"Bière blonde Affligem Pack 6.7% vol. - 20x25cl","p":15.1,"u":"3,02 €/L","img":"https://fd13-photos.leclercdrive.fr/image.ashx?id=2774274&use=l&cat=p&typeid=i","cat":334852},{"id":65426,"n":"Olives dénoyautées Croc Frais Méditerranéenne - 500g","p":4.47,"u":"8,94 €/KG","img":"https://fd13-photos.leclercdrive.fr/image.ashx?id=2589416&use=l&cat=p&typeid=i","cat":316002},{"id":65822,"n":"Dentifrice Parodontax Fraicheur intense 2x75ml","p":8.2,"u":"54,67 €/L","img":"https://fd13-photos.leclercdrive.fr/image.ashx?id=2537237&use=l&cat=p&typeid=i","cat":290419},{"id":65837,"n":"Gel lavant bébé Natessance bio Naturel - 500ml","p":5.99,"u":"11,98 €/L","img":"https://fd13-photos.leclercdrive.fr/image.ashx?id=2734990&use=l&cat=p&typeid=i","cat":290425},{"id":65856,"n":"Cica lèvres Uriage Bariéderm - 15ml","p":4.89,"u":"326,00 €/L","img":"https://fd13-photos.leclercdrive.fr/image.ashx?id=2735452&use=l&cat=p&typeid=i","cat":291172},{"id":65866,"n":"Eau micellaire La Roche Posay Peaux réactives - 400ml","p":9.94,"u":"24,85 €/L","img":"https://fd13-photos.leclercdrive.fr/image.ashx?id=2863157&use=l&cat=p&typeid=i","cat":301587},{"id":65873,"n":"Shampooing apaisant Bioderma 400ml","p":8.95,"u":"22,38 €/L","img":"https://fd13-photos.leclercdrive.fr/image.ashx?id=2956400&use=l&cat=p&typeid=i","cat":290400},{"id":65874,"n":"Shampooing TGel Neutrogena Anti démangeaisons - 250ml","p":11.99,"u":"47,96 €/L","img":"https://fd13-photos.leclercdrive.fr/image.ashx?id=2760976&use=l&cat=p&typeid=i","cat":290400},{"id":65876,"n":"Shampooing Nodé K Bioderma 150ml","p":11.37,"u":"75,80 €/L","img":"https://fd13-photos.leclercdrive.fr/image.ashx?id=2086066&use=l&cat=p&typeid=i","cat":290400},{"id":65904,"n":"Liniment Mots d'Enfants 500ml","p":3.9,"u":"7,80 €/L","img":"https://fd13-photos.leclercdrive.fr/image.ashx?id=2290721&use=l&cat=p&typeid=i","cat":284741},{"id":65926,"n":"Guacamole Extra l'Atelier Blini 175g","p":3.5,"u":"20,00 €/KG","img":"https://fd13-photos.leclercdrive.fr/image.ashx?id=2852504&use=l&cat=p&typeid=i","cat":315999},{"id":65950,"n":"Gel toilette intime Doulys 200ml","p":2.47,"u":"12,35 €/L","img":"https://fd13-photos.leclercdrive.fr/image.ashx?id=1703245&use=l&cat=p&typeid=i","cat":284627},{"id":65970,"n":"Crème légère fluide Bridélice 12%MG - 3x20cl","p":2.51,"u":"4,18 €/L","img":"https://fd13-photos.leclercdrive.fr/image.ashx?id=2904736&use=l&cat=p&typeid=i","cat":284381},{"id":65972,"n":"Poires Douceur du Verger Sirop léger - 225 g","p":1.32,"u":"5,87 €/KG","img":"https://fd13-photos.leclercdrive.fr/image.ashx?id=2228007&use=l&cat=p&typeid=i","cat":284507},{"id":65973,"n":"Abricots Douceur du Verger Sirop léger - 235 g","p":1.44,"u":"6,13 €/KG","img":"https://fd13-photos.leclercdrive.fr/image.ashx?id=2622891&use=l&cat=p&typeid=i","cat":284507},{"id":66019,"n":"Crème mains Neutrogena  Parfumée - 50ml","p":4.96,"u":"99,20 €/L","img":"https://fd13-photos.leclercdrive.fr/image.ashx?id=2929074&use=l&cat=p&typeid=i","cat":290424},{"id":66021,"n":"Soin lavant Saforelle Doux - 500ml","p":8.99,"u":"17,98 €/L","img":"https://fd13-photos.leclercdrive.fr/image.ashx?id=2022057&use=l&cat=p&typeid=i","cat":301348},{"id":66024,"n":"Dermoliquide émulsion Saugella 500ml","p":8.23,"u":"16,46 €/L","img":"https://fd13-photos.leclercdrive.fr/image.ashx?id=2086135&use=l&cat=p&typeid=i","cat":301348},{"id":66028,"n":"Déodorant Physio La Roche Posay Aérosol - 24H - 150ml","p":7.98,"u":"53,20 €/L","img":"https://fd13-photos.leclercdrive.fr/image.ashx?id=2086057&use=l&cat=p&typeid=i","cat":301593},{"id":66029,"n":"Déodorant bille La Roche Posay Physiologique - 50ml","p":7.98,"u":"159,60 €/L","img":"https://fd13-photos.leclercdrive.fr/image.ashx?id=2128878&use=l&cat=p&typeid=i","cat":301593},{"id":66031,"n":"Déodorant bille Vichy Anti-transpirant - 50ml","p":7.24,"u":"144,80 €/L","img":"https://fd13-photos.leclercdrive.fr/image.ashx?id=1975613&use=l&cat=p&typeid=i","cat":301593},{"id":66032,"n":"Déodorant bille Vichy Anti-transpirant intensif -50ml","p":7.9,"u":"158,00 €/L","img":"https://fd13-photos.leclercdrive.fr/image.ashx?id=1971464&use=l&cat=p&typeid=i","cat":301593},{"id":66033,"n":"Déodorant Bille Vichy Homme - 50ml","p":7.24,"u":"144,80 €/L","img":"https://fd13-photos.leclercdrive.fr/image.ashx?id=2405563&use=l&cat=p&typeid=i","cat":301593},{"id":66034,"n":"Déodorant aérosol Vichy Anti-transpirant - 125 ml","p":7.24,"u":"57,92 €/L","img":"https://fd13-photos.leclercdrive.fr/image.ashx?id=1971446&use=l&cat=p&typeid=i","cat":301593},{"id":66076,"n":"Bière ambrée Bio Jade  4.5%vol - 6x25cl","p":5.2,"u":"3,47 €/L","img":"https://fd13-photos.leclercdrive.fr/image.ashx?id=2518154&use=l&cat=p&typeid=i","cat":334852},{"id":66218,"n":"Lait Lipikar La Roche Posay 400ml","p":13.72,"u":"34,30 €/L","img":"https://fd13-photos.leclercdrive.fr/image.ashx?id=2741484&use=l&cat=p&typeid=i","cat":290421},{"id":66279,"n":"Roquefort AOP Les croisés - 32%mg - 100g","p":2.15,"u":"21,50 €/KG","img":"https://fd13-photos.leclercdrive.fr/image.ashx?id=1938501&use=l&cat=p&typeid=i","cat":314032},{"id":66289,"n":"Barre Chocolat Noisettes Nuts x6 barres - 252g","p":3.46,"u":"13,73 €/KG","img":"https://fd13-photos.leclercdrive.fr/image.ashx?id=2991006&use=l&cat=p&typeid=i","cat":284498},{"id":66293,"n":"Eau aromatisée Volvic juicy jus de fraise - 6x50cl","p":4.14,"u":"1,38 €/L","img":"https://fd13-photos.leclercdrive.fr/image.ashx?id=2961996&use=l&cat=p&typeid=i","cat":284537},{"id":66299,"n":"Petits fours apéritifs x24 bouchées - 365g","p":9.81,"u":"26,88 €/KG","img":"https://fd13-photos.leclercdrive.fr/image.ashx?id=2804293&use=l&cat=p&typeid=i","cat":316003},{"id":66356,"n":"Café Soluble Nescafé  Cappuccino Classique - 280g","p":4.34,"u":"15,50 €/KG","img":"https://fd13-photos.leclercdrive.fr/image.ashx?id=2918044&use=l&cat=p&typeid=i","cat":284843},{"id":66359,"n":"Café moulu Jacques Vabre Colombie 100% Arabica - 250g","p":4.39,"u":"17,56 €/KG","img":"https://fd13-photos.leclercdrive.fr/image.ashx?id=2570754&use=l&cat=p&typeid=i","cat":284750},{"id":66366,"n":"Déodorant compressé Sanex  Zéro % Extra control - 100ml","p":3.5,"u":"35,00 €/L","img":"https://fd13-photos.leclercdrive.fr/image.ashx?id=2664274&use=l&cat=p&typeid=i","cat":284618},{"id":66385,"n":"Démaquillant yeux Inell Waterproof bi-phase - 150ml","p":1.98,"u":"13,20 €/L","img":"https://fd13-photos.leclercdrive.fr/image.ashx?id=1962713&use=l&cat=p&typeid=i","cat":284603},{"id":66417,"n":"Biscuits Mikado LU Chocolat au lait - 300g","p":4.91,"u":"16,37 €/KG","img":"https://fd13-photos.leclercdrive.fr/image.ashx?id=2347284&use=l&cat=p&typeid=i","cat":284488},{"id":66418,"n":"Biscuits Oreo Vanille - 220g","p":1.94,"u":"8,82 €/KG","img":"https://fd13-photos.leclercdrive.fr/image.ashx?id=2324285&use=l&cat=p&typeid=i","cat":284488},{"id":66527,"n":"Fromage Le Vieux Pané Finement typé - 200g","p":3.28,"u":"16,40 €/KG","img":"https://fd13-photos.leclercdrive.fr/image.ashx?id=2770380&use=l&cat=p&typeid=i","cat":329558},{"id":66555,"n":"Café moulu Bio Village Bio Ethiopie - 250g","p":4.35,"u":"17,40 €/KG","img":"https://fd13-photos.leclercdrive.fr/image.ashx?id=2468876&use=l&cat=p&typeid=i","cat":284750},{"id":66559,"n":"Boisson amande Bio Bjorg Vanille - 2x1L + 1L offert","p":5.6,"u":"1,87 €/L","img":"https://fd13-photos.leclercdrive.fr/image.ashx?id=2148020&use=l&cat=p&typeid=i","cat":316067},{"id":66651,"n":"Doonuts nappés St Michel 180g","p":1.76,"u":"9,78 €/KG","img":"https://fd13-photos.leclercdrive.fr/image.ashx?id=2928495&use=l&cat=p&typeid=i","cat":284495},{"id":66652,"n":"Doonuts marbrés St Michel 180g","p":1.82,"u":"10,11 €/KG","img":"https://fd13-photos.leclercdrive.fr/image.ashx?id=2962299&use=l&cat=p&typeid=i","cat":284495},{"id":66745,"n":"Lait velouté hydratant Uriage 500ml","p":13.29,"u":"26,58 €/L","img":"https://fd13-photos.leclercdrive.fr/image.ashx?id=2773751&use=l&cat=p&typeid=i","cat":290421},{"id":66746,"n":"Tomme de brebis Lou Pérac Fromage de brebis - 200g","p":4.12,"u":"20,60 €/KG","img":"https://fd13-photos.leclercdrive.fr/image.ashx?id=2758840&use=l&cat=p&typeid=i","cat":329184},{"id":66747,"n":"Ma Crème anglaise Bridélice UHT - 50cl","p":1.84,"u":"3,68 €/L","img":"https://fd13-photos.leclercdrive.fr/image.ashx?id=2643086&use=l&cat=p&typeid=i","cat":284382},{"id":66755,"n":"Boisson à la noisette Végé 1L Végé - 200g","p":1.79,"u":"1,79 €/L","img":"https://fd13-photos.leclercdrive.fr/image.ashx?id=2869504&use=l&cat=p&typeid=i","cat":316067},{"id":66761,"n":"Mini gratins Côté Table Légumes du soleil - 400g","p":3.69,"u":"9,23 €/KG","img":"https://fd13-photos.leclercdrive.fr/image.ashx?id=2196823&use=l&cat=p&typeid=i","cat":319802},{"id":66785,"n":"Biscuits Nat&Vie Soja/figue 200g","p":1.26,"u":"6,30 €/KG","img":"https://fd13-photos.leclercdrive.fr/image.ashx?id=1199042&use=l&cat=p&typeid=i","cat":318651},{"id":66787,"n":"Biscuits Nat&Vie  Chocolat - 200g","p":1.07,"u":"5,35 €/KG","img":"https://fd13-photos.leclercdrive.fr/image.ashx?id=1209125&use=l&cat=p&typeid=i","cat":318651},{"id":66794,"n":"Biscuits Nat&Vie Soja/orange - 200g","p":0.96,"u":"4,80 €/KG","img":"https://fd13-photos.leclercdrive.fr/image.ashx?id=2460613&use=l&cat=p&typeid=i","cat":318651},{"id":66803,"n":"Biscuits Nutella B-ready Cacao noisettes - 330g","p":3.97,"u":"12,03 €/KG","img":"https://fd13-photos.leclercdrive.fr/image.ashx?id=2770599&use=l&cat=p&typeid=i","cat":284488},{"id":66804,"n":"Biscuits Nutella B-ready Cacao Noisettes - 220g","p":2.75,"u":"12,50 €/KG","img":"https://fd13-photos.leclercdrive.fr/image.ashx?id=2630784&use=l&cat=p&typeid=i","cat":284488},{"id":66809,"n":"Gousses vanille Vahiné  3g","p":4.26,"img":"https://fd13-photos.leclercdrive.fr/image.ashx?id=2524314&use=l&cat=p&typeid=i","cat":284504},{"id":66838,"n":"Gel coiffant Vitanove  Fixation béton - 250ml","p":1.61,"u":"6,44 €/L","img":"https://fd13-photos.leclercdrive.fr/image.ashx?id=2823087&use=l&cat=p&typeid=i","cat":284609},{"id":66843,"n":"Bandes de cire froide Siliss Visage - x32","p":2.19,"u":"0,07 €/P","img":"https://fd13-photos.leclercdrive.fr/image.ashx?id=2699708&use=l&cat=p&typeid=i","cat":325351},{"id":66844,"n":"Bandes de cire froide Siliss Jambes - x20","p":2.3,"u":"0,12 €/P","img":"https://fd13-photos.leclercdrive.fr/image.ashx?id=2699705&use=l&cat=p&typeid=i","cat":325351},{"id":66849,"n":"Dessert bébé lacté Blédina 6m Banane - 6x55g","p":1.98,"u":"6,00 €/KG","img":"https://fd13-photos.leclercdrive.fr/image.ashx?id=2952454&use=l&cat=p&typeid=i","cat":312392},{"id":66965,"n":"Matière grasse Primevere Oméga 3 - 55% - 500g","p":2.95,"u":"5,90 €/KG","img":"https://fd13-photos.leclercdrive.fr/image.ashx?id=2939328&use=l&cat=p&typeid=i","cat":315229},{"id":66967,"n":"Matière grasse Primevere 63%MG - oméga 3 - 500g","p":3.33,"u":"6,66 €/KG","img":"https://fd13-photos.leclercdrive.fr/image.ashx?id=2936044&use=l&cat=p&typeid=i","cat":315229},{"id":66968,"n":"Beurre tendre Président Doux - 82% MG - 250g","p":3.14,"u":"12,56 €/KG","img":"https://fd13-photos.leclercdrive.fr/image.ashx?id=2811944&use=l&cat=p&typeid=i","cat":284379},{"id":66982,"n":"Truite eau douce Ronde des Mers x4 tranches - 100g","p":3.24,"u":"32,40 €/KG","img":"https://fd13-photos.leclercdrive.fr/image.ashx?id=2839924&use=l&cat=p&typeid=i","cat":285188},{"id":66985,"n":"Roulés au fromage Côté Table x2 - 260g","p":2.32,"u":"8,92 €/KG","img":"https://fd13-photos.leclercdrive.fr/image.ashx?id=2084946&use=l&cat=p&typeid=i","cat":333671},{"id":66989,"n":"Yaourt bifidus Activia céréales noix - 4x120g","p":2.11,"u":"4,40 €/KG","img":"https://fd13-photos.leclercdrive.fr/image.ashx?id=2901623&use=l&cat=p&typeid=i","cat":315000},{"id":66990,"n":"Yaourt bifidus Activia céréales muesli - 4x120g","p":2.04,"u":"4,25 €/KG","img":"https://fd13-photos.leclercdrive.fr/image.ashx?id=2901620&use=l&cat=p&typeid=i","cat":315000},{"id":67091,"n":"Soupe Liquide Bio Liebig Mouliné de Légumes Brique - 1L","p":2.79,"u":"2,79 €/L","img":"https://fd13-photos.leclercdrive.fr/image.ashx?id=2939202&use=l&cat=p&typeid=i","cat":284462},{"id":67143,"n":"Quatro de graines Daco Bello Grillées - Non salées - 175g","p":4.23,"u":"24,17 €/KG","img":"https://fd13-photos.leclercdrive.fr/image.ashx?id=2298544&use=l&cat=p&typeid=i","cat":284357},{"id":67152,"n":"Tablette de chocolat noir Lindt Zestes de citron vert - 2x100g","p":5.92,"u":"29,60 €/KG","img":"https://fd13-photos.leclercdrive.fr/image.ashx?id=2230887&use=l&cat=p&typeid=i","cat":284956},{"id":67153,"n":"Tablette de chocolat noir Lindt Noir : 70% cacao - 2x100g","p":4.48,"u":"22,40 €/KG","img":"https://fd13-photos.leclercdrive.fr/image.ashx?id=2153267&use=l&cat=p&typeid=i","cat":284956},{"id":67154,"n":"Tablette de chocolat noir Lindt Noir 85% cacao - 2x100g","p":4.48,"u":"22,40 €/KG","img":"https://fd13-photos.leclercdrive.fr/image.ashx?id=2153270&use=l&cat=p&typeid=i","cat":284956},{"id":67155,"n":"Tablette de chocolat noir Lindt Orange intense - 2x100g","p":4.48,"u":"22,40 €/KG","img":"https://fd13-photos.leclercdrive.fr/image.ashx?id=2153273&use=l&cat=p&typeid=i","cat":284956},{"id":67156,"n":"Tablette de chocolat noir Lindt Caramel Pointe de sel - 2x100g","p":4.48,"u":"22,40 €/KG","img":"https://fd13-photos.leclercdrive.fr/image.ashx?id=2153276&use=l&cat=p&typeid=i","cat":284956},{"id":67168,"n":"Yaourt à boire Actimel fruits pêche gelée royale - 12x100g","p":5.0,"u":"4,17 €/KG","img":"https://fd13-photos.leclercdrive.fr/image.ashx?id=2996473&use=l&cat=p&typeid=i","cat":284415},{"id":67305,"n":"Cordon de poulet Maître Coq A la Normande - 800g","p":7.14,"u":"8,93 €/KG","img":"https://fd13-photos.leclercdrive.fr/image.ashx?id=2426935&use=l&cat=p&typeid=i","cat":333683},{"id":67392,"n":"Boisson aux fruits gazeuses Pulpe orange - 1,5L","p":1.17,"u":"0,78 €/L","img":"https://fd13-photos.leclercdrive.fr/image.ashx?id=3013567&use=l&cat=p&typeid=i","cat":284532},{"id":67393,"n":"Beurre gastronomique Président Doux - 82% MG - 250g","p":2.76,"u":"11,04 €/KG","img":"https://fd13-photos.leclercdrive.fr/image.ashx?id=3011104&use=l&cat=p&typeid=i","cat":284379},{"id":67421,"n":"Soupe Bio Mouliné Knorr Légumes du potager - 1L","p":3.31,"u":"3,31 €/L","img":"https://fd13-photos.leclercdrive.fr/image.ashx?id=2312578&use=l&cat=p&typeid=i","cat":284462},{"id":67522,"n":"Chili con carne Côté Table Au piment de Cayenne - 400g","p":1.65,"u":"4,13 €/KG","img":"https://fd13-photos.leclercdrive.fr/image.ashx?id=2977174&use=l&cat=p&typeid=i","cat":325094},{"id":67568,"n":"Curry moulu Rustica 42g","p":0.55,"u":"13,10 €/KG","img":"https://fd13-photos.leclercdrive.fr/image.ashx?id=2426100&use=l&cat=p&typeid=i","cat":298297},{"id":67569,"n":"Oignon semoule Rustica Déshydraté - 30g","p":0.99,"u":"33,00 €/KG","img":"https://fd13-photos.leclercdrive.fr/image.ashx?id=1209767&use=l&cat=p&typeid=i","cat":298297},{"id":67570,"n":"Poivre noir moulu Rustica Indonésie - 38g","p":0.81,"u":"21,32 €/KG","img":"https://fd13-photos.leclercdrive.fr/image.ashx?id=1209320&use=l&cat=p&typeid=i","cat":284457},{"id":67571,"n":"Poivre noir Rustica Moulin - 28g","p":1.22,"u":"43,57 €/KG","img":"https://fd13-photos.leclercdrive.fr/image.ashx?id=2932674&use=l&cat=p&typeid=i","cat":284457},{"id":67572,"n":"Ciboulette Rustica 4g","p":0.43,"u":"107,50 €/KG","img":"https://fd13-photos.leclercdrive.fr/image.ashx?id=1209323&use=l&cat=p&typeid=i","cat":298297},{"id":67573,"n":"Cumin moulu Rustica 32g","p":0.59,"u":"18,44 €/KG","img":"https://fd13-photos.leclercdrive.fr/image.ashx?id=1209758&use=l&cat=p&typeid=i","cat":298297},{"id":67620,"n":"Persil Rustica 5g","p":0.39,"u":"78,00 €/KG","img":"https://fd13-photos.leclercdrive.fr/image.ashx?id=1209464&use=l&cat=p&typeid=i","cat":298297},{"id":67621,"n":"Paprika doux moulu Rustica  40g","p":0.49,"u":"12,25 €/KG","img":"https://fd13-photos.leclercdrive.fr/image.ashx?id=1210086&use=l&cat=p&typeid=i","cat":298297},{"id":67622,"n":"Thym Rustica 14g","p":0.4,"u":"28,57 €/KG","img":"https://fd13-photos.leclercdrive.fr/image.ashx?id=1209755&use=l&cat=p&typeid=i","cat":298297},{"id":67651,"n":"Poivre Noir moulu Bio Village Bio  - 38g","p":1.99,"u":"52,37 €/KG","img":"https://fd13-photos.leclercdrive.fr/image.ashx?id=2454635&use=l&cat=p&typeid=i","cat":284457},{"id":67652,"n":"Poivre gris moulu Flacon - 36g","p":1.11,"u":"30,83 €/KG","img":"https://fd13-photos.leclercdrive.fr/image.ashx?id=1209749&use=l&cat=p&typeid=i","cat":284457},{"id":67653,"n":"Gingembre moulu Rustica 27g","p":1.19,"u":"44,07 €/KG","img":"https://fd13-photos.leclercdrive.fr/image.ashx?id=1209770&use=l&cat=p&typeid=i","cat":298297},{"id":67654,"n":"Ail semoule Bio Village Bio 56g","p":1.99,"u":"35,54 €/KG","img":"https://fd13-photos.leclercdrive.fr/image.ashx?id=2474947&use=l&cat=p&typeid=i","cat":298297},{"id":67667,"n":"Purée de tomate Panzani Tomacouli nature - 500g","p":0.93,"u":"1,86 €/KG","img":"https://fd13-photos.leclercdrive.fr/image.ashx?id=2979623&use=l&cat=p&typeid=i","cat":288384},{"id":67677,"n":"Clous de girofle Rustica 23g","p":1.32,"u":"57,39 €/KG","img":"https://fd13-photos.leclercdrive.fr/image.ashx?id=1210395&use=l&cat=p&typeid=i","cat":298297},{"id":67678,"n":"Curcuma moulu Rustica 37g","p":0.66,"u":"17,84 €/KG","img":"https://fd13-photos.leclercdrive.fr/image.ashx?id=1210213&use=l&cat=p&typeid=i","cat":298297},{"id":67679,"n":"Estragon Rustica 7g","p":0.79,"u":"112,86 €/KG","img":"https://fd13-photos.leclercdrive.fr/image.ashx?id=1210219&use=l&cat=p&typeid=i","cat":298297},{"id":67680,"n":"Herbes de provence Rustica 120g","p":2.6,"u":"21,67 €/KG","img":"https://fd13-photos.leclercdrive.fr/image.ashx?id=2907228&use=l&cat=p&typeid=i","cat":298297},{"id":67681,"n":"Herbes de Provence Rustica 18g","p":0.41,"u":"22,78 €/KG","img":"https://fd13-photos.leclercdrive.fr/image.ashx?id=1210398&use=l&cat=p&typeid=i","cat":298297},{"id":67682,"n":"Noix de Muscade Rustica Moulue - 32g","p":1.36,"u":"42,50 €/KG","img":"https://fd13-photos.leclercdrive.fr/image.ashx?id=1210407&use=l&cat=p&typeid=i","cat":298297},{"id":67683,"n":"Persillade Rustica 95g","p":1.74,"u":"18,32 €/KG","img":"https://fd13-photos.leclercdrive.fr/image.ashx?id=2932668&use=l&cat=p&typeid=i","cat":298297},{"id":67693,"n":"Piment de Cayenne Rustica 38g","p":1.09,"u":"28,68 €/KG","img":"https://fd13-photos.leclercdrive.fr/image.ashx?id=1210404&use=l&cat=p&typeid=i","cat":298297},{"id":67712,"n":"Yaourts nature Délisse Au lait chèvre - 4x125g","p":1.84,"u":"3,68 €/KG","img":"https://fd13-photos.leclercdrive.fr/image.ashx?id=1231988&use=l&cat=p&typeid=i","cat":314998},{"id":67875,"n":"The Pik Box Haribo Boîte bonbons acidulés - 550g","p":4.83,"u":"8,78 €/KG","img":"https://fd13-photos.leclercdrive.fr/image.ashx?id=2805219&use=l&cat=p&typeid=i","cat":304250},{"id":67885,"n":"Crème fraîche épaisse Président Entière 30%mg - 45cl","p":2.26,"u":"5,02 €/L","img":"https://fd13-photos.leclercdrive.fr/image.ashx?id=2971948&use=l&cat=p&typeid=i","cat":284381},{"id":67915,"n":"Baby carottes Florette 250g","p":1.99,"u":"7,96 €/KG","img":"https://fd13-photos.leclercdrive.fr/image.ashx?id=2786492&use=l&cat=p&typeid=i","cat":284352},{"id":68010,"n":"Crème dessert Bio Les 2 vaches Vanille - 4x95g","p":1.84,"u":"4,84 €/KG","img":"https://fd13-photos.leclercdrive.fr/image.ashx?id=2774015&use=l&cat=p&typeid=i","cat":285041},{"id":68012,"n":"Crème dessert Bio Les 2 vaches Chocolat - 4x95g","p":1.74,"u":"4,58 €/KG","img":"https://fd13-photos.leclercdrive.fr/image.ashx?id=2774100&use=l&cat=p&typeid=i","cat":285041},{"id":68087,"n":"Ananas Douceur du Verger Tranches brisées -  340g","p":1.59,"u":"4,68 €/KG","img":"https://fd13-photos.leclercdrive.fr/image.ashx?id=1216284&use=l&cat=p&typeid=i","cat":284507},{"id":68088,"n":"Cannelle Rustica 39g","p":0.88,"u":"22,56 €/KG","img":"https://fd13-photos.leclercdrive.fr/image.ashx?id=1216287&use=l&cat=p&typeid=i","cat":298297},{"id":68090,"n":"Champignons Bio Village Bio Emincés - 170g","p":2.25,"u":"13,24 €/KG","img":"https://fd13-photos.leclercdrive.fr/image.ashx?id=2401201&use=l&cat=p&typeid=i","cat":312610},{"id":68094,"n":"Poivre blanc Rustica Moulu - 36g","p":1.89,"u":"52,50 €/KG","img":"https://fd13-photos.leclercdrive.fr/image.ashx?id=1216415&use=l&cat=p&typeid=i","cat":284457},{"id":68095,"n":"Yaourt à la grecque YAOS Nature lit de fraises 4x125g","p":2.56,"u":"5,12 €/KG","img":"https://fd13-photos.leclercdrive.fr/image.ashx?id=2729734&use=l&cat=p&typeid=i","cat":314999},{"id":68097,"n":"Yaourt à la grecque YAOS Citron - 4x125g","p":2.69,"u":"5,38 €/KG","img":"https://fd13-photos.leclercdrive.fr/image.ashx?id=2578672&use=l&cat=p&typeid=i","cat":314999},{"id":68145,"n":"Courge Spaghetti  La pièce","p":2.35,"img":"https://fd13-photos.leclercdrive.fr/image.ashx?id=1631269&use=l&cat=p&typeid=i","cat":284352},{"id":68158,"n":"Lardons fumés 1kg","p":8.9,"u":"8,90 €/KG","img":"https://fd13-photos.leclercdrive.fr/image.ashx?id=1227792&use=l&cat=p&typeid=i","cat":316011},{"id":68214,"n":"Biscuits Petits Cœurs LU Chocolat - 125g","p":1.15,"u":"9,20 €/KG","img":"https://fd13-photos.leclercdrive.fr/image.ashx?id=3002021&use=l&cat=p&typeid=i","cat":284488},{"id":68217,"n":"Biscuits Croc Sablé Pépito  Chocolat - 294g","p":1.19,"u":"4,05 €/KG","img":"https://fd13-photos.leclercdrive.fr/image.ashx?id=2347254&use=l&cat=p&typeid=i","cat":284488},{"id":68278,"n":"Recharge gel lavant Manava Hypoallergénique - 250ml","p":0.66,"u":"2,64 €/L","img":"https://fd13-photos.leclercdrive.fr/image.ashx?id=2935537&use=l&cat=p&typeid=i","cat":284597},{"id":68399,"n":"Poisson pané Double délice   Findus x8 - 600g","p":5.6,"u":"9,33 €/KG","img":"https://fd13-photos.leclercdrive.fr/image.ashx?id=2679594&use=l&cat=p&typeid=i","cat":319788},{"id":68432,"n":"Gel WC Syphon Activ'Effect Fraîcheur pin - 750ml","p":0.74,"u":"0,99 €/L","img":"https://fd13-photos.leclercdrive.fr/image.ashx?id=2388382&use=l&cat=p&typeid=i","cat":284662},{"id":68439,"n":"Baguette l'Andrézienne 250g","p":0.95,"u":"3,80 €/KG","img":"https://fd13-photos.leclercdrive.fr/image.ashx?id=1218072&use=l&cat=p&typeid=i","cat":284359},{"id":68445,"n":"Recharge crème lavante Manava Framboise pivoine - 250ml","p":0.57,"u":"2,28 €/L","img":"https://fd13-photos.leclercdrive.fr/image.ashx?id=2935510&use=l&cat=p&typeid=i","cat":284597},{"id":68453,"n":"Gel lavant Manava Hypoallergénique - 300ml","p":1.05,"u":"3,50 €/L","img":"https://fd13-photos.leclercdrive.fr/image.ashx?id=2935528&use=l&cat=p&typeid=i","cat":284597},{"id":68454,"n":"Savon noir Clair Mou - 1kg","p":4.3,"u":"4,30 €/KG","img":"https://fd13-photos.leclercdrive.fr/image.ashx?id=1294158&use=l&cat=p&typeid=i","cat":284907},{"id":68455,"n":"Gel nettoyant Syphon Entretien menthe - 1L","p":2.89,"u":"2,89 €/L","img":"https://fd13-photos.leclercdrive.fr/image.ashx?id=1846253&use=l&cat=p&typeid=i","cat":284908},{"id":68475,"n":"Culotte Chorys Médium nuit - x12","p":8.56,"u":"0,71 €/P","img":"https://fd13-photos.leclercdrive.fr/image.ashx?id=2716009&use=l&cat=p&typeid=i","cat":284628},{"id":68476,"n":"Culotte Chorys Absorption plus large nuit x10","p":7.14,"u":"0,71 €/P","img":"https://fd13-photos.leclercdrive.fr/image.ashx?id=2704490&use=l&cat=p&typeid=i","cat":284628},{"id":68479,"n":"Couches de bain Mots d'Enfants Baby Swim - Taille S - x12","p":6.1,"img":"https://fd13-photos.leclercdrive.fr/image.ashx?id=2533202&use=l&cat=p&typeid=i","cat":290634},{"id":68482,"n":"Couches de bain Mots d'Enfants Baby Swim - Taille M - x11","p":5.89,"u":"0,54 €/P","img":"https://fd13-photos.leclercdrive.fr/image.ashx?id=2533205&use=l&cat=p&typeid=i","cat":290634},{"id":68486,"n":"Tampon Nett  Digital normal boite - x24","p":2.42,"u":"0,10 €/P","img":"https://fd13-photos.leclercdrive.fr/image.ashx?id=2359657&use=l&cat=p&typeid=i","cat":284626},{"id":68640,"n":"Plat four rectangulaire Pyrex Cook&Go +couvercle 24x18cm 1.7L","p":12.7,"img":"https://fd13-photos.leclercdrive.fr/image.ashx?id=2939787&use=l&cat=p&typeid=i","cat":284710},{"id":68644,"n":"Plat four rectangulaire Pyrex Avec couvercle 30x23cm / 3.30L","p":16.9,"img":"https://fd13-photos.leclercdrive.fr/image.ashx?id=1886929&use=l&cat=p&typeid=i","cat":284710},{"id":68645,"n":"Boîte carrée Pyrex Cook&go avec couvercle 21cm","p":12.9,"img":"https://fd13-photos.leclercdrive.fr/image.ashx?id=1886932&use=l&cat=p&typeid=i","cat":284710},{"id":68668,"n":"Serpillère Vileda Ultramax Power","p":18.7,"img":"https://fd13-photos.leclercdrive.fr/image.ashx?id=2463353&use=l&cat=p&typeid=i","cat":284669},{"id":68737,"n":"Crème de coco légère Bio Bjorg  20cl","p":1.6,"u":"8,00 €/L","img":"https://fd13-photos.leclercdrive.fr/image.ashx?id=2936386&use=l&cat=p&typeid=i","cat":288992},{"id":68738,"n":"Soja cuisine - semi-épaisse Bio Bjorg - 25cl","p":1.16,"u":"4,64 €/L","img":"https://fd13-photos.leclercdrive.fr/image.ashx?id=2906196&use=l&cat=p&typeid=i","cat":316069},{"id":68824,"n":"Coton maxi carré Inell Aloé Vera - x50","p":1.75,"u":"0,04 €/P","img":"https://fd13-photos.leclercdrive.fr/image.ashx?id=1959190&use=l&cat=p&typeid=i","cat":284636},{"id":68840,"n":"Chocolat noir Bio Village Bio - Noisettes entières - 200g","p":3.33,"u":"16,65 €/KG","img":"https://fd13-photos.leclercdrive.fr/image.ashx?id=2077472&use=l&cat=p&typeid=i","cat":284956},{"id":68844,"n":"Mini crackers Tokapi 75g","p":0.95,"u":"12,67 €/KG","img":"https://fd13-photos.leclercdrive.fr/image.ashx?id=2096458&use=l&cat=p&typeid=i","cat":297000},{"id":68861,"n":"Miel Bio Village Bio crémeux de fleurs - 500g","p":4.99,"u":"9,98 €/KG","img":"https://fd13-photos.leclercdrive.fr/image.ashx?id=2564219&use=l&cat=p&typeid=i","cat":287643},{"id":68862,"n":"Pâte à tartiner Nustikao 600g","p":2.73,"u":"4,55 €/KG","img":"https://fd13-photos.leclercdrive.fr/image.ashx?id=2814869&use=l&cat=p&typeid=i","cat":284481},{"id":68863,"n":"Compote Douceur du Verger Gourdes Pomme - 12x90g","p":2.95,"u":"2,73 €/KG","img":"https://fd13-photos.leclercdrive.fr/image.ashx?id=2317276&use=l&cat=p&typeid=i","cat":284508},{"id":68864,"n":"Compote Douceur du Verger Bocal pomme poire - 710g","p":1.75,"u":"2,46 €/KG","img":"https://fd13-photos.leclercdrive.fr/image.ashx?id=2263224&use=l&cat=p&typeid=i","cat":284508},{"id":68865,"n":"Compote Douceur du Verger Bocal pomme vanille - 710g","p":1.57,"u":"2,21 €/KG","img":"https://fd13-photos.leclercdrive.fr/image.ashx?id=1929349&use=l&cat=p&typeid=i","cat":284508},{"id":68866,"n":"Compote Douceur du Verger Bocal pomme - 710g","p":1.27,"u":"1,79 €/KG","img":"https://fd13-photos.leclercdrive.fr/image.ashx?id=2232589&use=l&cat=p&typeid=i","cat":284508},{"id":68868,"n":"Riz long Bio Village Bio semi complet - 500g","p":2.25,"u":"4,50 €/KG","img":"https://fd13-photos.leclercdrive.fr/image.ashx?id=2441513&use=l&cat=p&typeid=i","cat":284428},{"id":68870,"n":"Pistaches Bio Village Grillées salées bio - 100g","p":2.6,"u":"26,00 €/KG","img":"https://fd13-photos.leclercdrive.fr/image.ashx?id=1437502&use=l&cat=p&typeid=i","cat":284448},{"id":68881,"n":"Litchis Douceur du Verger Sirop léger - 250g","p":2.74,"u":"10,96 €/KG","img":"https://fd13-photos.leclercdrive.fr/image.ashx?id=2133951&use=l&cat=p&typeid=i","cat":284507},{"id":68882,"n":"Compote bio Bio Village Coupelle pomme - 8x100g","p":2.89,"u":"3,61 €/KG","img":"https://fd13-photos.leclercdrive.fr/image.ashx?id=1947749&use=l&cat=p&typeid=i","cat":284508},{"id":68913,"n":"Purificateur d'air Sanytol Désinfectant - 300ml","p":3.82,"u":"12,73 €/L","img":"https://fd13-photos.leclercdrive.fr/image.ashx?id=2901659&use=l&cat=p&typeid=i","cat":311626},{"id":68935,"n":"Soupe Régal Soupe Poule pot vermicelles - 1L","p":2.02,"u":"2,02 €/L","img":"https://fd13-photos.leclercdrive.fr/image.ashx?id=2043029&use=l&cat=p&typeid=i","cat":284462},{"id":68951,"n":"Crème dessert La Laitière  Velours de crème caramel 4x85g","p":1.95,"u":"5,74 €/KG","img":"https://fd13-photos.leclercdrive.fr/image.ashx?id=3007930&use=l&cat=p&typeid=i","cat":285041},{"id":68952,"n":"Crème dessert La Laitière Velours de crème chocolat 4x85g","p":2.19,"u":"6,44 €/KG","img":"https://fd13-photos.leclercdrive.fr/image.ashx?id=2633824&use=l&cat=p&typeid=i","cat":285041},{"id":68953,"n":"Crème dessert La Laitière Chocolat Caramel - 4x85g","p":2.19,"u":"6,44 €/KG","img":"https://fd13-photos.leclercdrive.fr/image.ashx?id=2633827&use=l&cat=p&typeid=i","cat":285041},{"id":68986,"n":"Lait d'amande Bio Village Sans sucre bio - 1L","p":1.41,"u":"1,41 €/L","img":"https://fd13-photos.leclercdrive.fr/image.ashx?id=2939097&use=l&cat=p&typeid=i","cat":316067},{"id":68996,"n":"Crackers bio Bio Village Emmental courge - 200g","p":2.69,"u":"13,45 €/KG","img":"https://fd13-photos.leclercdrive.fr/image.ashx?id=2310507&use=l&cat=p&typeid=i","cat":297000},{"id":69004,"n":"Moutarde Bio Village A l'ancienne bio - 200g","p":1.57,"u":"7,85 €/KG","img":"https://fd13-photos.leclercdrive.fr/image.ashx?id=2607966&use=l&cat=p&typeid=i","cat":288850},{"id":69006,"n":"Tomates séchées Rustica Bocal - 280g","p":2.5,"u":"8,93 €/KG","img":"https://fd13-photos.leclercdrive.fr/image.ashx?id=1222392&use=l&cat=p&typeid=i","cat":284458},{"id":69011,"n":"Petit beurre Sans Gluten 130g","p":1.82,"u":"14,00 €/KG","img":"https://fd13-photos.leclercdrive.fr/image.ashx?id=2460622&use=l&cat=p&typeid=i","cat":318654},{"id":69061,"n":"Yaourt nature Danone 4x125g","p":0.93,"u":"1,86 €/KG","img":"https://fd13-photos.leclercdrive.fr/image.ashx?id=2911184&use=l&cat=p&typeid=i","cat":284409},{"id":69062,"n":"Yaourt nature Danone 12x125g","p":2.75,"u":"1,83 €/KG","img":"https://fd13-photos.leclercdrive.fr/image.ashx?id=2915688&use=l&cat=p&typeid=i","cat":284409},{"id":69063,"n":"Yaourt nature Danone 16x125g","p":3.13,"u":"1,57 €/KG","img":"https://fd13-photos.leclercdrive.fr/image.ashx?id=2915691&use=l&cat=p&typeid=i","cat":284409},{"id":69067,"n":"Crème dessert Délisse Saveur cookies - 4x125g","p":1.52,"u":"3,04 €/KG","img":"https://fd13-photos.leclercdrive.fr/image.ashx?id=2441405&use=l&cat=p&typeid=i","cat":285041},{"id":69068,"n":"Crème dessert Délisse Saveur Brownie - 4x125g","p":1.55,"u":"3,10 €/KG","img":"https://fd13-photos.leclercdrive.fr/image.ashx?id=2441411&use=l&cat=p&typeid=i","cat":285041},{"id":69069,"n":"Yaourts brassés velouté Danone Nature - 12x125g","p":3.6,"u":"2,40 €/KG","img":"https://fd13-photos.leclercdrive.fr/image.ashx?id=2865581&use=l&cat=p&typeid=i","cat":284409},{"id":69070,"n":"Yaourts brassés velouté Danone Nature - 16x125g","p":4.23,"u":"2,12 €/KG","img":"https://fd13-photos.leclercdrive.fr/image.ashx?id=2865584&use=l&cat=p&typeid=i","cat":284409},{"id":69072,"n":"petit suisse aux fruits danonino - 6x50g","p":1.8,"u":"6,00 €/KG","img":"https://fd13-photos.leclercdrive.fr/image.ashx?id=2785208&use=l&cat=p&typeid=i","cat":284414},{"id":69074,"n":"Yaourts brassés Velouté Danone Nature - 8x125g","p":2.46,"u":"2,46 €/KG","img":"https://fd13-photos.leclercdrive.fr/image.ashx?id=2865590&use=l&cat=p&typeid=i","cat":284409},{"id":69084,"n":"petit suisse aux fruits danonino - 6x100g","p":3.01,"u":"5,02 €/KG","img":"https://fd13-photos.leclercdrive.fr/image.ashx?id=3003134&use=l&cat=p&typeid=i","cat":284414},{"id":69141,"n":"Papier cuisson Elembal Rouleau 8m","p":1.08,"u":"0,14 €/MT","img":"https://fd13-photos.leclercdrive.fr/image.ashx?id=2169168&use=l&cat=p&typeid=i","cat":334134},{"id":69145,"n":"Crème lavante Manava Framboise pivoine - 300ml","p":1.28,"u":"4,27 €/L","img":"https://fd13-photos.leclercdrive.fr/image.ashx?id=2935507&use=l&cat=p&typeid=i","cat":284597},{"id":69147,"n":"Café dosettes Tassimo L'Or Café Long Classique x16","p":4.51,"u":"43,37 €/KG","img":"https://fd13-photos.leclercdrive.fr/image.ashx?id=2160312&use=l&cat=p&typeid=i","cat":293240},{"id":69148,"n":"Café dosettes Tassimo L'Or Café Long Intense x16","p":4.75,"u":"37,11 €/KG","img":"https://fd13-photos.leclercdrive.fr/image.ashx?id=2290599&use=l&cat=p&typeid=i","cat":293240},{"id":69150,"n":"Nettoyant multi surfaces Clair Citron - 1.5L","p":1.7,"u":"1,13 €/L","img":"https://fd13-photos.leclercdrive.fr/image.ashx?id=2534211&use=l&cat=p&typeid=i","cat":284907},{"id":69151,"n":"Nettoyant multi surfaces Clair Pins - 1.5L","p":1.7,"u":"1,13 €/L","img":"https://fd13-photos.leclercdrive.fr/image.ashx?id=2369164&use=l&cat=p&typeid=i","cat":284907},{"id":69152,"n":"Nettoyant multi surfaces Clair Fleurs - 1.5L","p":1.7,"u":"1,13 €/L","img":"https://fd13-photos.leclercdrive.fr/image.ashx?id=2381556&use=l&cat=p&typeid=i","cat":284907},{"id":69153,"n":"Nettoyant multi surfaces Clair Fraîcheur pure - 1.5L","p":1.7,"u":"1,13 €/L","img":"https://fd13-photos.leclercdrive.fr/image.ashx?id=2373263&use=l&cat=p&typeid=i","cat":284907},{"id":69154,"n":"Nettoyant multi surfaces Clair Savon de Marseille - 1.5L","p":1.7,"u":"1,13 €/L","img":"https://fd13-photos.leclercdrive.fr/image.ashx?id=2081708&use=l&cat=p&typeid=i","cat":284907},{"id":69155,"n":"Nettoyant multi surfaces Clair Savon noir - 1.5L","p":1.7,"u":"1,13 €/L","img":"https://fd13-photos.leclercdrive.fr/image.ashx?id=2849584&use=l&cat=p&typeid=i","cat":284907},{"id":69211,"n":"Brioche tressée Epi d'or Perles de sucre - 500g","p":2.5,"u":"5,00 €/KG","img":"https://fd13-photos.leclercdrive.fr/image.ashx?id=2401894&use=l&cat=p&typeid=i","cat":284478},{"id":69215,"n":"Pains wrap Epi d'Or Nature x6 - 383g","p":1.95,"u":"5,09 €/KG","img":"https://fd13-photos.leclercdrive.fr/image.ashx?id=2425488&use=l&cat=p&typeid=i","cat":284985},{"id":69218,"n":"Mini toasts Epi d'or Carré - 120g","p":1.79,"u":"14,92 €/KG","img":"https://fd13-photos.leclercdrive.fr/image.ashx?id=2473996&use=l&cat=p&typeid=i","cat":285454},{"id":69227,"n":"Huile vierge Bio Village Coco bio - 200ml","p":2.28,"u":"11,40 €/L","img":"https://fd13-photos.leclercdrive.fr/image.ashx?id=1974311&use=l&cat=p&typeid=i","cat":284453},{"id":69233,"n":"Capsules café L'Or Espresso Ristretto N°11 x10","p":3.09,"u":"59,42 €/KG","img":"https://fd13-photos.leclercdrive.fr/image.ashx?id=2260869&use=l&cat=p&typeid=i","cat":284749},{"id":69256,"n":"Dessert panaché Andros Panaché - 16x100g","p":5.19,"u":"3,24 €/KG","img":"https://fd13-photos.leclercdrive.fr/image.ashx?id=2875114&use=l&cat=p&typeid=i","cat":284416},{"id":69268,"n":"Liquide vaisselle Rainett Citron écologique - 750ml","p":1.83,"u":"2,44 €/L","img":"https://fd13-photos.leclercdrive.fr/image.ashx?id=2297129&use=l&cat=p&typeid=i","cat":284655},{"id":69279,"n":"Crème soin jour Diadermine Expert Fondamental  - 50ml","p":10.06,"u":"201,20 €/L","img":"https://fd13-photos.leclercdrive.fr/image.ashx?id=2458334&use=l&cat=p&typeid=i","cat":325345},{"id":69280,"n":"Couches bébé Mots d'enfants Midi T3 4/9kg - x50 changes","p":6.35,"u":"0,13 €/P","img":"https://fd13-photos.leclercdrive.fr/image.ashx?id=2699717&use=l&cat=p&typeid=i","cat":284737},{"id":69281,"n":"Couches bébé Mots d'enfants Ultra confort T4 7/18kg - x44","p":6.35,"u":"0,14 €/P","img":"https://fd13-photos.leclercdrive.fr/image.ashx?id=2699720&use=l&cat=p&typeid=i","cat":284737},{"id":69282,"n":"Couches bébé Mots d'enfants Ultra confort T4+  9/20kg - x41","p":6.35,"u":"0,15 €/P","img":"https://fd13-photos.leclercdrive.fr/image.ashx?id=2699723&use=l&cat=p&typeid=i","cat":284737},{"id":69283,"n":"Couches bébé Mots d'enfants Ultra confort T5 11/25kg - x39","p":6.35,"u":"0,16 €/P","img":"https://fd13-photos.leclercdrive.fr/image.ashx?id=2699726&use=l&cat=p&typeid=i","cat":284737},{"id":69284,"n":"Couches bébé Mots d'enfants Ultra confort T6  16/23kg - x33","p":6.35,"u":"0,19 €/P","img":"https://fd13-photos.leclercdrive.fr/image.ashx?id=2699729&use=l&cat=p&typeid=i","cat":284737},{"id":69285,"n":"Couches bébé Mots d'enfants T4 Ultra confort 7/18kg - x144","p":19.85,"u":"0,14 €/P","img":"https://fd13-photos.leclercdrive.fr/image.ashx?id=1986653&use=l&cat=p&typeid=i","cat":284737},{"id":69286,"n":"Couches bébé Mots d'enfants T5 Ultra confort 11/25kg - x136","p":19.85,"u":"0,15 €/P","img":"https://fd13-photos.leclercdrive.fr/image.ashx?id=2463816&use=l&cat=p&typeid=i","cat":284737},{"id":69317,"n":"Eau minérale naturelle Vittel 6x1.5L","p":2.86,"u":"0,32 €/L","img":"https://fd13-photos.leclercdrive.fr/image.ashx?id=3000441&use=l&cat=p&typeid=i","cat":284535},{"id":69327,"n":"Piles Duracell MN21 x2","p":5.1,"u":"2,55 €/P","img":"https://fd13-photos.leclercdrive.fr/image.ashx?id=2328739&use=l&cat=p&typeid=i","cat":300572},{"id":69383,"n":"Fromage à Raclette RichesMonts  Duo Classique & Fumée - 420G","p":6.5,"u":"15,48 €/KG","img":"https://fd13-photos.leclercdrive.fr/image.ashx?id=2953815&use=l&cat=p&typeid=i","cat":314037},{"id":69385,"n":"Fromage à Raclette RichesMonts  Duo Classique 3 Poivres - 420G","p":6.31,"u":"15,02 €/KG","img":"https://fd13-photos.leclercdrive.fr/image.ashx?id=2953818&use=l&cat=p&typeid=i","cat":314037},{"id":69395,"n":"Fromage Raclette Entremont Triangle 3 saveurs - 600g","p":9.37,"u":"15,62 €/KG","img":"https://fd13-photos.leclercdrive.fr/image.ashx?id=2951746&use=l&cat=p&typeid=i","cat":314037},{"id":69396,"n":"Fromage à Raclette RichesMonts  Sans croûte 18 Tranches - 420g","p":5.89,"u":"14,02 €/KG","img":"https://fd13-photos.leclercdrive.fr/image.ashx?id=2960765&use=l&cat=p&typeid=i","cat":314037},{"id":69418,"n":"Serviette papier Homeside Triple épaisseur 40x40cm - x20","p":1.39,"u":"0,07 €/P","img":"https://fd13-photos.leclercdrive.fr/image.ashx?id=1659732&use=l&cat=p&typeid=i","cat":334134},{"id":69430,"n":"Poulet Basquaise NRT 750g","p":7.99,"u":"10,65 €/KG","img":"https://fd13-photos.leclercdrive.fr/image.ashx?id=1935877&use=l&cat=p&typeid=i","cat":284441},{"id":69442,"n":"Madeleines NRT Caramel - 330g","p":3.29,"u":"9,97 €/KG","img":"https://fd13-photos.leclercdrive.fr/image.ashx?id=2607885&use=l&cat=p&typeid=i","cat":284492},{"id":69494,"n":"Terrine de campagne forestière L'Atelier Charcuterie - 170g","p":2.95,"u":"17,35 €/KG","img":"https://fd13-photos.leclercdrive.fr/image.ashx?id=2882292&use=l&cat=p&typeid=i","cat":316008},{"id":69648,"n":"Potimarron x1","p":2.08,"img":"https://fd13-photos.leclercdrive.fr/image.ashx?id=1633121&use=l&cat=p&typeid=i","cat":284352},{"id":69679,"n":"Yaourt à la grecque YAOS Nature lit de myrtilles 4x125g","p":2.75,"u":"5,50 €/KG","img":"https://fd13-photos.leclercdrive.fr/image.ashx?id=2614933&use=l&cat=p&typeid=i","cat":314999},{"id":69680,"n":"Yaourt à la grecque YAOS Nature lit de pêches 4x125g","p":2.34,"u":"4,68 €/KG","img":"https://fd13-photos.leclercdrive.fr/image.ashx?id=2539533&use=l&cat=p&typeid=i","cat":314999},{"id":69705,"n":"Coleslaw moutarde Bonduelle 320g","p":1.81,"u":"5,66 €/KG","img":"https://fd13-photos.leclercdrive.fr/image.ashx?id=2894185&use=l&cat=p&typeid=i","cat":333657},{"id":69720,"n":"Gougères au fromage Côté Table x20 - 140g","p":3.76,"u":"26,86 €/KG","img":"https://fd13-photos.leclercdrive.fr/image.ashx?id=2196808&use=l&cat=p&typeid=i","cat":319774},{"id":69739,"n":"Mini feuilletés Côté Table Apéritifs - x30 - 360g","p":3.72,"u":"10,33 €/KG","img":"https://fd13-photos.leclercdrive.fr/image.ashx?id=2212509&use=l&cat=p&typeid=i","cat":319774},{"id":69740,"n":"Mini-feuilletés Côté Table Apéritifs - x80 - 740g","p":6.83,"u":"9,23 €/KG","img":"https://fd13-photos.leclercdrive.fr/image.ashx?id=2238045&use=l&cat=p&typeid=i","cat":319774},{"id":69741,"n":"Mini-feuilletés Côté Table Apéritifs - x40 - 350g","p":3.37,"u":"9,63 €/KG","img":"https://fd13-photos.leclercdrive.fr/image.ashx?id=2632873&use=l&cat=p&typeid=i","cat":319774},{"id":69803,"n":"Riz provençale Bonduelle Thon - 320g","p":1.92,"u":"6,00 €/KG","img":"https://fd13-photos.leclercdrive.fr/image.ashx?id=2907905&use=l&cat=p&typeid=i","cat":333657},{"id":69910,"n":"Origan Rustica 11g","p":0.45,"u":"40,91 €/KG","img":"https://fd13-photos.leclercdrive.fr/image.ashx?id=1232057&use=l&cat=p&typeid=i","cat":298297},{"id":70114,"n":"Biscuits p'tit dèj BN Extra céréales complètes - 200g","p":1.81,"u":"9,05 €/KG","img":"https://fd13-photos.leclercdrive.fr/image.ashx?id=2603471&use=l&cat=p&typeid=i","cat":284491},{"id":70117,"n":"Biscuits Mc Vitie's Original - 400g","p":1.68,"u":"4,20 €/KG","img":"https://fd13-photos.leclercdrive.fr/image.ashx?id=2310182&use=l&cat=p&typeid=i","cat":284487},{"id":70118,"n":"Biscuits Mc Vitie's Chocolat au lait - 300g","p":1.78,"u":"5,93 €/KG","img":"https://fd13-photos.leclercdrive.fr/image.ashx?id=2589491&use=l&cat=p&typeid=i","cat":284488},{"id":70123,"n":"Fromage blanc Danone Nature 3%MG - 8x100g","p":2.9,"u":"3,63 €/KG","img":"https://fd13-photos.leclercdrive.fr/image.ashx?id=2792075&use=l&cat=p&typeid=i","cat":284409},{"id":70126,"n":"Fromage blanc Danone Nature 3%MG - 4x100g","p":1.7,"u":"4,25 €/KG","img":"https://fd13-photos.leclercdrive.fr/image.ashx?id=2833225&use=l&cat=p&typeid=i","cat":284409},{"id":70334,"n":"Kasteel rouge  8° 75cl","p":5.3,"u":"7,07 €/L","img":"https://fd13-photos.leclercdrive.fr/image.ashx?id=2981325&use=l&cat=p&typeid=i","cat":334872},{"id":70335,"n":"Kasteel blonde  11° - 75cl","p":5.58,"u":"7,44 €/L","img":"https://fd13-photos.leclercdrive.fr/image.ashx?id=2483218&use=l&cat=p&typeid=i","cat":334872},{"id":70389,"n":"Café dosettes Tassimo L'Or Cappuccino x8","p":4.89,"u":"18,31 €/KG","img":"https://fd13-photos.leclercdrive.fr/image.ashx?id=2100305&use=l&cat=p&typeid=i","cat":293240},{"id":70438,"n":"Fines feuilles de chocolat noir After Eight - 200g","p":5.0,"u":"25,00 €/KG","img":"https://fd13-photos.leclercdrive.fr/image.ashx?id=2897345&use=l&cat=p&typeid=i","cat":327595},{"id":70559,"n":"Ciboulette bio Bio Village 4g","p":0.68,"u":"170,00 €/KG","img":"https://fd13-photos.leclercdrive.fr/image.ashx?id=2426106&use=l&cat=p&typeid=i","cat":298297},{"id":70579,"n":"Fromage Caprice des Dieux  200g","p":2.84,"u":"14,20 €/KG","img":"https://fd13-photos.leclercdrive.fr/image.ashx?id=2762438&use=l&cat=p&typeid=i","cat":314033},{"id":70640,"n":"Mayonnaise Rustica Ma recette - 235g","p":1.38,"u":"5,87 €/KG","img":"https://fd13-photos.leclercdrive.fr/image.ashx?id=2443185&use=l&cat=p&typeid=i","cat":298295},{"id":70993,"n":"Coulommiers Président  350g","p":2.76,"u":"7,89 €/KG","img":"https://fd13-photos.leclercdrive.fr/image.ashx?id=2029862&use=l&cat=p&typeid=i","cat":314033},{"id":71043,"n":"Salade de quinoa aux légumes Sans Gluten - 250g","p":1.97,"u":"7,88 €/KG","img":"https://fd13-photos.leclercdrive.fr/image.ashx?id=2918733&use=l&cat=p&typeid=i","cat":333657},{"id":71060,"n":"Basilic Rustica 11g","p":0.39,"u":"35,45 €/KG","img":"https://fd13-photos.leclercdrive.fr/image.ashx?id=1238478&use=l&cat=p&typeid=i","cat":298297},{"id":71075,"n":"Vinaigrette biphase Rustica Tomate/ Balsamique - 50cl","p":2.72,"u":"5,44 €/L","img":"https://fd13-photos.leclercdrive.fr/image.ashx?id=1972937&use=l&cat=p&typeid=i","cat":284456},{"id":71078,"n":"Apéritivo bitter Volcano Spritz 15%vol - 1L","p":6.99,"u":"6,99 €/L","img":"https://fd13-photos.leclercdrive.fr/image.ashx?id=2473963&use=l&cat=p&typeid=i","cat":284913},{"id":71090,"n":"Boisson énergisante Red bull 6x250ml","p":6.69,"u":"4,46 €/L","img":"https://fd13-photos.leclercdrive.fr/image.ashx?id=3011989&use=l&cat=p&typeid=i","cat":284533},{"id":71102,"n":"Bière Desperados 65cl","p":2.54,"u":"3,91 €/L","img":"https://fd13-photos.leclercdrive.fr/image.ashx?id=2977960&use=l&cat=p&typeid=i","cat":334878},{"id":71106,"n":"Ail semoule Rustica 110g","p":1.39,"u":"12,64 €/KG","img":"https://fd13-photos.leclercdrive.fr/image.ashx?id=2870038&use=l&cat=p&typeid=i","cat":298297},{"id":71107,"n":"Bouquet garni entier Rustica 17g","p":1.68,"u":"98,82 €/KG","img":"https://fd13-photos.leclercdrive.fr/image.ashx?id=1710608&use=l&cat=p&typeid=i","cat":298297},{"id":71154,"n":"Arôme vanille Tablier Blanc 200ml","p":2.31,"u":"11,55 €/L","img":"https://fd13-photos.leclercdrive.fr/image.ashx?id=2487476&use=l&cat=p&typeid=i","cat":284504},{"id":71155,"n":"Ail semoule Rustica Flacon - 60g","p":0.99,"u":"16,50 €/KG","img":"https://fd13-photos.leclercdrive.fr/image.ashx?id=1239500&use=l&cat=p&typeid=i","cat":298297},{"id":71156,"n":"Moulin 5 baies Rustica Flacon - 24g","p":1.19,"u":"49,58 €/KG","img":"https://fd13-photos.leclercdrive.fr/image.ashx?id=1691342&use=l&cat=p&typeid=i","cat":284457},{"id":71157,"n":"Herbe de provence haché Rustica 40g","p":0.88,"u":"22,00 €/KG","img":"https://fd13-photos.leclercdrive.fr/image.ashx?id=1239455&use=l&cat=p&typeid=i","cat":298297},{"id":71158,"n":"Poivre gris moulu Rustica Boite - 90g","p":2.29,"u":"25,44 €/KG","img":"https://fd13-photos.leclercdrive.fr/image.ashx?id=2907204&use=l&cat=p&typeid=i","cat":284457},{"id":71162,"n":"Assortiment crackers Tokapi 85g","p":0.69,"u":"8,12 €/KG","img":"https://fd13-photos.leclercdrive.fr/image.ashx?id=1926981&use=l&cat=p&typeid=i","cat":297000},{"id":71164,"n":"Gel lavant Bionaïa Abricot bio - 300ml","p":1.79,"u":"5,97 €/L","img":"https://fd13-photos.leclercdrive.fr/image.ashx?id=2935525&use=l&cat=p&typeid=i","cat":284597},{"id":71209,"n":"Café moulu L'Origine du Goût Sumatra  - 250g","p":5.29,"u":"21,16 €/KG","img":"https://fd13-photos.leclercdrive.fr/image.ashx?id=2626142&use=l&cat=p&typeid=i","cat":284750},{"id":71232,"n":"Scotch Whisky William Peel Edition limitée 40%vol - 1L","p":16.55,"pp":15.55,"u":"15,55 €/L","img":"https://fd13-photos.leclercdrive.fr/image.ashx?id=2867014&use=l&cat=p&typeid=i","cat":284547},{"id":71327,"n":"Whisky Aberlour Triple Cask Single Malt Scotch 40% vol 70cl","p":37.71,"u":"53,87 €/L","img":"https://fd13-photos.leclercdrive.fr/image.ashx?id=2860514&use=l&cat=p&typeid=i","cat":284547},{"id":71351,"n":"Cocktail Pêche Océan Fruits de mer - 500g","p":4.94,"u":"9,88 €/KG","img":"https://fd13-photos.leclercdrive.fr/image.ashx?id=2686347&use=l&cat=p&typeid=i","cat":319787},{"id":71412,"n":"Déodorant Manava Cologne - 100ml","p":1.39,"u":"13,90 €/L","img":"https://fd13-photos.leclercdrive.fr/image.ashx?id=1791793&use=l&cat=p&typeid=i","cat":284595},{"id":71417,"n":"Petits pois très fins Eco  560g","p":1.15,"u":"2,05 €/KG","img":"https://fd13-photos.leclercdrive.fr/image.ashx?id=3003711&use=l&cat=p&typeid=i","cat":312607},{"id":71419,"n":"Petits pois carottes Eco  530g","p":1.12,"u":"2,11 €/KG","img":"https://fd13-photos.leclercdrive.fr/image.ashx?id=3003714&use=l&cat=p&typeid=i","cat":312607},{"id":71429,"n":"Haricots verts extra fins Eco  440g","p":1.04,"u":"2,36 €/KG","img":"https://fd13-photos.leclercdrive.fr/image.ashx?id=3003726&use=l&cat=p&typeid=i","cat":312606},{"id":71433,"n":"Choux-fleurs Eco+ 1kg","p":1.31,"u":"1,31 €/KG","img":"https://fd13-photos.leclercdrive.fr/image.ashx?id=2892334&use=l&cat=p&typeid=i","cat":319805},{"id":71439,"n":"Filets de colin d'Alaska Eco+ 10x100g","p":5.3,"u":"5,30 €/KG","img":"https://fd13-photos.leclercdrive.fr/image.ashx?id=1668300&use=l&cat=p&typeid=i","cat":319786},{"id":71440,"n":"Curry poudre bio Ducros Flacon - 36g","p":2.16,"u":"60,00 €/KG","img":"https://fd13-photos.leclercdrive.fr/image.ashx?id=2484071&use=l&cat=p&typeid=i","cat":298297},{"id":71441,"n":"Ail bio Ducros Flacon - 52g","p":2.6,"u":"50,00 €/KG","img":"https://fd13-photos.leclercdrive.fr/image.ashx?id=2484077&use=l&cat=p&typeid=i","cat":298297},{"id":71442,"n":"Cassoulet Eco+ 840g","p":1.97,"u":"2,35 €/KG","img":"https://fd13-photos.leclercdrive.fr/image.ashx?id=2518529&use=l&cat=p&typeid=i","cat":284440},{"id":71444,"n":"Galettes au beurre Eco+ x16 - 125g","p":0.64,"u":"5,12 €/KG","img":"https://fd13-photos.leclercdrive.fr/image.ashx?id=2746781&use=l&cat=p&typeid=i","cat":284487},{"id":71448,"n":"Raviolis à la sauce tomate Eco+ 800g","p":1.69,"u":"2,11 €/KG","img":"https://fd13-photos.leclercdrive.fr/image.ashx?id=1960328&use=l&cat=p&typeid=i","cat":284442},{"id":71451,"n":"Serviettes maxi nuit Eco+ x10","p":0.64,"u":"0,06 €/P","img":"https://fd13-photos.leclercdrive.fr/image.ashx?id=2824739&use=l&cat=p&typeid=i","cat":284624},{"id":71457,"n":"Amande poudre bio Vahiné 100g","p":3.49,"u":"34,90 €/KG","img":"https://fd13-photos.leclercdrive.fr/image.ashx?id=2504221&use=l&cat=p&typeid=i","cat":284504},{"id":71461,"n":"Sucre vanillé bio Vahiné 5 sachets - 35G","p":3.16,"u":"90,29 €/KG","img":"https://fd13-photos.leclercdrive.fr/image.ashx?id=2559835&use=l&cat=p&typeid=i","cat":284504},{"id":71462,"n":"Pépites chocolat noirVahiné Bio - 100g","p":2.65,"u":"26,50 €/KG","img":"https://fd13-photos.leclercdrive.fr/image.ashx?id=2504227&use=l&cat=p&typeid=i","cat":284504},{"id":71469,"n":"DOC Prosecco extra-dry blanc 7% vol - 75cl","p":4.99,"u":"6,65 €/L","img":"https://fd13-photos.leclercdrive.fr/image.ashx?id=2977171&use=l&cat=p&typeid=i","cat":289461},{"id":71473,"n":"Vin d'Espagne blanc Chardonnay Adrien Champaud - BIB 5L","p":11.99,"u":"2,40 €/L","img":"https://fd13-photos.leclercdrive.fr/image.ashx?id=2959617&use=l&cat=p&typeid=i","cat":289557},{"id":71479,"n":"Cookies P'tit Déli Paillettes muticolores - 150g","p":1.45,"u":"9,67 €/KG","img":"https://fd13-photos.leclercdrive.fr/image.ashx?id=2939064&use=l&cat=p&typeid=i","cat":325066},{"id":71488,"n":"Mini chinois Epi d'Or Pepites de chocolat x6 - 300g","p":1.85,"u":"6,17 €/KG","img":"https://fd13-photos.leclercdrive.fr/image.ashx?id=2867916&use=l&cat=p&typeid=i","cat":296366},{"id":71489,"n":"Croissants Epi d'Or x8 - 320g","p":1.64,"u":"5,13 €/KG","img":"https://fd13-photos.leclercdrive.fr/image.ashx?id=2860766&use=l&cat=p&typeid=i","cat":296366},{"id":71490,"n":"Vin d'Espagne blanc Sauvignon Adrien Champaud - BIB 5L","p":9.99,"u":"2,00 €/L","img":"https://fd13-photos.leclercdrive.fr/image.ashx?id=2453892&use=l&cat=p&typeid=i","cat":289560},{"id":71491,"n":"Croissants Epi d'Or x14 - 560g","p":2.79,"u":"4,98 €/KG","img":"https://fd13-photos.leclercdrive.fr/image.ashx?id=2860769&use=l&cat=p&typeid=i","cat":296366},{"id":71496,"n":"Tartelette P'tit Déli Chocolat au lait caramel - 127g","p":1.49,"u":"11,73 €/KG","img":"https://fd13-photos.leclercdrive.fr/image.ashx?id=1756942&use=l&cat=p&typeid=i","cat":284488},{"id":71514,"n":"Sablé pur beurre P'tit Déli Caramel - 100g","p":1.18,"u":"11,80 €/KG","img":"https://fd13-photos.leclercdrive.fr/image.ashx?id=2660574&use=l&cat=p&typeid=i","cat":284487},{"id":71519,"n":"Yaourt Bio Bio Village Aromatisé Citron - 4x125g","p":1.39,"u":"2,78 €/KG","img":"https://fd13-photos.leclercdrive.fr/image.ashx?id=2289666&use=l&cat=p&typeid=i","cat":286006},{"id":71523,"n":"Sablés pur beurre P'tit Déli Coco - 100g","p":1.89,"u":"18,90 €/KG","img":"https://fd13-photos.leclercdrive.fr/image.ashx?id=2709704&use=l&cat=p&typeid=i","cat":284487},{"id":71524,"n":"Goûter rectangle P'tit Déli Fourré chocolat - 125g","p":1.19,"u":"9,52 €/KG","img":"https://fd13-photos.leclercdrive.fr/image.ashx?id=2619725&use=l&cat=p&typeid=i","cat":284488},{"id":71528,"n":"Fromage frais nature Bio Bio village - 8x100g","p":3.16,"u":"3,95 €/KG","img":"https://fd13-photos.leclercdrive.fr/image.ashx?id=2839950&use=l&cat=p&typeid=i","cat":284409},{"id":71531,"n":"Crème fraiche bio Bio village Epaisse - 30% MG  - 50cl","p":2.66,"u":"5,32 €/L","img":"https://fd13-photos.leclercdrive.fr/image.ashx?id=1975050&use=l&cat=p&typeid=i","cat":284381},{"id":71535,"n":"Pommes de terre NRT à l'échirlète - 600g","p":3.55,"u":"5,92 €/KG","img":"https://fd13-photos.leclercdrive.fr/image.ashx?id=1948598&use=l&cat=p&typeid=i","cat":319792},{"id":71553,"n":"Déodorant Manava Freesia Orchidée - 200ml","p":1.34,"u":"6,70 €/L","img":"https://fd13-photos.leclercdrive.fr/image.ashx?id=1952919&use=l&cat=p&typeid=i","cat":284595},{"id":71557,"n":"Mini sables P'tit Déli Chocolat au lait - 160g","p":1.89,"u":"11,81 €/KG","img":"https://fd13-photos.leclercdrive.fr/image.ashx?id=2323295&use=l&cat=p&typeid=i","cat":284488},{"id":71565,"n":"Pêches Douceur du Verger Sirop léger - 465g","p":1.62,"u":"3,48 €/KG","img":"https://fd13-photos.leclercdrive.fr/image.ashx?id=1240839&use=l&cat=p&typeid=i","cat":284507},{"id":71568,"n":"Sauce soja sucrée Table du monde - 125ml","p":0.83,"u":"6,64 €/L","img":"https://fd13-photos.leclercdrive.fr/image.ashx?id=2679762&use=l&cat=p&typeid=i","cat":288992},{"id":71570,"n":"Palmiers P'tit Déli Zestes Citron - 100g","p":0.86,"u":"8,60 €/KG","img":"https://fd13-photos.leclercdrive.fr/image.ashx?id=2331321&use=l&cat=p&typeid=i","cat":284487},{"id":71574,"n":"Gaufrettes P'tit Déli Chocolat noisette - 160g","p":1.54,"u":"9,63 €/KG","img":"https://fd13-photos.leclercdrive.fr/image.ashx?id=2915302&use=l&cat=p&typeid=i","cat":284488},{"id":71575,"n":"Test de grossesse Primoplast x1","p":0.74,"img":"https://fd13-photos.leclercdrive.fr/image.ashx?id=2832975&use=l&cat=p&typeid=i","cat":324482},{"id":71578,"n":"Crème lavante Manava Surgras - 300ml","p":1.12,"u":"3,73 €/L","img":"https://fd13-photos.leclercdrive.fr/image.ashx?id=2935513&use=l&cat=p&typeid=i","cat":284597},{"id":71579,"n":"Recharge crème lavante Manava Surgras - 250ml","p":0.66,"u":"2,64 €/L","img":"https://fd13-photos.leclercdrive.fr/image.ashx?id=2935516&use=l&cat=p&typeid=i","cat":284597},{"id":71599,"n":"Bicarbonate de soude Clair 500g","p":1.5,"u":"3,00 €/KG","img":"https://fd13-photos.leclercdrive.fr/image.ashx?id=1874021&use=l&cat=p&typeid=i","cat":325365},{"id":71602,"n":"Change bébé Mots d'Enfants Nouveau né - T1 - 2/5kg - x23","p":2.36,"u":"0,10 €/P","img":"https://fd13-photos.leclercdrive.fr/image.ashx?id=2907225&use=l&cat=p&typeid=i","cat":284737},{"id":71629,"n":"Boisson végétale Bio Village Lait amande intense bio - 1l","p":2.39,"u":"2,39 €/L","img":"https://fd13-photos.leclercdrive.fr/image.ashx?id=2386185&use=l&cat=p&typeid=i","cat":316067},{"id":71637,"n":"Bâtonnets enrobés bio Bio Village - Chocolat noir - 125g","p":1.99,"u":"15,92 €/KG","img":"https://fd13-photos.leclercdrive.fr/image.ashx?id=1947402&use=l&cat=p&typeid=i","cat":284488},{"id":71647,"n":"Biscuit graine Bio Village Pépites de chocolat Bio - 140g","p":1.85,"u":"13,21 €/KG","img":"https://fd13-photos.leclercdrive.fr/image.ashx?id=1667266&use=l&cat=p&typeid=i","cat":325066},{"id":71698,"n":"Nappe damassée Homeside Jaune - 7m","p":2.96,"u":"0,42 €/MT","img":"https://fd13-photos.leclercdrive.fr/image.ashx?id=1419626&use=l&cat=p&typeid=i","cat":334134},{"id":71700,"n":"Nappe damassée Homeside Rouge - 7m","p":2.96,"u":"0,42 €/MT","img":"https://fd13-photos.leclercdrive.fr/image.ashx?id=1659747&use=l&cat=p&typeid=i","cat":334134},{"id":71702,"n":"Nappe damassée Ardence Olive - 7m","p":2.96,"u":"0,42 €/MT","img":"https://fd13-photos.leclercdrive.fr/image.ashx?id=2726071&use=l&cat=p&typeid=i","cat":334134},{"id":72032,"n":"Bière blonde Affligem 6.7% vol -  Fût 5L","p":20.3,"u":"4,06 €/L","img":"https://fd13-photos.leclercdrive.fr/image.ashx?id=2672722&use=l&cat=p&typeid=i","cat":334879},{"id":72734,"n":"Pain de mie Schär - Céréales Sans gluten - 300g","p":3.49,"u":"11,63 €/KG","img":"https://fd13-photos.leclercdrive.fr/image.ashx?id=2659421&use=l&cat=p&typeid=i","cat":318654},{"id":72786,"n":"Bière blonde Pelforth Fût pression - 5L","p":15.93,"u":"3,19 €/L","img":"https://fd13-photos.leclercdrive.fr/image.ashx?id=2767249&use=l&cat=p&typeid=i","cat":334879},{"id":72789,"n":"Bière blonde Desperados Fût 5L","p":19.84,"u":"3,97 €/L","img":"https://fd13-photos.leclercdrive.fr/image.ashx?id=2983513&use=l&cat=p&typeid=i","cat":334879},{"id":72790,"n":"Caviar Baerii origine France  L'origine du goût - 20g","p":19.95,"u":"997,50 €/KG","img":"https://fd13-photos.leclercdrive.fr/image.ashx?id=3012442&use=l&cat=p&typeid=i","cat":285191},{"id":72791,"n":"Bière Desperados 3x33cl","p":4.26,"u":"4,30 €/L","img":"https://fd13-photos.leclercdrive.fr/image.ashx?id=2983120&use=l&cat=p&typeid=i","cat":334878},{"id":72934,"n":"Sauce nuoc mam Tables du monde 125ml","p":0.91,"u":"7,28 €/L","img":"https://fd13-photos.leclercdrive.fr/image.ashx?id=2679771&use=l&cat=p&typeid=i","cat":288992},{"id":72988,"n":"Eau Micellaire Biphase Garnier Maquillage Waterproof - 400ml","p":3.99,"u":"9,98 €/L","img":"https://fd13-photos.leclercdrive.fr/image.ashx?id=2286299&use=l&cat=p&typeid=i","cat":284603},{"id":73006,"n":"Sauce pour nems Tables du monde 125ml","p":0.99,"u":"7,92 €/L","img":"https://fd13-photos.leclercdrive.fr/image.ashx?id=2526306&use=l&cat=p&typeid=i","cat":288992},{"id":73084,"n":"Crème Hydratante Visage Mixa Peaux Sensibles - 100ml","p":2.72,"u":"27,20 €/L","img":"https://fd13-photos.leclercdrive.fr/image.ashx?id=2300749&use=l&cat=p&typeid=i","cat":325345},{"id":73313,"n":"Caviar Oscietre origine France  L'origine du goût - 20g","p":24.9,"img":"https://fd13-photos.leclercdrive.fr/image.ashx?id=2807327&use=l&cat=p&typeid=i","cat":285191},{"id":73315,"n":"Protège matelas Tissaia Microrespirant - 90x190cm","p":15.95,"img":"https://fd13-photos.leclercdrive.fr/image.ashx?id=1220898&use=l&cat=p&typeid=i","cat":288835},{"id":73316,"n":"Protège matelas Tissaia Microrespirant -160x200cm","p":23.85,"img":"https://fd13-photos.leclercdrive.fr/image.ashx?id=1220892&use=l&cat=p&typeid=i","cat":288835},{"id":73336,"n":"Oreiller Tissaïa Mémoire de forme 45x70cm - x1","p":18.95,"u":"Dont 0,20 € d'éco-part.","img":"https://fd13-photos.leclercdrive.fr/image.ashx?id=2648478&use=l&cat=p&typeid=i","cat":288835},{"id":73697,"n":"Compote Allégée en sucres Eco+ Bocal pomme - 720g","p":0.85,"u":"1,18 €/KG","img":"https://fd13-photos.leclercdrive.fr/image.ashx?id=2953185&use=l&cat=p&typeid=i","cat":284508},{"id":73706,"n":"Riz basmati Eco+ 1kg","p":2.01,"u":"2,01 €/KG","img":"https://fd13-photos.leclercdrive.fr/image.ashx?id=2141651&use=l&cat=p&typeid=i","cat":284428},{"id":73727,"n":"Bouchées pour chats  Eco+ Boeuf poulet légumes - 410g","p":0.79,"u":"1,93 €/KG","img":"https://fd13-photos.leclercdrive.fr/image.ashx?id=1292464&use=l&cat=p&typeid=i","cat":285601},{"id":73729,"n":"Tartelettes à la fraise Eco+ x12 - 200g","p":0.8,"u":"4,00 €/KG","img":"https://fd13-photos.leclercdrive.fr/image.ashx?id=2869757&use=l&cat=p&typeid=i","cat":284489},{"id":73732,"n":"Gel WC javel Eco+ 750ml","p":0.57,"u":"0,76 €/L","img":"https://fd13-photos.leclercdrive.fr/image.ashx?id=2768074&use=l&cat=p&typeid=i","cat":284662},{"id":73781,"n":"Maïs doux Eco+ 285g","p":0.78,"u":"2,74 €/KG","img":"https://fd13-photos.leclercdrive.fr/image.ashx?id=1993137&use=l&cat=p&typeid=i","cat":312611},{"id":73785,"n":"Gateaux fourrage chocolat Eco+ x14 - 420g","p":1.98,"u":"4,71 €/KG","img":"https://fd13-photos.leclercdrive.fr/image.ashx?id=2050591&use=l&cat=p&typeid=i","cat":284369},{"id":73791,"n":"Chips nature Eco+ 200g","p":1.0,"u":"5,00 €/KG","img":"https://fd13-photos.leclercdrive.fr/image.ashx?id=2943596&use=l&cat=p&typeid=i","cat":284447},{"id":73793,"n":"Goûters ronds Eco+ Fourrés chocolat - 500g","p":1.35,"u":"2,70 €/KG","img":"https://fd13-photos.leclercdrive.fr/image.ashx?id=2222751&use=l&cat=p&typeid=i","cat":284488},{"id":73797,"n":"Pâtes Eco+ Macaroni - 1kg","p":0.99,"u":"0,99 €/KG","img":"https://fd13-photos.leclercdrive.fr/image.ashx?id=2887395&use=l&cat=p&typeid=i","cat":284427},{"id":73798,"n":"Pâtes Eco+ Coquillettes - 1kg","p":1.01,"u":"1,01 €/KG","img":"https://fd13-photos.leclercdrive.fr/image.ashx?id=2885723&use=l&cat=p&typeid=i","cat":284427},{"id":73801,"n":"Dosettes café Eco+ 100% Robusta - x48 - 336g","p":4.09,"u":"12,17 €/KG","img":"https://fd13-photos.leclercdrive.fr/image.ashx?id=2800222&use=l&cat=p&typeid=i","cat":293238},{"id":73807,"n":"Carré coton bébé Eco+ x60","p":0.99,"u":"0,02 €/P","img":"https://fd13-photos.leclercdrive.fr/image.ashx?id=2987634&use=l&cat=p&typeid=i","cat":284739},{"id":73817,"n":"Mister Cocktail sans alcool Mojito - 75cl","p":3.24,"u":"4,32 €/L","img":"https://fd13-photos.leclercdrive.fr/image.ashx?id=2999886&use=l&cat=p&typeid=i","cat":284549},{"id":73819,"n":"Mister Cocktail sans alcool Rosé pamplemousse - 75cl","p":3.2,"u":"4,27 €/L","img":"https://fd13-photos.leclercdrive.fr/image.ashx?id=2962224&use=l&cat=p&typeid=i","cat":284549},{"id":73820,"n":"Mister Cocktail sans alcool Sangria - 75cl","p":3.24,"u":"4,32 €/L","img":"https://fd13-photos.leclercdrive.fr/image.ashx?id=2962227&use=l&cat=p&typeid=i","cat":284551},{"id":74048,"n":"Lasagnes à la bolognaise Eco + 1kg","p":2.54,"u":"2,54 €/KG","img":"https://fd13-photos.leclercdrive.fr/image.ashx?id=2779166&use=l&cat=p&typeid=i","cat":284254},{"id":74089,"n":"Batonnets Poissons panés Eco+ x15 - 450g","p":1.6,"u":"3,56 €/KG","img":"https://fd13-photos.leclercdrive.fr/image.ashx?id=2843565&use=l&cat=p&typeid=i","cat":319788},{"id":74090,"n":"Nectar Multifruits Eco+ Brique - 2L","p":1.38,"u":"0,69 €/L","img":"https://fd13-photos.leclercdrive.fr/image.ashx?id=2751853&use=l&cat=p&typeid=i","cat":284917},{"id":74091,"n":"Mozzarella Eco+ 18%mg - 125g","p":0.76,"u":"6,08 €/KG","img":"https://fd13-photos.leclercdrive.fr/image.ashx?id=2161272&use=l&cat=p&typeid=i","cat":314026},{"id":74105,"n":"Pur jus d'orange Eco  1.5L","p":2.46,"u":"1,64 €/L","img":"https://fd13-photos.leclercdrive.fr/image.ashx?id=2720136&use=l&cat=p&typeid=i","cat":284521},{"id":74112,"n":"Pommes frites Eco+ 1kg","p":1.68,"u":"1,68 €/KG","img":"https://fd13-photos.leclercdrive.fr/image.ashx?id=2954064&use=l&cat=p&typeid=i","cat":319791},{"id":74115,"n":"Petit Brie Eco+ 32%mg - 500g","p":3.39,"u":"6,78 €/KG","img":"https://fd13-photos.leclercdrive.fr/image.ashx?id=2463152&use=l&cat=p&typeid=i","cat":314033},{"id":74116,"n":"Bière blonde de luxe 4% - 50cl","p":0.57,"u":"1,14 €/L","img":"https://fd13-photos.leclercdrive.fr/image.ashx?id=2955629&use=l&cat=p&typeid=i","cat":334853},{"id":74123,"n":"Citron jaune Rustica 200ml","p":0.79,"u":"3,95 €/L","img":"https://fd13-photos.leclercdrive.fr/image.ashx?id=2627652&use=l&cat=p&typeid=i","cat":288383},{"id":74133,"n":"Bâtonnets de Surimi Pêche Océan MSC - x18 bâtonnets - 300g","p":2.05,"u":"6,83 €/KG","img":"https://fd13-photos.leclercdrive.fr/image.ashx?id=2981894&use=l&cat=p&typeid=i","cat":285189},{"id":74381,"n":"Mousse de canard Madrange Au porto - 180g","p":1.67,"u":"9,28 €/KG","img":"https://fd13-photos.leclercdrive.fr/image.ashx?id=2865704&use=l&cat=p&typeid=i","cat":316008},{"id":74585,"n":"Tomme Pays Basque Istara  Fromage brebis et vache - 180g","p":3.3,"u":"18,33 €/KG","img":"https://fd13-photos.leclercdrive.fr/image.ashx?id=2848548&use=l&cat=p&typeid=i","cat":314031},{"id":74588,"n":"Fromage à Raclette RichesMonts  Sans croûte 28 Tranches - 750g","p":10.04,"u":"13,39 €/KG","img":"https://fd13-photos.leclercdrive.fr/image.ashx?id=2953806&use=l&cat=p&typeid=i","cat":314037},{"id":74656,"n":"Croquettes chien Purina One Medium adulte poulet riz  2.5kg","p":8.2,"u":"3,28 €/KG","img":"https://fd13-photos.leclercdrive.fr/image.ashx?id=2878384&use=l&cat=p&typeid=i","cat":284672},{"id":74697,"n":"Fondue aux 3 fromages Président 16%mg - 600g","p":6.41,"u":"10,68 €/KG","img":"https://fd13-photos.leclercdrive.fr/image.ashx?id=2632996&use=l&cat=p&typeid=i","cat":314037},{"id":74777,"n":"Nouilles cup Tanoshi Poulet Teriyaki - 2x65g","p":3.09,"u":"23,77 €/KG","img":"https://fd13-photos.leclercdrive.fr/image.ashx?id=2921208&use=l&cat=p&typeid=i","cat":288992},{"id":74860,"n":"Champignons Notre Jardin A la grecque - 400g","p":1.56,"u":"3,90 €/KG","img":"https://fd13-photos.leclercdrive.fr/image.ashx?id=2531101&use=l&cat=p&typeid=i","cat":312610},{"id":75230,"n":"Liqueur de Whisky Jack Daniel's Miel - 35%vol - 1L","p":31.84,"u":"31,84 €/L","img":"https://fd13-photos.leclercdrive.fr/image.ashx?id=2892226&use=l&cat=p&typeid=i","cat":284547},{"id":75337,"n":"Café en grains Méo L'original Bio - 500g","p":8.75,"u":"17,50 €/KG","img":"https://fd13-photos.leclercdrive.fr/image.ashx?id=2798533&use=l&cat=p&typeid=i","cat":293237},{"id":75338,"n":"Sachets Infusion bio Clipper Mes belles gambettes - 40g","p":2.2,"u":"55,00 €/KG","img":"https://fd13-photos.leclercdrive.fr/image.ashx?id=2908300&use=l&cat=p&typeid=i","cat":293234},{"id":75349,"n":"Thé noir Bio Clipper Earl Grey - 20 sachets - 40g","p":2.25,"u":"56,25 €/KG","img":"https://fd13-photos.leclercdrive.fr/image.ashx?id=2922086&use=l&cat=p&typeid=i","cat":293233},{"id":75357,"n":"Jus multifruits Jafaden Matin Fruité - 1L","p":2.09,"u":"2,09 €/L","img":"https://fd13-photos.leclercdrive.fr/image.ashx?id=2394881&use=l&cat=p&typeid=i","cat":285435},{"id":75359,"n":"Soupe mouliné bio Knorr Tomates oignons et herbes - 1L","p":3.14,"u":"3,14 €/L","img":"https://fd13-photos.leclercdrive.fr/image.ashx?id=2312949&use=l&cat=p&typeid=i","cat":284462},{"id":75377,"n":"Nouilles cup Tanoshi Boeuf teppanyaki - 2x65g","p":3.09,"u":"23,77 €/KG","img":"https://fd13-photos.leclercdrive.fr/image.ashx?id=2921609&use=l&cat=p&typeid=i","cat":288992},{"id":75402,"n":"Chorizo Tranché Justin Bridou Doux - 20 Tranches - 150g","p":2.46,"u":"16,40 €/KG","img":"https://fd13-photos.leclercdrive.fr/image.ashx?id=2549747&use=l&cat=p&typeid=i","cat":316007},{"id":75421,"n":"Avoine cuisiné bio Bjorg 200ml","p":1.09,"u":"5,45 €/L","img":"https://fd13-photos.leclercdrive.fr/image.ashx?id=2757292&use=l&cat=p&typeid=i","cat":288383},{"id":75475,"n":"Biscuits Oréo Format familial 440g","p":3.51,"u":"7,98 €/KG","img":"https://fd13-photos.leclercdrive.fr/image.ashx?id=2903827&use=l&cat=p&typeid=i","cat":284488},{"id":75491,"n":"Tablette chocolat au lait Lindt Praliné noisettes - 225g","p":3.96,"u":"17,60 €/KG","img":"https://fd13-photos.leclercdrive.fr/image.ashx?id=2423756&use=l&cat=p&typeid=i","cat":284497},{"id":75539,"n":"Saucisse cockail Tradilege Bacon - 300g","p":2.82,"u":"9,40 €/KG","img":"https://fd13-photos.leclercdrive.fr/image.ashx?id=2930784&use=l&cat=p&typeid=i","cat":316012},{"id":75557,"n":"Tablette de chocolat noir Lindt Praliné Noisettes - 225g","p":4.32,"u":"19,20 €/KG","img":"https://fd13-photos.leclercdrive.fr/image.ashx?id=2606912&use=l&cat=p&typeid=i","cat":284956},{"id":75572,"n":"Yaourts nature bifidus Activia 16x125g","p":4.51,"u":"2,26 €/KG","img":"https://fd13-photos.leclercdrive.fr/image.ashx?id=2741700&use=l&cat=p&typeid=i","cat":315000},{"id":75587,"n":"Oignon jaune bio Bio village 1kg","p":2.79,"u":"2,79 €/KG","img":"https://fd13-photos.leclercdrive.fr/image.ashx?id=2922451&use=l&cat=p&typeid=i","cat":284352},{"id":75595,"n":"Courge butternut bio Bio Village - x1","p":2.59,"img":"https://fd13-photos.leclercdrive.fr/image.ashx?id=2645759&use=l&cat=p&typeid=i","cat":284352},{"id":75629,"n":"Liégeois chocolat Bio Bio village - 4x100g","p":1.89,"u":"4,73 €/KG","img":"https://fd13-photos.leclercdrive.fr/image.ashx?id=2992639&use=l&cat=p&typeid=i","cat":285042},{"id":75976,"n":"Potimarron bio Bio Village 1p","p":2.69,"img":"https://fd13-photos.leclercdrive.fr/image.ashx?id=2645765&use=l&cat=p&typeid=i","cat":284352},{"id":75984,"n":"Crevettes Bio Bio Village 100g","p":3.28,"u":"32,80 €/KG","img":"https://fd13-photos.leclercdrive.fr/image.ashx?id=2121564&use=l&cat=p&typeid=i","cat":284343},{"id":75988,"n":"Fromage blanc lait Bio Village Bio Brebis - 400g","p":2.5,"u":"6,25 €/KG","img":"https://fd13-photos.leclercdrive.fr/image.ashx?id=1434244&use=l&cat=p&typeid=i","cat":314998},{"id":76008,"n":"Chocolat au lait Lindt Création La Crème brûlée - 150g","p":3.33,"u":"22,20 €/KG","img":"https://fd13-photos.leclercdrive.fr/image.ashx?id=2685802&use=l&cat=p&typeid=i","cat":284497},{"id":76011,"n":"Chocolat noir Lindt Création Le Rocher noir - 150g","p":3.34,"u":"22,27 €/KG","img":"https://fd13-photos.leclercdrive.fr/image.ashx?id=2685808&use=l&cat=p&typeid=i","cat":284956},{"id":76015,"n":"Biscuit Speculoos Lotus Biscoff Original - 250g (2x125g)","p":1.52,"u":"6,08 €/KG","img":"https://fd13-photos.leclercdrive.fr/image.ashx?id=2854735&use=l&cat=p&typeid=i","cat":284487},{"id":76024,"n":"Pain de mie seigle Epi d'Or 800g","p":2.6,"u":"3,25 €/KG","img":"https://fd13-photos.leclercdrive.fr/image.ashx?id=2209285&use=l&cat=p&typeid=i","cat":284477},{"id":76025,"n":"Cookies chocolat Eco+ Pépites de chocolat - 200g","p":0.97,"u":"4,85 €/KG","img":"https://fd13-photos.leclercdrive.fr/image.ashx?id=2965392&use=l&cat=p&typeid=i","cat":325066},{"id":76029,"n":"Gateaux fourrage Eco+ Fraise - x14 - 420g","p":2.57,"u":"6,12 €/KG","img":"https://fd13-photos.leclercdrive.fr/image.ashx?id=2970435&use=l&cat=p&typeid=i","cat":284495},{"id":76119,"n":"Secret de mousse La Laitière Chocolat au lait - 4x59g","p":1.47,"u":"6,23 €/KG","img":"https://fd13-photos.leclercdrive.fr/image.ashx?id=2729740&use=l&cat=p&typeid=i","cat":284417},{"id":76120,"n":"Secret de mousse la Laitière Chocolat noir - 4x59g","p":1.49,"u":"6,31 €/KG","img":"https://fd13-photos.leclercdrive.fr/image.ashx?id=2616835&use=l&cat=p&typeid=i","cat":284417},{"id":76124,"n":"Nuxe men déodorant homme Nuxe  Protection 24h - 50ml","p":5.38,"u":"107,60 €/L","img":"https://fd13-photos.leclercdrive.fr/image.ashx?id=2652221&use=l&cat=p&typeid=i","cat":301593},{"id":76127,"n":"Nuxe men gel douche homme Nuxe  Visage corps cheveux - 200ml","p":7.21,"u":"36,05 €/L","img":"https://fd13-photos.leclercdrive.fr/image.ashx?id=2652227&use=l&cat=p&typeid=i","cat":301591},{"id":76211,"n":"L'ours d'or Haribo Sachet bonbons - 300g","p":1.8,"u":"6,00 €/KG","img":"https://fd13-photos.leclercdrive.fr/image.ashx?id=2805201&use=l&cat=p&typeid=i","cat":304250},{"id":76212,"n":"Tutti Candi Haribo Sachet bonbons - 250g","p":1.75,"u":"7,00 €/KG","img":"https://fd13-photos.leclercdrive.fr/image.ashx?id=2984910&use=l&cat=p&typeid=i","cat":304250},{"id":76214,"n":"Chamallows Choco Haribo Sachet bonbons guimauve - 160g","p":2.0,"u":"12,50 €/KG","img":"https://fd13-photos.leclercdrive.fr/image.ashx?id=2984919&use=l&cat=p&typeid=i","cat":304250},{"id":76219,"n":"Cannelloni Côté Table 800g","p":2.99,"u":"3,74 €/KG","img":"https://fd13-photos.leclercdrive.fr/image.ashx?id=3014284&use=l&cat=p&typeid=i","cat":284442},{"id":76221,"n":"Pur jus Bio Village Bio Citron Sicile - 25cl","p":1.29,"u":"5,16 €/L","img":"https://fd13-photos.leclercdrive.fr/image.ashx?id=1689321&use=l&cat=p&typeid=i","cat":288383},{"id":76224,"n":"Maoam Stripes Haribo Sachet bonbons - 250g","p":2.06,"u":"8,24 €/KG","img":"https://fd13-photos.leclercdrive.fr/image.ashx?id=2953561&use=l&cat=p&typeid=i","cat":304250},{"id":76322,"n":"Mini crackers Tokapi Salés - 4x75g","p":3.11,"u":"10,37 €/KG","img":"https://fd13-photos.leclercdrive.fr/image.ashx?id=1648078&use=l&cat=p&typeid=i","cat":297000},{"id":76358,"n":"Prosecco zonin brut blanc  75cl","p":6.5,"pp":4.29,"u":"5,72 €/L","img":"https://fd13-photos.leclercdrive.fr/image.ashx?id=2507131&use=l&cat=p&typeid=i","cat":289461},{"id":76397,"n":"Tablette chocolat au lait Lindt Noisettes 34% - 150g","p":3.8,"u":"25,33 €/KG","img":"https://fd13-photos.leclercdrive.fr/image.ashx?id=1877960&use=l&cat=p&typeid=i","cat":284497},{"id":76398,"n":"Tablette de chocolat noir Lindt Amandes / Fleur de sel - 150g","p":3.96,"u":"26,40 €/KG","img":"https://fd13-photos.leclercdrive.fr/image.ashx?id=2382992&use=l&cat=p&typeid=i","cat":284956},{"id":76454,"n":"Dos de Colin d'Alaska Findus MSC - x6 - 660g","p":8.5,"u":"12,88 €/KG","img":"https://fd13-photos.leclercdrive.fr/image.ashx?id=2735341&use=l&cat=p&typeid=i","cat":319786},{"id":76487,"n":"Plaisir aux Noix  Lenôtre - 410g","p":7.51,"u":"18,32 €/KG","img":"https://fd13-photos.leclercdrive.fr/image.ashx?id=2807750&use=l&cat=p&typeid=i","cat":284267},{"id":76501,"n":"Chips Tortilla Old El Paso Nachips - 185g","p":2.26,"u":"12,22 €/KG","img":"https://fd13-photos.leclercdrive.fr/image.ashx?id=2444519&use=l&cat=p&typeid=i","cat":288993},{"id":76604,"n":"Nem au Poulet 4x65g","p":3.55,"u":"13,65 €/KG","img":"https://fd13-photos.leclercdrive.fr/image.ashx?id=2870548&use=l&cat=p&typeid=i","cat":333673},{"id":76691,"n":"Whisky Tullamore Dew 40%vol - 1L","p":25.95,"pp":20.76,"u":"20,76 €/L","img":"https://fd13-photos.leclercdrive.fr/image.ashx?id=2657802&use=l&cat=p&typeid=i","cat":284547},{"id":76719,"n":"Serviette papier Aqua Homeside Triple épaisseur 40x40cm - x20","p":1.39,"u":"0,07 €/P","img":"https://fd13-photos.leclercdrive.fr/image.ashx?id=2711710&use=l&cat=p&typeid=i","cat":334134},{"id":76721,"n":"Serviette papier Olive Homeside Triple épaisseur 40x40cm - x20","p":1.39,"u":"0,07 €/P","img":"https://fd13-photos.leclercdrive.fr/image.ashx?id=2712337&use=l&cat=p&typeid=i","cat":334134},{"id":76723,"n":"Serviette papier Ardence Bleu nuit - 40cm - x20","p":1.39,"u":"0,07 €/P","img":"https://fd13-photos.leclercdrive.fr/image.ashx?id=2751940&use=l&cat=p&typeid=i","cat":334134},{"id":76725,"n":"Serviette papier Rouge Homeside Triple épaisseur 40x40cm - x20","p":1.39,"u":"0,07 €/P","img":"https://fd13-photos.leclercdrive.fr/image.ashx?id=1659735&use=l&cat=p&typeid=i","cat":334134},{"id":76728,"n":"Serviette papier Homeside Bleu ciel 40x40cm - x20","p":1.39,"u":"0,07 €/P","img":"https://fd13-photos.leclercdrive.fr/image.ashx?id=2738985&use=l&cat=p&typeid=i","cat":334134},{"id":76732,"n":"Yaourt allégé Sveltesse  Chocolat - 4x125g","p":1.57,"u":"3,14 €/KG","img":"https://fd13-photos.leclercdrive.fr/image.ashx?id=2571020&use=l&cat=p&typeid=i","cat":315000},{"id":76776,"n":"Eau de toilette Daniel Hechter  Homme Caractère - 50ml","p":14.29,"pp":10.0,"u":"200,00 €/L","img":"https://fd13-photos.leclercdrive.fr/image.ashx?id=2526953&use=l&cat=p&typeid=i","cat":287740},{"id":76780,"n":"Eau micellaire Mixa  Bio peaux sensibles - 200ml","p":3.45,"u":"17,25 €/L","img":"https://fd13-photos.leclercdrive.fr/image.ashx?id=2421853&use=l&cat=p&typeid=i","cat":284603},{"id":76783,"n":"Eau de Toilette Femme Eau Jeune Echappée Belle - 75ml","p":6.87,"pp":4.81,"u":"64,13 €/L","img":"https://fd13-photos.leclercdrive.fr/image.ashx?id=2458745&use=l&cat=p&typeid=i","cat":291525},{"id":76802,"n":"Biscuits cacao Kinder Cards Au lait et au cacao x5 - 128g","p":1.88,"u":"14,69 €/KG","img":"https://fd13-photos.leclercdrive.fr/image.ashx?id=2673328&use=l&cat=p&typeid=i","cat":284488},{"id":76859,"n":"Pâté de boeuf pour chat Eco+ Barquette - 100g","p":0.24,"u":"2,40 €/KG","img":"https://fd13-photos.leclercdrive.fr/image.ashx?id=2968613&use=l&cat=p&typeid=i","cat":285286},{"id":76861,"n":"Pâté au poisson pour chat Eco+ Barquette - 100g","p":0.24,"u":"2,40 €/KG","img":"https://fd13-photos.leclercdrive.fr/image.ashx?id=2982794&use=l&cat=p&typeid=i","cat":285286},{"id":76864,"n":"Gelée Bonne Maman Mûres - 370g","p":2.68,"u":"7,24 €/KG","img":"https://fd13-photos.leclercdrive.fr/image.ashx?id=2476305&use=l&cat=p&typeid=i","cat":284480},{"id":76869,"n":"Compote bio Bio Village Gourdes multivariétés - 12x90g","p":6.29,"u":"5,82 €/KG","img":"https://fd13-photos.leclercdrive.fr/image.ashx?id=1974308&use=l&cat=p&typeid=i","cat":284508},{"id":76870,"n":"Sachet fraîcheur chien Pedigree  Mixte en gelée - 12x100g","p":5.31,"u":"4,43 €/KG","img":"https://fd13-photos.leclercdrive.fr/image.ashx?id=2870239&use=l&cat=p&typeid=i","cat":284673},{"id":76875,"n":"Confiture Bonne Maman Fraise intense - 335g","p":1.95,"u":"5,82 €/KG","img":"https://fd13-photos.leclercdrive.fr/image.ashx?id=2341008&use=l&cat=p&typeid=i","cat":284480},{"id":76876,"n":"Confiture Bonne Maman Abricot intense - 335g","p":2.04,"u":"6,09 €/KG","img":"https://fd13-photos.leclercdrive.fr/image.ashx?id=2341011&use=l&cat=p&typeid=i","cat":284480},{"id":76877,"n":"Confiture Bonne Maman Framboise intense - 335g","p":2.6,"u":"7,76 €/KG","img":"https://fd13-photos.leclercdrive.fr/image.ashx?id=2341017&use=l&cat=p&typeid=i","cat":284480},{"id":76878,"n":"Confiture Bonne Maman Fruits rouges intense - 335g","p":2.13,"u":"6,36 €/KG","img":"https://fd13-photos.leclercdrive.fr/image.ashx?id=2900977&use=l&cat=p&typeid=i","cat":284480},{"id":76880,"n":"Confiture Bonne Maman Myrtille intense - 335g","p":2.48,"u":"7,40 €/KG","img":"https://fd13-photos.leclercdrive.fr/image.ashx?id=2341020&use=l&cat=p&typeid=i","cat":284480},{"id":76883,"n":"Sachet chat stérilisé Perfect Fit poissons sauce - 4x85g","p":2.7,"u":"7,94 €/KG","img":"https://fd13-photos.leclercdrive.fr/image.ashx?id=2759724&use=l&cat=p&typeid=i","cat":285286},{"id":76886,"n":"Sachet chat stérilisé Perfect  Fit poulet saumon sauce - 4x85g","p":2.74,"u":"8,06 €/KG","img":"https://fd13-photos.leclercdrive.fr/image.ashx?id=2759727&use=l&cat=p&typeid=i","cat":285286},{"id":76887,"n":"Friandises chien Pedigree  Récompense poulet canard - 130g","p":1.72,"u":"13,23 €/KG","img":"https://fd13-photos.leclercdrive.fr/image.ashx?id=2985555&use=l&cat=p&typeid=i","cat":294527},{"id":76888,"n":"Compotes Pom'Potes Gourdes  Multivariétés - 12x90g","p":4.93,"u":"4,56 €/KG","img":"https://fd13-photos.leclercdrive.fr/image.ashx?id=2986143&use=l&cat=p&typeid=i","cat":284508},{"id":76889,"n":"Compotes Pom'Potes Gourdes  Pomme Nature - 20x90g","p":7.25,"u":"4,03 €/KG","img":"https://fd13-photos.leclercdrive.fr/image.ashx?id=2889220&use=l&cat=p&typeid=i","cat":284508},{"id":76893,"n":"Gousse vanille bourbon Vahiné De Madagascar Bio - x1","p":4.41,"img":"https://fd13-photos.leclercdrive.fr/image.ashx?id=2559847&use=l&cat=p&typeid=i","cat":284504},{"id":76895,"n":"Lait croissance Bio Guigoz En poudre - dès 12 mois - 800g","p":15.13,"u":"18,91 €/KG","img":"https://fd13-photos.leclercdrive.fr/image.ashx?id=2740289&use=l&cat=p&typeid=i","cat":290219},{"id":76975,"n":"Huile de massage Weleda Au calendula - 100ml","p":11.89,"u":"118,90 €/L","img":"https://fd13-photos.leclercdrive.fr/image.ashx?id=1955786&use=l&cat=p&typeid=i","cat":290422},{"id":76999,"n":"Vinaigre de vin rouge Maille 50cl","p":2.33,"u":"4,66 €/L","img":"https://fd13-photos.leclercdrive.fr/image.ashx?id=2812747&use=l&cat=p&typeid=i","cat":298543},{"id":77008,"n":"Petits pains grillés Epi d'Or Briochés - 225g","p":1.45,"u":"6,44 €/KG","img":"https://fd13-photos.leclercdrive.fr/image.ashx?id=2038711&use=l&cat=p&typeid=i","cat":284479},{"id":77010,"n":"Lait concentré sucré Nestlé 8% MG - 397g","p":1.69,"u":"4,26 €/KG","img":"https://fd13-photos.leclercdrive.fr/image.ashx?id=2906832&use=l&cat=p&typeid=i","cat":299162},{"id":77017,"n":"Vinaigrette Maille Huile sésame/soja - 36cl","p":2.95,"u":"8,19 €/L","img":"https://fd13-photos.leclercdrive.fr/image.ashx?id=2985657&use=l&cat=p&typeid=i","cat":284456},{"id":77289,"n":"Friandises chats  Félix Poulet, foie, dinde  - 200g","p":2.54,"u":"12,70 €/KG","img":"https://fd13-photos.leclercdrive.fr/image.ashx?id=2740859&use=l&cat=p&typeid=i","cat":285285},{"id":77290,"n":"Friandises chats Félix Saveur ocean Saumon,truite 200g","p":2.54,"u":"12,70 €/KG","img":"https://fd13-photos.leclercdrive.fr/image.ashx?id=2940465&use=l&cat=p&typeid=i","cat":285285},{"id":77336,"n":"St nectaire laitier NRT AOP  300g","p":4.28,"u":"14,27 €/KG","img":"https://fd13-photos.leclercdrive.fr/image.ashx?id=2143359&use=l&cat=p&typeid=i","cat":329184},{"id":77359,"n":"Ravioli pur boeuf Côté Table Sauce italienne - 800g","p":2.19,"u":"2,74 €/KG","img":"https://fd13-photos.leclercdrive.fr/image.ashx?id=3015102&use=l&cat=p&typeid=i","cat":284442},{"id":77360,"n":"Ravioli bolognaise Côté Table 800g","p":2.89,"u":"3,61 €/KG","img":"https://fd13-photos.leclercdrive.fr/image.ashx?id=3015099&use=l&cat=p&typeid=i","cat":284442},{"id":77504,"n":"Kit pour Fajitas Old El Paso Original - 500g","p":5.09,"u":"10,18 €/KG","img":"https://fd13-photos.leclercdrive.fr/image.ashx?id=2759709&use=l&cat=p&typeid=i","cat":288993},{"id":77506,"n":"Kit pour Fajitas Old El Paso Sans piment - 478g","p":5.09,"u":"10,65 €/KG","img":"https://fd13-photos.leclercdrive.fr/image.ashx?id=2759712&use=l&cat=p&typeid=i","cat":288993},{"id":77507,"n":"Chips Tortilla Old El Paso Fajita maxi format - 300g","p":3.83,"u":"12,77 €/KG","img":"https://fd13-photos.leclercdrive.fr/image.ashx?id=2737699&use=l&cat=p&typeid=i","cat":288993},{"id":77557,"n":"Rhum blanc Charrette  40%vol - 2L","p":26.73,"u":"13,37 €/L","img":"https://fd13-photos.leclercdrive.fr/image.ashx?id=2811491&use=l&cat=p&typeid=i","cat":284550},{"id":77682,"n":"Décors à poser smiley Vahiné 1 pièce","p":2.95,"img":"https://fd13-photos.leclercdrive.fr/image.ashx?id=1723343&use=l&cat=p&typeid=i","cat":284504},{"id":77683,"n":"Gousses vanille Vahiné x2","p":7.29,"u":"3,65 €/P","img":"https://fd13-photos.leclercdrive.fr/image.ashx?id=2524317&use=l&cat=p&typeid=i","cat":284504},{"id":77694,"n":"Yaourt 0% nature Soignon Au lait de chèvre - 4x125g","p":2.24,"u":"4,48 €/KG","img":"https://fd13-photos.leclercdrive.fr/image.ashx?id=2547203&use=l&cat=p&typeid=i","cat":314998},{"id":77696,"n":"Yaourt brassé myrtille Soignon Au lait de chèvre - 4x125g","p":2.75,"u":"5,50 €/KG","img":"https://fd13-photos.leclercdrive.fr/image.ashx?id=2518259&use=l&cat=p&typeid=i","cat":314998},{"id":77701,"n":"LE NATURE AU LAIT DE BREBIS 4x110g SOIGNON","p":2.72,"u":"6,18 €/KG","img":"https://fd13-photos.leclercdrive.fr/image.ashx?id=2948111&use=l&cat=p&typeid=i","cat":314998},{"id":77706,"n":"Yaourt nature Soignon Au lait de chèvre - 8x125g","p":4.55,"u":"4,55 €/KG","img":"https://fd13-photos.leclercdrive.fr/image.ashx?id=2518289&use=l&cat=p&typeid=i","cat":314998},{"id":77731,"n":"Pâte à sucre Vahiné 250g","p":3.39,"u":"13,56 €/KG","img":"https://fd13-photos.leclercdrive.fr/image.ashx?id=2559874&use=l&cat=p&typeid=i","cat":284504},{"id":77746,"n":"Sauce Gourmet Amora Burger - 188g","p":1.87,"u":"9,95 €/KG","img":"https://fd13-photos.leclercdrive.fr/image.ashx?id=2387879&use=l&cat=p&typeid=i","cat":318430},{"id":77755,"n":"Vinaigrette Légère MAILLE Vin Rouge & Echalotes - 36cl","p":2.46,"u":"6,83 €/L","img":"https://fd13-photos.leclercdrive.fr/image.ashx?id=2788154&use=l&cat=p&typeid=i","cat":284456},{"id":77811,"n":"Roll-On EasyWax Expert Veet Appareil + Recharge Cire 50ml","p":12.18,"u":"Dont 0,07 € d'éco-part.","img":"https://fd13-photos.leclercdrive.fr/image.ashx?id=2854345&use=l&cat=p&typeid=i","cat":325351},{"id":77855,"n":"Huile à barbe L'Oréal Paris Men Expert bois de cèdre - 30ml","p":8.78,"u":"292,67 €/L","img":"https://fd13-photos.leclercdrive.fr/image.ashx?id=3008770&use=l&cat=p&typeid=i","cat":284622},{"id":77946,"n":"Soin visage L'Oréal Paris Revitalift anti-âge - 50ml","p":13.79,"u":"275,80 €/L","img":"https://fd13-photos.leclercdrive.fr/image.ashx?id=2867527&use=l&cat=p&typeid=i","cat":325345},{"id":77976,"n":"Beurre Grand Fermage Doux - 82% MG - 250g","p":2.68,"u":"10,72 €/KG","img":"https://fd13-photos.leclercdrive.fr/image.ashx?id=2985207&use=l&cat=p&typeid=i","cat":284379},{"id":77985,"n":"Sauce à l'aneth Labeyrie Pour Saumon fumé - 100g","p":1.77,"u":"17,70 €/KG","img":"https://fd13-photos.leclercdrive.fr/image.ashx?id=2538701&use=l&cat=p&typeid=i","cat":315999},{"id":77986,"n":"Houmous Blini 200g","p":2.03,"u":"10,15 €/KG","img":"https://fd13-photos.leclercdrive.fr/image.ashx?id=2487716&use=l&cat=p&typeid=i","cat":315999},{"id":78044,"n":"Dos de Cabillaud MSC Delpierre Aux amandes - 360g","p":17.91,"u":"49,75 €/KG","img":"https://fd13-photos.leclercdrive.fr/image.ashx?id=2958830&use=l&cat=p&typeid=i","cat":284342},{"id":78075,"n":"Café moulu L'Or Intense 100% Arabica - 250g","p":4.67,"u":"18,68 €/KG","img":"https://fd13-photos.leclercdrive.fr/image.ashx?id=2289927&use=l&cat=p&typeid=i","cat":284750},{"id":78087,"n":"Café solubleMaxwell House Qualité Filtre Jarre - 100g","p":5.2,"u":"52,00 €/KG","img":"https://fd13-photos.leclercdrive.fr/image.ashx?id=1793910&use=l&cat=p&typeid=i","cat":284843},{"id":78098,"n":"Sauce Épicée TABASCO Piment Rouge - 60ml","p":2.38,"u":"39,67 €/L","img":"https://fd13-photos.leclercdrive.fr/image.ashx?id=2961317&use=l&cat=p&typeid=i","cat":298298},{"id":78105,"n":"Capsules café L'Or Espresso Splendente N°7 x10","p":3.09,"u":"59,42 €/KG","img":"https://fd13-photos.leclercdrive.fr/image.ashx?id=3000465&use=l&cat=p&typeid=i","cat":284749},{"id":78107,"n":"Capsules café L'Or Espresso Decaffeinato N°6 x10","p":3.17,"u":"60,96 €/KG","img":"https://fd13-photos.leclercdrive.fr/image.ashx?id=2100275&use=l&cat=p&typeid=i","cat":284749},{"id":78108,"n":"Capsules café L'Or Espresso Or Absolu N°9 x10","p":3.64,"u":"70,00 €/KG","img":"https://fd13-photos.leclercdrive.fr/image.ashx?id=2100287&use=l&cat=p&typeid=i","cat":284749},{"id":78131,"n":"Penne Chaque Jour  Sans gluten - 400g","p":1.62,"u":"4,05 €/KG","img":"https://fd13-photos.leclercdrive.fr/image.ashx?id=1292663&use=l&cat=p&typeid=i","cat":284427},{"id":78135,"n":"Safran filament Ducros 0.35g","p":5.69,"img":"https://fd13-photos.leclercdrive.fr/image.ashx?id=2474296&use=l&cat=p&typeid=i","cat":298297},{"id":78137,"n":"Coquillettes Chaque Jour  Sans gluten - 400g","p":1.57,"u":"3,93 €/KG","img":"https://fd13-photos.leclercdrive.fr/image.ashx?id=1997965&use=l&cat=p&typeid=i","cat":284427},{"id":78138,"n":"Sablé de Retz Saint Michel Oter Bahlsen - 2x120g","p":1.53,"u":"6,38 €/KG","img":"https://fd13-photos.leclercdrive.fr/image.ashx?id=2935684&use=l&cat=p&typeid=i","cat":284487},{"id":78154,"n":"Fusilli Chaque Jour  Sans gluten - 400g","p":1.75,"u":"4,38 €/KG","img":"https://fd13-photos.leclercdrive.fr/image.ashx?id=1997971&use=l&cat=p&typeid=i","cat":284427},{"id":78160,"n":"Petits cookies Bonne Maman Pépites de chocolat - 250g","p":2.44,"u":"9,76 €/KG","img":"https://fd13-photos.leclercdrive.fr/image.ashx?id=2936170&use=l&cat=p&typeid=i","cat":325066},{"id":78176,"n":"Mini cônes Extrême Vanille Chocolat x8 - 312g","p":3.62,"u":"11,60 €/KG","img":"https://fd13-photos.leclercdrive.fr/image.ashx?id=2737030&use=l&cat=p&typeid=i","cat":284264},{"id":78177,"n":"Glace Extrême mini Vanille/pecan/cookie - 8x39g","p":3.98,"u":"12,76 €/KG","img":"https://fd13-photos.leclercdrive.fr/image.ashx?id=2346485&use=l&cat=p&typeid=i","cat":284264},{"id":78204,"n":"Biscuits Palmito LU 100g","p":0.83,"u":"8,30 €/KG","img":"https://fd13-photos.leclercdrive.fr/image.ashx?id=3001949&use=l&cat=p&typeid=i","cat":284487},{"id":78210,"n":"Biscuits Nutella B-ready 6x22g","p":1.89,"u":"14,32 €/KG","img":"https://fd13-photos.leclercdrive.fr/image.ashx?id=2770602&use=l&cat=p&typeid=i","cat":284488},{"id":78214,"n":"Cookies mini Granola Pépites de chocolat - 160g","p":1.69,"u":"10,56 €/KG","img":"https://fd13-photos.leclercdrive.fr/image.ashx?id=3002252&use=l&cat=p&typeid=i","cat":325066},{"id":78454,"n":"Biscuits petit déjeuner Belvita Chocolat - 600g","p":3.77,"u":"6,28 €/KG","img":"https://fd13-photos.leclercdrive.fr/image.ashx?id=2345484&use=l&cat=p&typeid=i","cat":284491},{"id":78488,"n":"Cacahuètes Menguy's Grillées salées - 450g","p":3.75,"u":"8,33 €/KG","img":"https://fd13-photos.leclercdrive.fr/image.ashx?id=2979794&use=l&cat=p&typeid=i","cat":284448},{"id":78544,"n":"Ravioli pur boeuf Côté Table  400g","p":1.35,"u":"3,38 €/KG","img":"https://fd13-photos.leclercdrive.fr/image.ashx?id=3014281&use=l&cat=p&typeid=i","cat":284442},{"id":78546,"n":"Ravioli bolognaise Côté Table 400g","p":1.99,"u":"4,98 €/KG","img":"https://fd13-photos.leclercdrive.fr/image.ashx?id=3014275&use=l&cat=p&typeid=i","cat":284442},{"id":78574,"n":"Biscuits Choc'land Magie BN Chocolat au lait - 150g","p":1.88,"u":"12,53 €/KG","img":"https://fd13-photos.leclercdrive.fr/image.ashx?id=1739699&use=l&cat=p&typeid=i","cat":284488},{"id":78577,"n":"Gaufrettes Brun  Chocolat - 146g","p":0.92,"u":"6,30 €/KG","img":"https://fd13-photos.leclercdrive.fr/image.ashx?id=2842543&use=l&cat=p&typeid=i","cat":284487},{"id":78580,"n":"Gaufrettes Brun  Vanille - 146g","p":0.92,"u":"6,30 €/KG","img":"https://fd13-photos.leclercdrive.fr/image.ashx?id=2354320&use=l&cat=p&typeid=i","cat":284487},{"id":78594,"n":"Biscuits croquants Délichoc Chocolat noir - 150g","p":1.85,"u":"12,33 €/KG","img":"https://fd13-photos.leclercdrive.fr/image.ashx?id=2956307&use=l&cat=p&typeid=i","cat":284488},{"id":78618,"n":"Assiettes en carton Eco+ x100","p":2.97,"img":"https://fd13-photos.leclercdrive.fr/image.ashx?id=1307672&use=l&cat=p&typeid=i","cat":334134},{"id":78628,"n":"Serviettes blanches Homeside x30 - 38cmx38cm - 2 plis","p":1.31,"u":"0,04 €/P","img":"https://fd13-photos.leclercdrive.fr/image.ashx?id=1659693&use=l&cat=p&typeid=i","cat":334134},{"id":78642,"n":"Nappe damassée Homeside Turquoise - 7m","p":2.96,"img":"https://fd13-photos.leclercdrive.fr/image.ashx?id=2713581&use=l&cat=p&typeid=i","cat":334134},{"id":78643,"n":"Serviettes 2 plis Ardence Aqua - 38x38cm - x30","p":1.7,"u":"0,06 €/P","img":"https://fd13-photos.leclercdrive.fr/image.ashx?id=2744125&use=l&cat=p&typeid=i","cat":334134},{"id":78645,"n":"Nappe damassée Homeside Bleu ciel - 7m","p":2.96,"u":"0,42 €/MT","img":"https://fd13-photos.leclercdrive.fr/image.ashx?id=2693144&use=l&cat=p&typeid=i","cat":334134},{"id":78660,"n":"Perceuse à Percussion Foxter 18v","p":69.0,"u":"Dont 0,50 € d'éco-part.","img":"https://fd13-photos.leclercdrive.fr/image.ashx?id=1410556&use=l&cat=p&typeid=i","cat":300576},{"id":78664,"n":"Scie sabre Foxter","p":69.9,"u":"Dont 0,60 € d'éco-part.","img":"https://fd13-photos.leclercdrive.fr/image.ashx?id=1308245&use=l&cat=p&typeid=i","cat":300576},{"id":78715,"n":"Gaufrettes vanille Eco+ 190g","p":0.69,"u":"3,63 €/KG","img":"https://fd13-photos.leclercdrive.fr/image.ashx?id=2760786&use=l&cat=p&typeid=i","cat":284487},{"id":78717,"n":"Brioche tranchée Eco+ Nature - 500g","p":1.19,"u":"2,38 €/KG","img":"https://fd13-photos.leclercdrive.fr/image.ashx?id=1521024&use=l&cat=p&typeid=i","cat":284478},{"id":78719,"n":"Goûter fourré rond Eco+ Vanille - 500g","p":1.43,"u":"2,86 €/KG","img":"https://fd13-photos.leclercdrive.fr/image.ashx?id=2223611&use=l&cat=p&typeid=i","cat":284489},{"id":78723,"n":"Petits beurre Eco+ x24 - 175g","p":0.58,"u":"3,31 €/KG","img":"https://fd13-photos.leclercdrive.fr/image.ashx?id=2758782&use=l&cat=p&typeid=i","cat":284487},{"id":78725,"n":"Génoises fourrées orange Eco+ 300g","p":1.5,"u":"5,00 €/KG","img":"https://fd13-photos.leclercdrive.fr/image.ashx?id=1937462&use=l&cat=p&typeid=i","cat":284489},{"id":78726,"n":"Biscuits petit déjeuner Eco+ x25 - 350g","p":0.73,"u":"2,09 €/KG","img":"https://fd13-photos.leclercdrive.fr/image.ashx?id=2550821&use=l&cat=p&typeid=i","cat":284491},{"id":78728,"n":"Goûter fourré Eco+ Chocolat - 300g","p":1.07,"u":"3,57 €/KG","img":"https://fd13-photos.leclercdrive.fr/image.ashx?id=2775884&use=l&cat=p&typeid=i","cat":284488},{"id":78729,"n":"Biscuits sablés Sprits Eco+ 400g","p":1.14,"u":"2,85 €/KG","img":"https://fd13-photos.leclercdrive.fr/image.ashx?id=2196367&use=l&cat=p&typeid=i","cat":284487},{"id":78732,"n":"Guacamole Old El Paso Doux - 320g","p":2.31,"u":"7,22 €/KG","img":"https://fd13-photos.leclercdrive.fr/image.ashx?id=2737612&use=l&cat=p&typeid=i","cat":288993},{"id":78734,"n":"Boisson gourmande PAGO Red ACE Orange sang carotte ctrn - 75cl","p":1.93,"u":"2,57 €/L","img":"https://fd13-photos.leclercdrive.fr/image.ashx?id=2861234&use=l&cat=p&typeid=i","cat":284915},{"id":78737,"n":"Petit beurre Schar Sans gluten - 165g","p":2.83,"u":"17,15 €/KG","img":"https://fd13-photos.leclercdrive.fr/image.ashx?id=2137072&use=l&cat=p&typeid=i","cat":318654},{"id":78771,"n":"Galette Bonne Maman x12 - 170g","p":1.76,"u":"10,35 €/KG","img":"https://fd13-photos.leclercdrive.fr/image.ashx?id=2935792&use=l&cat=p&typeid=i","cat":284487},{"id":78773,"n":"Tablette de chocolat noir Lindt Noir 78% cacao - 100g","p":2.46,"u":"24,60 €/KG","img":"https://fd13-photos.leclercdrive.fr/image.ashx?id=2689481&use=l&cat=p&typeid=i","cat":284956},{"id":78837,"n":"Fromage blanc Danone Nature 3%MG - 825g","p":2.87,"u":"3,48 €/KG","img":"https://fd13-photos.leclercdrive.fr/image.ashx?id=2813878&use=l&cat=p&typeid=i","cat":284409},{"id":78937,"n":"Knacki végétal Herta x6 - 210g","p":2.33,"u":"11,10 €/KG","img":"https://fd13-photos.leclercdrive.fr/image.ashx?id=2992323&use=l&cat=p&typeid=i","cat":316036},{"id":78953,"n":"Savon solide Bionaïa Abricot bio - 100g","p":1.39,"u":"13,90 €/KG","img":"https://fd13-photos.leclercdrive.fr/image.ashx?id=2331324&use=l&cat=p&typeid=i","cat":284597},{"id":78965,"n":"Xtrem Box Sodebo Radiatori à la Bolognaise -400g","p":3.16,"u":"7,90 €/KG","img":"https://fd13-photos.leclercdrive.fr/image.ashx?id=2638760&use=l&cat=p&typeid=i","cat":334983},{"id":78970,"n":"Ravioli emmental Bio Village Bio Basilic - 250g","p":2.99,"u":"11,96 €/KG","img":"https://fd13-photos.leclercdrive.fr/image.ashx?id=2038446&use=l&cat=p&typeid=i","cat":333682},{"id":79016,"n":"Galette boulgour Céréal Bio  Bio tomate parmesan x2 200G","p":2.4,"u":"12,00 €/KG","img":"https://fd13-photos.leclercdrive.fr/image.ashx?id=2573519&use=l&cat=p&typeid=i","cat":284953},{"id":79019,"n":"Galettes bio Céréal Bio  Rroquefort, figues - 2x200g","p":2.41,"u":"12,05 €/KG","img":"https://fd13-photos.leclercdrive.fr/image.ashx?id=2573522&use=l&cat=p&typeid=i","cat":284953},{"id":79021,"n":"Galette Blé bio Céréal Bio  Pommes Terres Emmental xé 200g","p":2.55,"u":"12,75 €/KG","img":"https://fd13-photos.leclercdrive.fr/image.ashx?id=2575102&use=l&cat=p&typeid=i","cat":284953},{"id":79092,"n":"Adoucissant peaux sensibles 40 lavages - 750 ml - UNI VERT","p":1.78,"u":"2,37 €/L","img":"https://fd13-photos.leclercdrive.fr/image.ashx?id=2602901&use=l&cat=p&typeid=i","cat":284650},{"id":79233,"n":"Petit pot bébé bio Blédina 4-6m Haricots pomme de terre -2x130g","p":1.88,"u":"7,23 €/KG","img":"https://fd13-photos.leclercdrive.fr/image.ashx?id=2831699&use=l&cat=p&typeid=i","cat":312234},{"id":79243,"n":"Petit pot bébé bio Blédina 4-6m Patate douce - 2x130g","p":1.91,"u":"7,35 €/KG","img":"https://fd13-photos.leclercdrive.fr/image.ashx?id=2848581&use=l&cat=p&typeid=i","cat":312234},{"id":79252,"n":"Compote bébé bio Blédina 6 mois Pomme banane kiwi - 2x130g","p":1.94,"u":"7,46 €/KG","img":"https://fd13-photos.leclercdrive.fr/image.ashx?id=2848560&use=l&cat=p&typeid=i","cat":312388},{"id":79319,"n":"Shampooing Bio Sobio Etic Cheveux Doux - 250ml","p":4.06,"u":"16,24 €/L","img":"https://fd13-photos.leclercdrive.fr/image.ashx?id=2787068&use=l&cat=p&typeid=i","cat":284606},{"id":79323,"n":"Shampooing Bio Sobio Etic Cheveux nourris - 250ml","p":4.06,"u":"16,24 €/L","img":"https://fd13-photos.leclercdrive.fr/image.ashx?id=2792681&use=l&cat=p&typeid=i","cat":284606},{"id":79402,"n":"Chorizo espagnol fort x30 - 150g","p":2.19,"u":"14,60 €/KG","img":"https://fd13-photos.leclercdrive.fr/image.ashx?id=1873728&use=l&cat=p&typeid=i","cat":316007},{"id":79404,"n":"P'tit max Délisse Vanille - 6x180g","p":2.03,"u":"1,88 €/KG","img":"https://fd13-photos.leclercdrive.fr/image.ashx?id=1874024&use=l&cat=p&typeid=i","cat":284415},{"id":79406,"n":"P'tit max Délisse Framboise - 6x180g","p":2.03,"u":"1,88 €/KG","img":"https://fd13-photos.leclercdrive.fr/image.ashx?id=1875515&use=l&cat=p&typeid=i","cat":284415},{"id":79517,"n":"Soupe velouté Knorr 9 légumes - 1L","p":1.78,"u":"1,78 €/L","img":"https://fd13-photos.leclercdrive.fr/image.ashx?id=2408273&use=l&cat=p&typeid=i","cat":284462},{"id":79519,"n":"Soupe mouliné Knorr Légumes variés - 1L","p":1.77,"u":"1,77 €/L","img":"https://fd13-photos.leclercdrive.fr/image.ashx?id=2408276&use=l&cat=p&typeid=i","cat":284462},{"id":79528,"n":"Nouilles Tables du Monde Asiatiques Boeuf cup - 61.5g","p":0.74,"u":"11,94 €/KG","img":"https://fd13-photos.leclercdrive.fr/image.ashx?id=1297258&use=l&cat=p&typeid=i","cat":288992},{"id":79529,"n":"Nouille Tables du Monde Asiatique Poulet cup - 61.5g","p":0.74,"u":"11,94 €/KG","img":"https://fd13-photos.leclercdrive.fr/image.ashx?id=1297261&use=l&cat=p&typeid=i","cat":288992},{"id":79532,"n":"Nouilles Table du Monde Asiatiques Curry cup - 61.5g","p":0.79,"u":"12,74 €/KG","img":"https://fd13-photos.leclercdrive.fr/image.ashx?id=1297264&use=l&cat=p&typeid=i","cat":288992},{"id":79534,"n":"Nouilles Tables du Monde Asiatiques crevette cup - 61.5g","p":0.74,"u":"11,94 €/KG","img":"https://fd13-photos.leclercdrive.fr/image.ashx?id=2920208&use=l&cat=p&typeid=i","cat":288992},{"id":79543,"n":"Pâtes De Cecco Linguine n°7 - 500g","p":1.72,"u":"3,44 €/KG","img":"https://fd13-photos.leclercdrive.fr/image.ashx?id=2997280&use=l&cat=p&typeid=i","cat":284427},{"id":79545,"n":"Pâtes Collezione Barilla Tortellini jambon fromage -250g","p":2.6,"u":"10,40 €/KG","img":"https://fd13-photos.leclercdrive.fr/image.ashx?id=2588624&use=l&cat=p&typeid=i","cat":284427},{"id":79552,"n":"Pâtes Barilla Spaghettoni n°7 - 1kg","p":1.89,"u":"1,89 €/KG","img":"https://fd13-photos.leclercdrive.fr/image.ashx?id=2392233&use=l&cat=p&typeid=i","cat":284427},{"id":79556,"n":"Couscous parfumé Tipiak Epice - 510g","p":2.02,"u":"3,96 €/KG","img":"https://fd13-photos.leclercdrive.fr/image.ashx?id=2882866&use=l&cat=p&typeid=i","cat":284429},{"id":79623,"n":"Barre de céréales Nature Valley  Crunchy avoine miel X5-210g","p":2.25,"u":"10,71 €/KG","img":"https://fd13-photos.leclercdrive.fr/image.ashx?id=2844472&use=l&cat=p&typeid=i","cat":285869},{"id":79624,"n":"Barre de céréales Nature Valley Crunchy avoine chocolat x5-210g","p":2.47,"u":"11,76 €/KG","img":"https://fd13-photos.leclercdrive.fr/image.ashx?id=2844475&use=l&cat=p&typeid=i","cat":285869},{"id":79625,"n":"Barre de céréales Nature Valley  Sweet & Salty chocolat x5-150g","p":2.76,"u":"18,40 €/KG","img":"https://fd13-photos.leclercdrive.fr/image.ashx?id=2737714&use=l&cat=p&typeid=i","cat":285869},{"id":79674,"n":"Mascara Maybelline  Colossal Big Shot volume Noir","p":8.49,"img":"https://fd13-photos.leclercdrive.fr/image.ashx?id=2422734&use=l&cat=p&typeid=i","cat":287029},{"id":79682,"n":"Poudre fondante L'Oréal Paris Accord Parfait 3D Beige doré","p":10.99,"img":"https://fd13-photos.leclercdrive.fr/image.ashx?id=2395544&use=l&cat=p&typeid=i","cat":287029},{"id":79692,"n":"Mascara L'Oréal Paris Millions de Cils Noir","p":10.79,"pp":7.12,"img":"https://fd13-photos.leclercdrive.fr/image.ashx?id=2419167&use=l&cat=p&typeid=i","cat":287029},{"id":79694,"n":"Fond de Teint L'Oréal Paris Accord Parfait 2.R Vanille Rosé","p":10.99,"img":"https://fd13-photos.leclercdrive.fr/image.ashx?id=2937355&use=l&cat=p&typeid=i","cat":287029},{"id":79797,"n":"Fond de Teint L'Oréal Paris Accord Parfait 3.R Beige Rosé","p":10.94,"img":"https://fd13-photos.leclercdrive.fr/image.ashx?id=2900971&use=l&cat=p&typeid=i","cat":287029},{"id":79798,"n":"Fond de Teint L'Oréal Paris Accord Parfait 3.D Beige Doré","p":11.31,"img":"https://fd13-photos.leclercdrive.fr/image.ashx?id=2900974&use=l&cat=p&typeid=i","cat":287029},{"id":79832,"n":"Gourde bébé Good Goût Bio 4mois Prune - 120g","p":1.46,"u":"12,17 €/KG","img":"https://fd13-photos.leclercdrive.fr/image.ashx?id=2381270&use=l&cat=p&typeid=i","cat":312393},{"id":79833,"n":"Gourde bébé Good Goût Bio 6mois Purée de Pomme/Coing - 120g","p":1.41,"u":"11,75 €/KG","img":"https://fd13-photos.leclercdrive.fr/image.ashx?id=2736181&use=l&cat=p&typeid=i","cat":312393},{"id":79870,"n":"Cahier Esquisse Jaune - 24x32cm - 96p","p":1.39,"img":"https://fd13-photos.leclercdrive.fr/image.ashx?id=1703710&use=l&cat=p&typeid=i","cat":284697},{"id":79876,"n":"Eyeliner feutre Maybelline Tracé Fin Ultra-précis 700 Noir","p":8.76,"img":"https://fd13-photos.leclercdrive.fr/image.ashx?id=2601118&use=l&cat=p&typeid=i","cat":287029},{"id":79877,"n":"Correcteur anticerne Maybelline Instant Anti-Age 01 Beige Rose","p":8.79,"img":"https://fd13-photos.leclercdrive.fr/image.ashx?id=2770542&use=l&cat=p&typeid=i","cat":287029},{"id":79890,"n":"Kit traçage Esquisse Vert - 3 pièces","p":1.99,"img":"https://fd13-photos.leclercdrive.fr/image.ashx?id=1700866&use=l&cat=p&typeid=i","cat":334133},{"id":79903,"n":"Rouge à lèvres Maybelline Superstay - Matte ink 15 lover","p":12.6,"img":"https://fd13-photos.leclercdrive.fr/image.ashx?id=2925451&use=l&cat=p&typeid=i","cat":287029},{"id":79904,"n":"Mascara waterproof Maybelline  Volum'Express noir","p":6.85,"img":"https://fd13-photos.leclercdrive.fr/image.ashx?id=2470285&use=l&cat=p&typeid=i","cat":287029},{"id":79908,"n":"Eyeliner express Maybelline Liner liquide Noir","p":9.21,"img":"https://fd13-photos.leclercdrive.fr/image.ashx?id=2670854&use=l&cat=p&typeid=i","cat":287029},{"id":79909,"n":"Mascara Maybelline  Cils Sensational Intense Noir","p":9.09,"img":"https://fd13-photos.leclercdrive.fr/image.ashx?id=2278154&use=l&cat=p&typeid=i","cat":287029},{"id":79936,"n":"Jambon Tranché Fin Fleury Michon -25% de sel x4 - 120g","p":2.28,"u":"19,00 €/KG","img":"https://fd13-photos.leclercdrive.fr/image.ashx?id=2889295&use=l&cat=p&typeid=i","cat":316009},{"id":79937,"n":"Dés de jambon Fleury Michon -25% de sel - 2x75g","p":2.28,"u":"15,20 €/KG","img":"https://fd13-photos.leclercdrive.fr/image.ashx?id=2645492&use=l&cat=p&typeid=i","cat":316011},{"id":79940,"n":"Bière blonde Grimbergen 6,7° - 50cl canette","p":1.85,"u":"3,70 €/L","img":"https://fd13-photos.leclercdrive.fr/image.ashx?id=2605458&use=l&cat=p&typeid=i","cat":334853},{"id":79960,"n":"Joker Le Fruit Jus de pomme - 1L","p":1.87,"u":"1,87 €/L","img":"https://fd13-photos.leclercdrive.fr/image.ashx?id=2846601&use=l&cat=p&typeid=i","cat":284522},{"id":79965,"n":"Mini ruban correcteur Esquisse Bleu, vert et gris - x3","p":1.99,"img":"https://fd13-photos.leclercdrive.fr/image.ashx?id=2943268&use=l&cat=p&typeid=i","cat":334133},{"id":79966,"n":"Joker Pur Jus Engagé Orange sans pulpe - 1,5L","p":3.59,"u":"2,39 €/L","img":"https://fd13-photos.leclercdrive.fr/image.ashx?id=3001290&use=l&cat=p&typeid=i","cat":284521},{"id":79967,"n":"Joker Pur Jus Engagé Orange  avec pulpe - 1,5L","p":4.1,"u":"2,73 €/L","img":"https://fd13-photos.leclercdrive.fr/image.ashx?id=3008140&use=l&cat=p&typeid=i","cat":284521},{"id":79971,"n":"Boisson Citronnade Pulco Citron - 1L","p":2.0,"u":"2,00 €/L","img":"https://fd13-photos.leclercdrive.fr/image.ashx?id=2942263&use=l&cat=p&typeid=i","cat":295018},{"id":79972,"n":"Soda rouge Orangina Orange Sanguine - 1,5L","p":1.94,"u":"1,29 €/L","img":"https://fd13-photos.leclercdrive.fr/image.ashx?id=2539833&use=l&cat=p&typeid=i","cat":284532},{"id":79979,"n":"Cahier classeur Exacompta Rouge - A4 - dos 2cm","p":2.69,"img":"https://fd13-photos.leclercdrive.fr/image.ashx?id=1686109&use=l&cat=p&typeid=i","cat":284745},{"id":79980,"n":"Cahier classeur Exacompta Vert - A4 - dos 2cm","p":2.69,"img":"https://fd13-photos.leclercdrive.fr/image.ashx?id=1686112&use=l&cat=p&typeid=i","cat":284745},{"id":79981,"n":"Cahier classeur Exacompta Turquoise - A4 - dos 2cm","p":2.69,"img":"https://fd13-photos.leclercdrive.fr/image.ashx?id=1686115&use=l&cat=p&typeid=i","cat":284745},{"id":79982,"n":"Cahier classeur Exacompta Incolore - A4 - dos 2cm","p":2.69,"img":"https://fd13-photos.leclercdrive.fr/image.ashx?id=1686118&use=l&cat=p&typeid=i","cat":284745},{"id":79997,"n":"Classeur extra large Exacompta Noir - 24.2x29.7cm","p":3.02,"img":"https://fd13-photos.leclercdrive.fr/image.ashx?id=1686121&use=l&cat=p&typeid=i","cat":284745},{"id":79998,"n":"Classeur extra large Exacompta Vert pétrole - 24.2x29.7cm","p":3.02,"img":"https://fd13-photos.leclercdrive.fr/image.ashx?id=1686124&use=l&cat=p&typeid=i","cat":284745},{"id":79999,"n":"Classeur extra large Exacompta Vert - 24.2x29.7cm","p":3.02,"img":"https://fd13-photos.leclercdrive.fr/image.ashx?id=1686127&use=l&cat=p&typeid=i","cat":284745},{"id":80002,"n":"Classeur extra large Exacompta Rose - 24.2x29.7cm","p":3.02,"img":"https://fd13-photos.leclercdrive.fr/image.ashx?id=1685883&use=l&cat=p&typeid=i","cat":284745},{"id":80003,"n":"Classeur extra large Exacompta Jaune - 24.2x29.7cm","p":3.02,"img":"https://fd13-photos.leclercdrive.fr/image.ashx?id=1686133&use=l&cat=p&typeid=i","cat":284745},{"id":80004,"n":"Classeur extra large Exacompta Violet - 24.2x29.7cm","p":3.02,"img":"https://fd13-photos.leclercdrive.fr/image.ashx?id=1686136&use=l&cat=p&typeid=i","cat":284745},{"id":80005,"n":"Classeur extra large Exacompta Bleu foncé - 24.2x29.7cm","p":3.02,"img":"https://fd13-photos.leclercdrive.fr/image.ashx?id=1686139&use=l&cat=p&typeid=i","cat":284745},{"id":80007,"n":"Classeur extra-large Exacompta Bleu clair - 24.2x29.7cm","p":3.3,"img":"https://fd13-photos.leclercdrive.fr/image.ashx?id=1685886&use=l&cat=p&typeid=i","cat":284745},{"id":80030,"n":"Protège-cahier Esquisse Vert Anis - 24x32cm","p":1.19,"img":"https://fd13-photos.leclercdrive.fr/image.ashx?id=1700869&use=l&cat=p&typeid=i","cat":284697},{"id":80033,"n":"Protège-cahier Esquisse Transparent - 24x32cm","p":1.19,"img":"https://fd13-photos.leclercdrive.fr/image.ashx?id=1700872&use=l&cat=p&typeid=i","cat":284697},{"id":80034,"n":"Protège-cahier Esquisse Orange - 24x32cm","p":1.19,"img":"https://fd13-photos.leclercdrive.fr/image.ashx?id=1433345&use=l&cat=p&typeid=i","cat":284697},{"id":80053,"n":"Paire de ciseaux Sensoft Maped Rouge - Gaucher - 16cm","p":4.5,"img":"https://fd13-photos.leclercdrive.fr/image.ashx?id=1410598&use=l&cat=p&typeid=i","cat":334133},{"id":80078,"n":"Stylo plume Esquisse - Rugby Noir + 2 cartouches","p":2.19,"img":"https://fd13-photos.leclercdrive.fr/image.ashx?id=1454372&use=l&cat=p&typeid=i","cat":284696},{"id":80079,"n":"Stylo plume Esquisse Fleurs - Noir + 2 cartouches","p":2.19,"img":"https://fd13-photos.leclercdrive.fr/image.ashx?id=1454375&use=l&cat=p&typeid=i","cat":284696},{"id":80114,"n":"Lait bébé Les récoltes bio croissance Blédina 10 mois 6x1l","p":14.31,"u":"2,39 €/L","img":"https://fd13-photos.leclercdrive.fr/image.ashx?id=2605440&use=l&cat=p&typeid=i","cat":284728},{"id":80118,"n":"Stylo bille 4 couleurs Bic + 1HB Porte-Mines - 2+1","p":4.5,"u":"1,50 €/P","img":"https://fd13-photos.leclercdrive.fr/image.ashx?id=2252142&use=l&cat=p&typeid=i","cat":284696},{"id":80125,"n":"Feutres d'écriture Papermate Flair - x8","p":8.49,"img":"https://fd13-photos.leclercdrive.fr/image.ashx?id=2089649&use=l&cat=p&typeid=i","cat":284696},{"id":80128,"n":"Rosette de Lyon Saint-Azay 12 tranches - 100g","p":1.44,"u":"14,40 €/KG","img":"https://fd13-photos.leclercdrive.fr/image.ashx?id=2043032&use=l&cat=p&typeid=i","cat":316007},{"id":80130,"n":"Alèses absorbantes DryNites 78x88cm - x12","p":12.76,"u":"1,06 €/P","img":"https://fd13-photos.leclercdrive.fr/image.ashx?id=2883717&use=l&cat=p&typeid=i","cat":290633},{"id":80156,"n":"Tube de peintureColorPeps Maped Gouache boîte en plastique -x10","p":5.74,"img":"https://fd13-photos.leclercdrive.fr/image.ashx?id=2014016&use=l&cat=p&typeid=i","cat":334133},{"id":80160,"n":"Bloc notes cube jaune Post-it 76x76mm - x450 feuilles","p":3.57,"img":"https://fd13-photos.leclercdrive.fr/image.ashx?id=2612748&use=l&cat=p&typeid=i","cat":334133},{"id":80170,"n":"Pochettes A4 perforées Oxford  Lisse en polypropylène x50","p":2.99,"img":"https://fd13-photos.leclercdrive.fr/image.ashx?id=2896144&use=l&cat=p&typeid=i","cat":284745},{"id":80177,"n":"Lot 3 rubans adhésifs Magic avec dévidoirs","p":2.07,"img":"https://fd13-photos.leclercdrive.fr/image.ashx?id=1870633&use=l&cat=p&typeid=i","cat":334133},{"id":80186,"n":"Rhum tradition Rivière du Mat Blanc - 40%vol - 70cl","p":11.4,"u":"16,29 €/L","img":"https://fd13-photos.leclercdrive.fr/image.ashx?id=2616117&use=l&cat=p&typeid=i","cat":284550},{"id":80264,"n":"Joker Pur Jus Engagé  Multifruits - 2L","p":4.27,"u":"2,14 €/L","img":"https://fd13-photos.leclercdrive.fr/image.ashx?id=2846358&use=l&cat=p&typeid=i","cat":284917},{"id":80266,"n":"Joker Pur Jus Engagé Orange  sans Pulpe - 2L","p":4.95,"u":"2,48 €/L","img":"https://fd13-photos.leclercdrive.fr/image.ashx?id=2731186&use=l&cat=p&typeid=i","cat":284521},{"id":80275,"n":"Joker Pur Jus Engagé Mandarine Orange du matin - 1L","p":2.45,"u":"2,45 €/L","img":"https://fd13-photos.leclercdrive.fr/image.ashx?id=2731183&use=l&cat=p&typeid=i","cat":284521},{"id":80302,"n":"Eau minérale naturelle Volvic 6x1,5L","p":3.04,"u":"0,34 €/L","img":"https://fd13-photos.leclercdrive.fr/image.ashx?id=2730244&use=l&cat=p&typeid=i","cat":284535},{"id":80308,"n":"Soda Pepsi Cola zéro - 5x1.5L + 1 offerte","p":6.4,"u":"0,71 €/L","img":"https://fd13-photos.leclercdrive.fr/image.ashx?id=2983327&use=l&cat=p&typeid=i","cat":284530},{"id":80346,"n":"yaourt aux fruits bifidus activia cerise - 4x125g","p":1.87,"u":"3,74 €/KG","img":"https://fd13-photos.leclercdrive.fr/image.ashx?id=2885327&use=l&cat=p&typeid=i","cat":315000},{"id":80380,"n":"Tablette De Chocolat Poulain Noir Extra - 200g","p":2.09,"u":"10,45 €/KG","img":"https://fd13-photos.leclercdrive.fr/image.ashx?id=2890262&use=l&cat=p&typeid=i","cat":284956},{"id":80382,"n":"Tablette De Chocolat Poulain Noir Extra - 2x100g","p":2.47,"u":"12,35 €/KG","img":"https://fd13-photos.leclercdrive.fr/image.ashx?id=2867566&use=l&cat=p&typeid=i","cat":284956},{"id":80383,"n":"Tablette KINDER Chocolat Chocolat au Lait x12 - 150g","p":2.83,"u":"18,87 €/KG","img":"https://fd13-photos.leclercdrive.fr/image.ashx?id=1904474&use=l&cat=p&typeid=i","cat":284498},{"id":80385,"n":"Barres Chocolatées KINDER BUENO  Chocolat au Lait x5 - 215g","p":3.81,"u":"17,72 €/KG","img":"https://fd13-photos.leclercdrive.fr/image.ashx?id=2679621&use=l&cat=p&typeid=i","cat":284498},{"id":80386,"n":"Barres KINDER BUENO White  Chocolat Blanc x6 - 234g","p":4.12,"u":"17,61 €/KG","img":"https://fd13-photos.leclercdrive.fr/image.ashx?id=2679639&use=l&cat=p&typeid=i","cat":284498},{"id":80391,"n":"Mascara L'Oréal Paris  Lash Paradise Noir","p":10.63,"img":"https://fd13-photos.leclercdrive.fr/image.ashx?id=2580158&use=l&cat=p&typeid=i","cat":287029},{"id":80553,"n":"Pack de 3 cartouches Brita Filtrantes classic","p":18.99,"u":"6,33 €/P","img":"https://fd13-photos.leclercdrive.fr/image.ashx?id=2433259&use=l&cat=p&typeid=i","cat":334135},{"id":80593,"n":"Arachides Maître Prunille Coque grillées - 1kg","p":7.0,"u":"7,00 €/KG","img":"https://fd13-photos.leclercdrive.fr/image.ashx?id=2234015&use=l&cat=p&typeid=i","cat":284357},{"id":80601,"n":"Mozzarella vache Casa Azzurra Billes - 150g","p":2.11,"u":"14,07 €/KG","img":"https://fd13-photos.leclercdrive.fr/image.ashx?id=2927546&use=l&cat=p&typeid=i","cat":314026},{"id":80617,"n":"Tétine en latex Mots d'enfants Bout rond - 2ème âge - x2","p":1.5,"img":"https://fd13-photos.leclercdrive.fr/image.ashx?id=1871134&use=l&cat=p&typeid=i","cat":284743},{"id":80630,"n":"Purée de tomates Bio Village Bio  - 72cl","p":1.54,"u":"2,14 €/L","img":"https://fd13-photos.leclercdrive.fr/image.ashx?id=2077475&use=l&cat=p&typeid=i","cat":288384},{"id":80633,"n":"Whisky Glen Grant + Etui 10 ans - 40%vol - 70cl","p":26.85,"u":"38,36 €/L","img":"https://fd13-photos.leclercdrive.fr/image.ashx?id=2578894&use=l&cat=p&typeid=i","cat":284547},{"id":80663,"n":"Soda Pepsi Cola - 5x1.5L + 1 offerte","p":5.97,"u":"0,66 €/L","img":"https://fd13-photos.leclercdrive.fr/image.ashx?id=2983324&use=l&cat=p&typeid=i","cat":284530},{"id":80664,"n":"Pur Jus multifruit Tropicana Réveil fruité - 1L","p":2.91,"u":"2,91 €/L","img":"https://fd13-photos.leclercdrive.fr/image.ashx?id=2605644&use=l&cat=p&typeid=i","cat":284917},{"id":80840,"n":"Bouillon Cube Maggi Pot au feu - Dégraissé - 120g","p":1.57,"u":"13,08 €/KG","img":"https://fd13-photos.leclercdrive.fr/image.ashx?id=2212327&use=l&cat=p&typeid=i","cat":288379},{"id":80841,"n":"Bouillon Cube Maggi Volaille - Degraissé - 120g","p":1.59,"u":"13,25 €/KG","img":"https://fd13-photos.leclercdrive.fr/image.ashx?id=2737087&use=l&cat=p&typeid=i","cat":288379},{"id":80842,"n":"Bouillon Cube Maggi Dégraissé - 120g","p":1.46,"u":"12,17 €/KG","img":"https://fd13-photos.leclercdrive.fr/image.ashx?id=2737090&use=l&cat=p&typeid=i","cat":288379},{"id":80927,"n":"Fromage chèvre chaud Soignon Nature - 21% MG - 4x25g","p":1.94,"u":"19,40 €/KG","img":"https://fd13-photos.leclercdrive.fr/image.ashx?id=2844951&use=l&cat=p&typeid=i","cat":314027},{"id":81188,"n":"Flan aromatisé vanille Flanby nappé de caramel - 12x100g","p":2.6,"u":"2,17 €/KG","img":"https://fd13-photos.leclercdrive.fr/image.ashx?id=2744584&use=l&cat=p&typeid=i","cat":284420},{"id":81193,"n":"Compotes Douceur du Verger Pomme Châtaigne - 4x100g","p":1.46,"u":"3,65 €/KG","img":"https://fd13-photos.leclercdrive.fr/image.ashx?id=2389560&use=l&cat=p&typeid=i","cat":284416},{"id":81196,"n":"Flan aromatisé vanille Flanby nappé de caramel - 6x100g","p":1.47,"u":"2,45 €/KG","img":"https://fd13-photos.leclercdrive.fr/image.ashx?id=2483786&use=l&cat=p&typeid=i","cat":284420},{"id":81199,"n":"Yaourt La Laitière  Vanille - 8x125g","p":3.21,"u":"3,21 €/KG","img":"https://fd13-photos.leclercdrive.fr/image.ashx?id=2613981&use=l&cat=p&typeid=i","cat":286006},{"id":81215,"n":"Compote Cool Fruits bio Vitabio Pomme Mangue Ananas -12x90g","p":8.6,"u":"7,96 €/KG","img":"https://fd13-photos.leclercdrive.fr/image.ashx?id=2621399&use=l&cat=p&typeid=i","cat":284508},{"id":81222,"n":"Pizza La pizz Sodebo Chorizo - 470g","p":3.42,"u":"7,28 €/KG","img":"https://fd13-photos.leclercdrive.fr/image.ashx?id=2868389&use=l&cat=p&typeid=i","cat":333679},{"id":81236,"n":"Fromage à tartiner Boursin Ail et fines herbes 10 portions","p":2.41,"u":"15,06 €/KG","img":"https://fd13-photos.leclercdrive.fr/image.ashx?id=2964682&use=l&cat=p&typeid=i","cat":314029},{"id":81243,"n":"Bière blonde Heineken Sans alcool - 12x25cl","p":8.22,"u":"2,74 €/L","img":"https://fd13-photos.leclercdrive.fr/image.ashx?id=2795944&use=l&cat=p&typeid=i","cat":334877},{"id":81254,"n":"Bière blonde Grimbergen 6,7° - 12x25cl","p":8.87,"u":"2,96 €/L","img":"https://fd13-photos.leclercdrive.fr/image.ashx?id=2872865&use=l&cat=p&typeid=i","cat":334852},{"id":81262,"n":"Mort Subite Kriek Lambic 75cl","p":3.78,"u":"5,04 €/L","img":"https://fd13-photos.leclercdrive.fr/image.ashx?id=2944954&use=l&cat=p&typeid=i","cat":334878},{"id":81268,"n":"Bière blonde Grimbergen 6,7° - 6x25cl","p":4.9,"u":"3,27 €/L","img":"https://fd13-photos.leclercdrive.fr/image.ashx?id=2294381&use=l&cat=p&typeid=i","cat":334852},{"id":81280,"n":"Fromage La Vache qui rit Toastinette nature 10 tranches","p":1.72,"u":"8,60 €/KG","img":"https://fd13-photos.leclercdrive.fr/image.ashx?id=2342776&use=l&cat=p&typeid=i","cat":314028},{"id":81291,"n":"Bière sans alcool Tourtel Twist Citron Vert Menthe 0,0° -6x27cl","p":4.49,"u":"2,72 €/L","img":"https://fd13-photos.leclercdrive.fr/image.ashx?id=2896567&use=l&cat=p&typeid=i","cat":334877},{"id":81316,"n":"Tablette KINDER Chocolat Chocolat au Lait x24 - 300g","p":4.23,"u":"14,10 €/KG","img":"https://fd13-photos.leclercdrive.fr/image.ashx?id=2868167&use=l&cat=p&typeid=i","cat":284498},{"id":81318,"n":"Bonbons KINDER Schoko-Bons Chocolat au lait - 500G","p":7.82,"u":"15,64 €/KG","img":"https://fd13-photos.leclercdrive.fr/image.ashx?id=2402925&use=l&cat=p&typeid=i","cat":304238},{"id":81322,"n":"Huile de Tournesol Eco+ 3L","p":4.89,"u":"1,63 €/L","img":"https://fd13-photos.leclercdrive.fr/image.ashx?id=1944556&use=l&cat=p&typeid=i","cat":284453},{"id":81323,"n":"Huile d'olive Bio Carapelli Extra-vierge - 75cl","p":11.9,"u":"15,87 €/L","img":"https://fd13-photos.leclercdrive.fr/image.ashx?id=2737447&use=l&cat=p&typeid=i","cat":284453},{"id":81352,"n":"Dosettes Bio Village Bio Amérique latine  x36 - 252g","p":4.49,"u":"17,82 €/KG","img":"https://fd13-photos.leclercdrive.fr/image.ashx?id=2181837&use=l&cat=p&typeid=i","cat":293238},{"id":81371,"n":"Tartine de pain Pasquier Au blé complet - 240g","p":1.53,"u":"6,38 €/KG","img":"https://fd13-photos.leclercdrive.fr/image.ashx?id=2927339&use=l&cat=p&typeid=i","cat":284479},{"id":81374,"n":"Vodka Zubrowka Biala 37.5%vol - 1L","p":14.95,"pp":13.45,"u":"13,45 €/L","img":"https://fd13-photos.leclercdrive.fr/image.ashx?id=2955510&use=l&cat=p&typeid=i","cat":284550},{"id":81378,"n":"Bière Arômatisée Desquiles Rhum - 5.9%vol - 50cl","p":1.7,"u":"3,40 €/L","img":"https://fd13-photos.leclercdrive.fr/image.ashx?id=2637928&use=l&cat=p&typeid=i","cat":334853},{"id":81379,"n":"Jambon cru -25%  de Sel Aoste 6 tranches - 100g","p":3.98,"u":"39,80 €/KG","img":"https://fd13-photos.leclercdrive.fr/image.ashx?id=2359507&use=l&cat=p&typeid=i","cat":316007},{"id":81382,"n":"Pastis Ricard Plantes Fraiches Anisé 45% vol - 70cl","p":19.15,"u":"27,36 €/L","img":"https://fd13-photos.leclercdrive.fr/image.ashx?id=2870302&use=l&cat=p&typeid=i","cat":284548},{"id":81383,"n":"Rillettes du Mans La Véritable Bordeau Chesnel - 220g","p":2.17,"u":"9,86 €/KG","img":"https://fd13-photos.leclercdrive.fr/image.ashx?id=2763100&use=l&cat=p&typeid=i","cat":316008},{"id":81384,"n":"Vodka Zubrowska Biala 37.5%vol - 70cl","p":12.29,"u":"17,56 €/L","img":"https://fd13-photos.leclercdrive.fr/image.ashx?id=2961227&use=l&cat=p&typeid=i","cat":284550},{"id":81462,"n":"Fromage Apéritif Apérivrais  Ail et Fines Herbes - 100g","p":2.08,"u":"20,80 €/KG","img":"https://fd13-photos.leclercdrive.fr/image.ashx?id=2854612&use=l&cat=p&typeid=i","cat":314027},{"id":81547,"n":"Capsules Nescafé Dolce Gusto  Cappuccino - x8 - 186g","p":4.57,"u":"24,57 €/KG","img":"https://fd13-photos.leclercdrive.fr/image.ashx?id=2838809&use=l&cat=p&typeid=i","cat":293239},{"id":81548,"n":"Pain de mie Harrys 100% mie Nature Sans croûte Maxi - 650g","p":2.1,"u":"3,23 €/KG","img":"https://fd13-photos.leclercdrive.fr/image.ashx?id=2517468&use=l&cat=p&typeid=i","cat":284477},{"id":81554,"n":"Riz au lait Bonne Maman Vanille Naturelle - 4x100g","p":2.29,"u":"5,73 €/KG","img":"https://fd13-photos.leclercdrive.fr/image.ashx?id=2619130&use=l&cat=p&typeid=i","cat":284418},{"id":81558,"n":"Pain de mie 100% Mie Harrys Nature petites tranches - 500g","p":1.71,"u":"3,42 €/KG","img":"https://fd13-photos.leclercdrive.fr/image.ashx?id=2517453&use=l&cat=p&typeid=i","cat":284477},{"id":81559,"n":"Yaourt Enfant Petits Filous Fruits Mixés Panaché - 12x50g","p":2.24,"u":"3,73 €/KG","img":"https://fd13-photos.leclercdrive.fr/image.ashx?id=2767359&use=l&cat=p&typeid=i","cat":284414},{"id":81564,"n":"AOP Champagne Canard-Duchêne Brut - 75cl","p":24.67,"u":"32,89 €/L","img":"https://fd13-photos.leclercdrive.fr/image.ashx?id=2756909&use=l&cat=p&typeid=i","cat":284542},{"id":81701,"n":"Repas bébé bio BabyBio 12 mois Patate douce Pintade - 230g","p":2.18,"u":"9,48 €/KG","img":"https://fd13-photos.leclercdrive.fr/image.ashx?id=2827410&use=l&cat=p&typeid=i","cat":312237},{"id":81740,"n":"Bière Saint Omer Forte - 8%vol - 50cl","p":1.16,"u":"2,32 €/L","img":"https://fd13-photos.leclercdrive.fr/image.ashx?id=2412570&use=l&cat=p&typeid=i","cat":334853},{"id":81768,"n":"Brioche tranchée La Boulangère Bio - 400g","p":2.29,"u":"5,73 €/KG","img":"https://fd13-photos.leclercdrive.fr/image.ashx?id=2912194&use=l&cat=p&typeid=i","cat":284478},{"id":81781,"n":"Thé noir Bio Ethiquable  Earl grey Darjeeling x20 - 36g","p":2.35,"u":"65,28 €/KG","img":"https://fd13-photos.leclercdrive.fr/image.ashx?id=2870836&use=l&cat=p&typeid=i","cat":293233},{"id":81861,"n":"Pain de mie 100% Mie Harrys Nature grandes tranches - 500g","p":1.78,"u":"3,56 €/KG","img":"https://fd13-photos.leclercdrive.fr/image.ashx?id=2517456&use=l&cat=p&typeid=i","cat":284477},{"id":81909,"n":"Café moulu Grand Mère Familial - 250g","p":3.42,"u":"13,68 €/KG","img":"https://fd13-photos.leclercdrive.fr/image.ashx?id=1755046&use=l&cat=p&typeid=i","cat":284750},{"id":81991,"n":"Courgettes rondelle Bio Village Bio - 600g","p":1.99,"u":"3,32 €/KG","img":"https://fd13-photos.leclercdrive.fr/image.ashx?id=2898089&use=l&cat=p&typeid=i","cat":319805},{"id":82008,"n":"Emmental râpé fondant Président 3x70g","p":2.66,"u":"12,67 €/KG","img":"https://fd13-photos.leclercdrive.fr/image.ashx?id=2462741&use=l&cat=p&typeid=i","cat":314035},{"id":82099,"n":"Steak haché Eco+ x10 - 1kg","p":8.74,"u":"8,74 €/KG","img":"https://fd13-photos.leclercdrive.fr/image.ashx?id=2966532&use=l&cat=p&typeid=i","cat":319778},{"id":82145,"n":"Bière blonde La G de Goudale 7.9%vol - 75cl","p":3.99,"u":"5,32 €/L","img":"https://fd13-photos.leclercdrive.fr/image.ashx?id=2861566&use=l&cat=p&typeid=i","cat":334872},{"id":82148,"n":"Lardons fumés Supérieur Eco+ 2x100g","p":1.28,"u":"6,40 €/KG","img":"https://fd13-photos.leclercdrive.fr/image.ashx?id=2998895&use=l&cat=p&typeid=i","cat":316011},{"id":82149,"n":"lardons supérieurs ECO+ Nature - 2x100g","p":1.28,"u":"6,40 €/KG","img":"https://fd13-photos.leclercdrive.fr/image.ashx?id=2968655&use=l&cat=p&typeid=i","cat":316011},{"id":82152,"n":"Compote Andros Abricot Morceaux - 4x100g","p":2.26,"u":"5,65 €/KG","img":"https://fd13-photos.leclercdrive.fr/image.ashx?id=2853566&use=l&cat=p&typeid=i","cat":284416},{"id":82157,"n":"Dessert fruitier pêche Andros En morceaux - 4x100g","p":1.91,"u":"4,78 €/KG","img":"https://fd13-photos.leclercdrive.fr/image.ashx?id=2845470&use=l&cat=p&typeid=i","cat":284416},{"id":82159,"n":"Compotes Andros Pomme/chataigne - 4x100g","p":1.7,"u":"4,25 €/KG","img":"https://fd13-photos.leclercdrive.fr/image.ashx?id=2937361&use=l&cat=p&typeid=i","cat":284416},{"id":82167,"n":"Compotes Andros Pomme Banane - 4x100g","p":1.52,"u":"3,80 €/KG","img":"https://fd13-photos.leclercdrive.fr/image.ashx?id=2883997&use=l&cat=p&typeid=i","cat":284416},{"id":82172,"n":"Mini cônes Extrême  Vanille Caramel x8 - 312g","p":4.29,"u":"13,75 €/KG","img":"https://fd13-photos.leclercdrive.fr/image.ashx?id=2737033&use=l&cat=p&typeid=i","cat":284264},{"id":82174,"n":"Extrême  Citron Framboise - 6x71g","p":3.76,"u":"8,83 €/KG","img":"https://fd13-photos.leclercdrive.fr/image.ashx?id=2866076&use=l&cat=p&typeid=i","cat":284264},{"id":82177,"n":"Bière blonde Duvel 8.5%vol - 75cl","p":4.21,"u":"5,61 €/L","img":"https://fd13-photos.leclercdrive.fr/image.ashx?id=2111139&use=l&cat=p&typeid=i","cat":334872},{"id":82179,"n":"Bière blonde 3 Monts 75cl","p":2.42,"u":"3,23 €/L","img":"https://fd13-photos.leclercdrive.fr/image.ashx?id=2550553&use=l&cat=p&typeid=i","cat":334852},{"id":82181,"n":"Bière Mort Subite Kriek A la cerise - 33cl","p":1.43,"u":"4,33 €/L","img":"https://fd13-photos.leclercdrive.fr/image.ashx?id=2796414&use=l&cat=p&typeid=i","cat":334872},{"id":82184,"n":"Barres KINDER BUENO White  Chocolat Blanc x12 - 468g","p":8.35,"u":"17,84 €/KG","img":"https://fd13-photos.leclercdrive.fr/image.ashx?id=2679642&use=l&cat=p&typeid=i","cat":284498},{"id":82217,"n":"Gin Hendrick's 41.1%vol - 70cl","p":36.88,"u":"52,69 €/L","img":"https://fd13-photos.leclercdrive.fr/image.ashx?id=2225594&use=l&cat=p&typeid=i","cat":284550},{"id":82218,"n":"Emmental fromage rapé Les Croisés - 750g","p":5.98,"u":"7,97 €/KG","img":"https://fd13-photos.leclercdrive.fr/image.ashx?id=1995830&use=l&cat=p&typeid=i","cat":314035},{"id":82234,"n":"Liniment Corine de Farme Bio - 500ml","p":4.28,"u":"8,56 €/L","img":"https://fd13-photos.leclercdrive.fr/image.ashx?id=2424449&use=l&cat=p&typeid=i","cat":284741},{"id":82238,"n":"Arrangé Maison La Mauny Banane 30%vol. - 70cl","p":20.42,"u":"29,17 €/L","img":"https://fd13-photos.leclercdrive.fr/image.ashx?id=2956334&use=l&cat=p&typeid=i","cat":284551},{"id":82251,"n":"Thon MSC Naturel Petit Navire Entier -  112g","p":3.04,"u":"27,14 €/KG","img":"https://fd13-photos.leclercdrive.fr/image.ashx?id=2928357&use=l&cat=p&typeid=i","cat":303867},{"id":82253,"n":"Biscuits Thé LU 350g","p":1.47,"u":"4,20 €/KG","img":"https://fd13-photos.leclercdrive.fr/image.ashx?id=2977738&use=l&cat=p&typeid=i","cat":284487},{"id":82265,"n":"Céréales Quaker Cruesli Chocolat - 450g","p":2.74,"u":"6,09 €/KG","img":"https://fd13-photos.leclercdrive.fr/image.ashx?id=2382791&use=l&cat=p&typeid=i","cat":309512},{"id":82267,"n":"Céréales Quaker Cruesli Chocolat au lait - 900g","p":5.35,"u":"5,94 €/KG","img":"https://fd13-photos.leclercdrive.fr/image.ashx?id=2212150&use=l&cat=p&typeid=i","cat":309512},{"id":82272,"n":"Sardine Parmentier Tomates - 135g","p":1.53,"u":"11,33 €/KG","img":"https://fd13-photos.leclercdrive.fr/image.ashx?id=3014416&use=l&cat=p&typeid=i","cat":305146},{"id":82276,"n":"Sardines Huile PARMENTIER Tournesol 135g","p":1.49,"u":"11,04 €/KG","img":"https://fd13-photos.leclercdrive.fr/image.ashx?id=2989057&use=l&cat=p&typeid=i","cat":305146},{"id":82280,"n":"Sardines Parmentier Piment - 135g","p":1.64,"u":"12,15 €/KG","img":"https://fd13-photos.leclercdrive.fr/image.ashx?id=2988312&use=l&cat=p&typeid=i","cat":305146},{"id":82281,"n":"Boulettes de boeuf Eco+ x30 - 900g","p":6.85,"u":"7,61 €/KG","img":"https://fd13-photos.leclercdrive.fr/image.ashx?id=2966529&use=l&cat=p&typeid=i","cat":319779},{"id":82283,"n":"Bière ambrée corse Pietra 6° - 33cl","p":1.75,"u":"5,30 €/L","img":"https://fd13-photos.leclercdrive.fr/image.ashx?id=2929362&use=l&cat=p&typeid=i","cat":334872},{"id":82309,"n":"yaourt fruits bio les 2 vaches brassé poire - 4x115g","p":1.99,"u":"4,33 €/KG","img":"https://fd13-photos.leclercdrive.fr/image.ashx?id=2571527&use=l&cat=p&typeid=i","cat":284410},{"id":82350,"n":"Frites fines McCain Côté Comptoir - 650g","p":2.67,"u":"4,11 €/KG","img":"https://fd13-photos.leclercdrive.fr/image.ashx?id=2693887&use=l&cat=p&typeid=i","cat":319791},{"id":82353,"n":"Biscuits Oréo enrobé chocolat Au lait - 246g","p":2.46,"u":"10,00 €/KG","img":"https://fd13-photos.leclercdrive.fr/image.ashx?id=2908333&use=l&cat=p&typeid=i","cat":284488},{"id":82433,"n":"Cordons Bleus Côté Croc Poulet x4 - 400g","p":3.14,"u":"7,85 €/KG","img":"https://fd13-photos.leclercdrive.fr/image.ashx?id=2795574&use=l&cat=p&typeid=i","cat":333683},{"id":82452,"n":"Pruneaux d'Agen Maître Prunille IGP Dénoyautés - 500g","p":5.96,"u":"11,92 €/KG","img":"https://fd13-photos.leclercdrive.fr/image.ashx?id=2016023&use=l&cat=p&typeid=i","cat":284357},{"id":82520,"n":"Fromage Croque emmental Président - 12 tranches - 200g","p":1.74,"u":"8,70 €/KG","img":"https://fd13-photos.leclercdrive.fr/image.ashx?id=2446356&use=l&cat=p&typeid=i","cat":314028},{"id":82522,"n":"Tranches Chaussée aux Moines  - 8 Tranches - 150g","p":2.68,"u":"17,87 €/KG","img":"https://fd13-photos.leclercdrive.fr/image.ashx?id=2884381&use=l&cat=p&typeid=i","cat":314028},{"id":82575,"n":"Bière ambrée La Goudale 7.2%vol - 6x25cl","p":5.27,"u":"3,51 €/L","img":"https://fd13-photos.leclercdrive.fr/image.ashx?id=2915521&use=l&cat=p&typeid=i","cat":334852},{"id":82611,"n":"L'Ortolan portions Fromagerie Milleret - 8 x 30 g","p":3.29,"u":"13,71 €/KG","img":"https://fd13-photos.leclercdrive.fr/image.ashx?id=1857850&use=l&cat=p&typeid=i","cat":314030},{"id":82647,"n":"Garniture :bouchées à la reine Petit Jean 2+1 offert - 3x400g","p":4.1,"u":"3,42 €/KG","img":"https://fd13-photos.leclercdrive.fr/image.ashx?id=2185286&use=l&cat=p&typeid=i","cat":284441},{"id":82663,"n":"Arrangé Rivière du Mât Banane Vanillé - 70cl - 35%vol","p":17.84,"u":"25,49 €/L","img":"https://fd13-photos.leclercdrive.fr/image.ashx?id=2731300&use=l&cat=p&typeid=i","cat":284551},{"id":82665,"n":"Arrangé Rivière du Mât Vanille des Tropiques - 70cl","p":17.25,"u":"24,64 €/L","img":"https://fd13-photos.leclercdrive.fr/image.ashx?id=2731291&use=l&cat=p&typeid=i","cat":284551},{"id":82667,"n":"Yaourt aux fruits bifidus Activia poire - 4x125g","p":1.87,"u":"3,74 €/KG","img":"https://fd13-photos.leclercdrive.fr/image.ashx?id=2885330&use=l&cat=p&typeid=i","cat":315000},{"id":82669,"n":"Yaourt aux fruits bifidus Activia mangue - 4x125g","p":1.87,"u":"3,74 €/KG","img":"https://fd13-photos.leclercdrive.fr/image.ashx?id=2886642&use=l&cat=p&typeid=i","cat":315000},{"id":82670,"n":"Yaourt aux fruits bifidus Activia ananas - 4x125g","p":1.87,"u":"3,74 €/KG","img":"https://fd13-photos.leclercdrive.fr/image.ashx?id=2886639&use=l&cat=p&typeid=i","cat":315000},{"id":82672,"n":"Yaourt aux fruits bifidus Activia pruneau - 4x125g","p":1.84,"u":"3,68 €/KG","img":"https://fd13-photos.leclercdrive.fr/image.ashx?id=2886636&use=l&cat=p&typeid=i","cat":315000},{"id":82676,"n":"Yaourt aux fruits bifidus Activia figue - 4x125g","p":1.93,"u":"3,86 €/KG","img":"https://fd13-photos.leclercdrive.fr/image.ashx?id=2886630&use=l&cat=p&typeid=i","cat":315000},{"id":82677,"n":"yaourt aux fruits bifidus activia fraise - 4x125g","p":1.86,"u":"3,72 €/KG","img":"https://fd13-photos.leclercdrive.fr/image.ashx?id=2886627&use=l&cat=p&typeid=i","cat":315000},{"id":82688,"n":"Brandade de Morue Tipiak 1.050kg","p":6.2,"u":"5,90 €/KG","img":"https://fd13-photos.leclercdrive.fr/image.ashx?id=2944023&use=l&cat=p&typeid=i","cat":284254},{"id":82717,"n":"Arrangé Rivière du Mât Ananas Caramélisé 35% vol 70cl","p":17.36,"u":"24,80 €/L","img":"https://fd13-photos.leclercdrive.fr/image.ashx?id=2731297&use=l&cat=p&typeid=i","cat":284551},{"id":82739,"n":"Poisson pané Croustibat Findus Petit trésor MSC - x15 - 450g","p":3.21,"u":"7,13 €/KG","img":"https://fd13-photos.leclercdrive.fr/image.ashx?id=3008758&use=l&cat=p&typeid=i","cat":319788},{"id":82741,"n":"Poisson pané Findus Colin  Alaska Fish and Chips x13- 364g","p":2.82,"u":"7,75 €/KG","img":"https://fd13-photos.leclercdrive.fr/image.ashx?id=3008761&use=l&cat=p&typeid=i","cat":319788},{"id":82745,"n":"Couches Activ+ Mots d'enfants  Taille 5 : 11/25kg - x35","p":12.99,"u":"0,37 €/P","img":"https://fd13-photos.leclercdrive.fr/image.ashx?id=2922424&use=l&cat=p&typeid=i","cat":284737},{"id":82748,"n":"Couches Activ+ Mots d'enfants  Taille 4+ 9/20kg - x37 changes","p":12.99,"u":"0,35 €/P","img":"https://fd13-photos.leclercdrive.fr/image.ashx?id=2699747&use=l&cat=p&typeid=i","cat":284737},{"id":82924,"n":"Bière Heineken 6x33cl","p":4.64,"u":"2,34 €/L","img":"https://fd13-photos.leclercdrive.fr/image.ashx?id=3008113&use=l&cat=p&typeid=i","cat":334853},{"id":83107,"n":"Bière La G de Goudale 7.9% vol - 33cl","p":1.76,"u":"5,33 €/L","img":"https://fd13-photos.leclercdrive.fr/image.ashx?id=1736938&use=l&cat=p&typeid=i","cat":334872},{"id":83109,"n":"Bières Rince Cochon rouge 75cl","p":4.18,"u":"5,57 €/L","img":"https://fd13-photos.leclercdrive.fr/image.ashx?id=2021238&use=l&cat=p&typeid=i","cat":334872},{"id":83120,"n":"Bière brune Pelforth 12x25cl","p":8.45,"u":"2,82 €/L","img":"https://fd13-photos.leclercdrive.fr/image.ashx?id=2646182&use=l&cat=p&typeid=i","cat":334852},{"id":83132,"n":"Boisson lactée Tous mes amis pour chats - 3x200ml","p":2.13,"u":"3,55 €/L","img":"https://fd13-photos.leclercdrive.fr/image.ashx?id=1944634&use=l&cat=p&typeid=i","cat":285285},{"id":83240,"n":"Bière Brune Pelforth 6x25cl","p":5.06,"u":"3,37 €/L","img":"https://fd13-photos.leclercdrive.fr/image.ashx?id=2655880&use=l&cat=p&typeid=i","cat":334852},{"id":83303,"n":"Happy Cola Haribo Sachet bonbons - 300g","p":1.88,"u":"6,27 €/KG","img":"https://fd13-photos.leclercdrive.fr/image.ashx?id=2806087&use=l&cat=p&typeid=i","cat":304250},{"id":83382,"n":"Coeurs d'Artichauts Florelli A la paysanne - 280g","p":3.01,"u":"10,75 €/KG","img":"https://fd13-photos.leclercdrive.fr/image.ashx?id=2594533&use=l&cat=p&typeid=i","cat":289010},{"id":83474,"n":"Sauce pour pâtes Florelli Asperges tomates parmesan -190g","p":2.28,"u":"12,00 €/KG","img":"https://fd13-photos.leclercdrive.fr/image.ashx?id=3011665&use=l&cat=p&typeid=i","cat":289010},{"id":83698,"n":"IGP Pays d'Oc Grenache vin rosé Vieux Carion 12.5% vol - 75cl","p":2.25,"u":"3,00 €/L","img":"https://fd13-photos.leclercdrive.fr/image.ashx?id=2722823&use=l&cat=p&typeid=i","cat":289558},{"id":83708,"n":"Arachides Seeberger Jumbo géantes - 500g","p":6.03,"u":"12,06 €/KG","img":"https://fd13-photos.leclercdrive.fr/image.ashx?id=2965265&use=l&cat=p&typeid=i","cat":284357},{"id":83787,"n":"Dessert Lacté P'TIT BRASSE BIO Poire Banane 6M+ - 4x90g","p":2.2,"u":"6,11 €/KG","img":"https://fd13-photos.leclercdrive.fr/image.ashx?id=2670866&use=l&cat=p&typeid=i","cat":312392},{"id":83790,"n":"Desserts Lactés P'TIT BRASSE BIO Pomme Pêche 6M+ - 4x90g","p":2.01,"u":"5,58 €/KG","img":"https://fd13-photos.leclercdrive.fr/image.ashx?id=2670863&use=l&cat=p&typeid=i","cat":312392},{"id":83820,"n":"Chips Pom'Lisse  Saveur Chèvre miel - 135g","p":1.35,"u":"10,00 €/KG","img":"https://fd13-photos.leclercdrive.fr/image.ashx?id=2654474&use=l&cat=p&typeid=i","cat":284447},{"id":83852,"n":"Petites tranches Saint-Agaûne Nature - 70g","p":3.03,"u":"43,29 €/KG","img":"https://fd13-photos.leclercdrive.fr/image.ashx?id=2852558&use=l&cat=p&typeid=i","cat":316006},{"id":83985,"n":"IGP Pays d'Oc rouge Merlot Grand Sud 13% vol - 1L","p":3.92,"u":"3,92 €/L","img":"https://fd13-photos.leclercdrive.fr/image.ashx?id=2941583&use=l&cat=p&typeid=i","cat":289556},{"id":83986,"n":"IGP Pays d'Oc rosé Merlot Grand Sud 12.5% vol - 1L","p":3.92,"u":"3,92 €/L","img":"https://fd13-photos.leclercdrive.fr/image.ashx?id=2941580&use=l&cat=p&typeid=i","cat":289558},{"id":84021,"n":"AOP Bordeaux rouge Mission Saint Vincent - 75cl","p":4.25,"u":"5,67 €/L","img":"https://fd13-photos.leclercdrive.fr/image.ashx?id=2734459&use=l&cat=p&typeid=i","cat":289556},{"id":84028,"n":"IGP Méditerranée rosé Les Calandières 12% vol BIB 3L","p":11.89,"u":"3,96 €/L","img":"https://fd13-photos.leclercdrive.fr/image.ashx?id=2997766&use=l&cat=p&typeid=i","cat":289560},{"id":84031,"n":"Maca-ginseng-gimgembre  Tonifiant sexuel - 40 comprimés","p":4.99,"u":"0,12 €/P","img":"https://fd13-photos.leclercdrive.fr/image.ashx?id=2773376&use=l&cat=p&typeid=i","cat":313217},{"id":84152,"n":"Pain pour Panini La Boulangère x4 - 300g","p":1.73,"u":"5,77 €/KG","img":"https://fd13-photos.leclercdrive.fr/image.ashx?id=2937457&use=l&cat=p&typeid=i","cat":284985},{"id":84154,"n":"Bonbons VICHY Menthe 230g","p":1.07,"u":"4,65 €/KG","img":"https://fd13-photos.leclercdrive.fr/image.ashx?id=2806342&use=l&cat=p&typeid=i","cat":304252},{"id":84158,"n":"Bonbons CARAMBAR Fruits Assortiment - 320g","p":1.73,"u":"5,41 €/KG","img":"https://fd13-photos.leclercdrive.fr/image.ashx?id=2964499&use=l&cat=p&typeid=i","cat":304250},{"id":84159,"n":"Bonbons CARAMBAR Family Assortiment - 450g","p":2.69,"u":"5,98 €/KG","img":"https://fd13-photos.leclercdrive.fr/image.ashx?id=2903446&use=l&cat=p&typeid=i","cat":304250},{"id":84160,"n":"Bonbons CARAMBAR Caramel 320g","p":1.71,"u":"5,34 €/KG","img":"https://fd13-photos.leclercdrive.fr/image.ashx?id=2770124&use=l&cat=p&typeid=i","cat":304250},{"id":84161,"n":"Bonbons LA PIE QUI CHANTE Michoko Noir - 280g","p":2.38,"u":"8,50 €/KG","img":"https://fd13-photos.leclercdrive.fr/image.ashx?id=2817842&use=l&cat=p&typeid=i","cat":304250},{"id":84163,"n":"Break P'tit Déli 135g","p":1.33,"u":"9,85 €/KG","img":"https://fd13-photos.leclercdrive.fr/image.ashx?id=1419312&use=l&cat=p&typeid=i","cat":284488},{"id":84186,"n":"Lait bébé en poudre Bio Guigoz 2ème âge - 6-12 mois - 800g","p":18.41,"u":"23,01 €/KG","img":"https://fd13-photos.leclercdrive.fr/image.ashx?id=2740286&use=l&cat=p&typeid=i","cat":284727},{"id":84188,"n":"Lait bébé en poudre Bio Guigoz 1er âge - 0-6 mois - 800g","p":20.05,"u":"25,06 €/KG","img":"https://fd13-photos.leclercdrive.fr/image.ashx?id=3000438&use=l&cat=p&typeid=i","cat":284726},{"id":84258,"n":"Gel Apaisant Bio Sobio Etic Piqures - 40ml","p":7.13,"img":"https://fd13-photos.leclercdrive.fr/image.ashx?id=2407622&use=l&cat=p&typeid=i","cat":284630},{"id":84385,"n":"Croc'Choc Lucien Georgelin Noisette - 375g","p":3.43,"u":"9,15 €/KG","img":"https://fd13-photos.leclercdrive.fr/image.ashx?id=2561811&use=l&cat=p&typeid=i","cat":309513},{"id":84386,"n":"Croc'Tou Choc Lucien Georgelin 375g - Lucien Georgelin","p":3.44,"u":"9,17 €/KG","img":"https://fd13-photos.leclercdrive.fr/image.ashx?id=2561808&use=l&cat=p&typeid=i","cat":309513},{"id":84784,"n":"Filet de poulet Le Gaulois x2 - 300g","p":4.45,"u":"14,83 €/KG","img":"https://fd13-photos.leclercdrive.fr/image.ashx?id=2732761&use=l&cat=p&typeid=i","cat":284336},{"id":84785,"n":"Haut de cuisse de poulet jaune Le Gaulois - 360g","p":2.59,"u":"7,19 €/KG","img":"https://fd13-photos.leclercdrive.fr/image.ashx?id=2732758&use=l&cat=p&typeid=i","cat":284336},{"id":84786,"n":"Pilons de poulet jaune Le Gaulois - 360g","p":2.85,"u":"7,92 €/KG","img":"https://fd13-photos.leclercdrive.fr/image.ashx?id=2732755&use=l&cat=p&typeid=i","cat":284336},{"id":84789,"n":"Filet de poulet blanc Le Gaulois x2 - 300g","p":3.62,"u":"12,07 €/KG","img":"https://fd13-photos.leclercdrive.fr/image.ashx?id=2633989&use=l&cat=p&typeid=i","cat":284336},{"id":84790,"n":"Cuisse de poulet blanc Le Gaulois - 500g","p":3.1,"u":"6,20 €/KG","img":"https://fd13-photos.leclercdrive.fr/image.ashx?id=2732752&use=l&cat=p&typeid=i","cat":284336},{"id":84794,"n":"Coton Lotus Baby Peau nette - x85","p":2.55,"u":"0,03 €/P","img":"https://fd13-photos.leclercdrive.fr/image.ashx?id=2981355&use=l&cat=p&typeid=i","cat":284739},{"id":84819,"n":"Cerneaux de noix Seeberger 150g","p":5.97,"u":"39,80 €/KG","img":"https://fd13-photos.leclercdrive.fr/image.ashx?id=2950615&use=l&cat=p&typeid=i","cat":284357},{"id":85040,"n":"Shampooing sec Batiste Cherry - 200ml","p":3.53,"u":"17,65 €/L","img":"https://fd13-photos.leclercdrive.fr/image.ashx?id=2983459&use=l&cat=p&typeid=i","cat":289143},{"id":85049,"n":"Poires Panier du Primeur Mûre à point Filière x4","p":3.49,"u":"0,87 €/P","img":"https://fd13-photos.leclercdrive.fr/image.ashx?id=2955038&use=l&cat=p&typeid=i","cat":284356},{"id":85051,"n":"Endives Panier du Primeur x5","p":2.49,"u":"0,50 €/P","img":"https://fd13-photos.leclercdrive.fr/image.ashx?id=2655607&use=l&cat=p&typeid=i","cat":284352},{"id":85106,"n":"Mayonnaise American Style Heinz  - 395g","p":2.48,"u":"6,28 €/KG","img":"https://fd13-photos.leclercdrive.fr/image.ashx?id=2927059&use=l&cat=p&typeid=i","cat":298295},{"id":85206,"n":"Génoises fourrées Pim's LU Fraise des bois - 150g","p":1.66,"u":"11,07 €/KG","img":"https://fd13-photos.leclercdrive.fr/image.ashx?id=3002204&use=l&cat=p&typeid=i","cat":284489},{"id":85532,"n":"Tenders de Poulet Père Dodu  Aiguillettes - 380g","p":5.62,"u":"14,79 €/KG","img":"https://fd13-photos.leclercdrive.fr/image.ashx?id=2957200&use=l&cat=p&typeid=i","cat":333684},{"id":85666,"n":"IGP Ardeche rosé Pont d'Arc 12.5% vol - BIB 5L","p":11.2,"u":"2,24 €/L","img":"https://fd13-photos.leclercdrive.fr/image.ashx?id=2527922&use=l&cat=p&typeid=i","cat":289560},{"id":85677,"n":"AOP Saumur Vin blanc pétillant  Ackerman brut - 75cl","p":5.99,"u":"7,99 €/L","img":"https://fd13-photos.leclercdrive.fr/image.ashx?id=2730232&use=l&cat=p&typeid=i","cat":284544},{"id":85745,"n":"Batonnets Surimi Coraya x30 - 450g","p":4.27,"u":"9,49 €/KG","img":"https://fd13-photos.leclercdrive.fr/image.ashx?id=2962683&use=l&cat=p&typeid=i","cat":285189},{"id":85960,"n":"AOP Bordeaux rosé Mouton Cadet - 75cl","p":5.59,"u":"7,45 €/L","img":"https://fd13-photos.leclercdrive.fr/image.ashx?id=2943987&use=l&cat=p&typeid=i","cat":289558},{"id":85992,"n":"Bière Ambrée Ninkasi 75cl","p":4.48,"u":"5,97 €/L","img":"https://fd13-photos.leclercdrive.fr/image.ashx?id=2462831&use=l&cat=p&typeid=i","cat":334872},{"id":86020,"n":"Champagne Alfred Rothschild Brut - 75cl","p":27.78,"u":"37,04 €/L","img":"https://fd13-photos.leclercdrive.fr/image.ashx?id=2628473&use=l&cat=p&typeid=i","cat":284542},{"id":86071,"n":"AOP Prosecco Perlino Extra Dry - 75cl","p":6.4,"u":"8,53 €/L","img":"https://fd13-photos.leclercdrive.fr/image.ashx?id=2612778&use=l&cat=p&typeid=i","cat":289461},{"id":86208,"n":"Pâte à tartiner Nutella 1kg","p":6.62,"u":"6,62 €/KG","img":"https://fd13-photos.leclercdrive.fr/image.ashx?id=2935648&use=l&cat=p&typeid=i","cat":284481},{"id":86375,"n":"Rochers Suchard  Lait - 7x35g","p":4.23,"u":"17,27 €/KG","img":"https://fd13-photos.leclercdrive.fr/image.ashx?id=2950372&use=l&cat=p&typeid=i","cat":284499},{"id":86395,"n":"Brioche tranchée Pasquier Familiale - 650g","p":2.95,"u":"4,54 €/KG","img":"https://fd13-photos.leclercdrive.fr/image.ashx?id=2850949&use=l&cat=p&typeid=i","cat":284478},{"id":86403,"n":"Capsules café L'Or Espresso Delizioso N°5 x10","p":3.13,"u":"60,19 €/KG","img":"https://fd13-photos.leclercdrive.fr/image.ashx?id=3000462&use=l&cat=p&typeid=i","cat":284749},{"id":86411,"n":"Biscuit bio Bjorg Avoine pépites chocolat - 130g","p":2.48,"u":"19,08 €/KG","img":"https://fd13-photos.leclercdrive.fr/image.ashx?id=2999985&use=l&cat=p&typeid=i","cat":325066},{"id":86417,"n":"Barquettes Bio Village Fraise bio - 120g","p":1.99,"u":"16,58 €/KG","img":"https://fd13-photos.leclercdrive.fr/image.ashx?id=2546095&use=l&cat=p&typeid=i","cat":284489},{"id":86438,"n":"Dentifrice Integral 8 Signal Nature Elements Coco 75ml","p":1.71,"u":"22,80 €/L","img":"https://fd13-photos.leclercdrive.fr/image.ashx?id=2974659&use=l&cat=p&typeid=i","cat":284612},{"id":86451,"n":"Lessive gel Génie Lavage main - 200ml","p":1.53,"u":"7,65 €/L","img":"https://fd13-photos.leclercdrive.fr/image.ashx?id=2664142&use=l&cat=p&typeid=i","cat":284643},{"id":86470,"n":"Bonbons KREMA Festival Assortiment - 360g","p":2.38,"u":"6,61 €/KG","img":"https://fd13-photos.leclercdrive.fr/image.ashx?id=2817875&use=l&cat=p&typeid=i","cat":304250},{"id":86482,"n":"Bonbons KREMA Régal'ad Assortiment Fruits - 360g","p":2.46,"u":"6,83 €/KG","img":"https://fd13-photos.leclercdrive.fr/image.ashx?id=2855295&use=l&cat=p&typeid=i","cat":304250},{"id":86570,"n":"Chewing gum Malabar Tutti Frutti - 214g","p":1.94,"u":"9,07 €/KG","img":"https://fd13-photos.leclercdrive.fr/image.ashx?id=2817848&use=l&cat=p&typeid=i","cat":304251},{"id":86586,"n":"Pain de mie Harrys Nature extra moelleux - 500g","p":1.3,"u":"2,60 €/KG","img":"https://fd13-photos.leclercdrive.fr/image.ashx?id=2660730&use=l&cat=p&typeid=i","cat":284477},{"id":86591,"n":"AOP Champagne Pommery Brut Royal étui- 75cl","p":33.5,"u":"44,67 €/L","img":"https://fd13-photos.leclercdrive.fr/image.ashx?id=2791500&use=l&cat=p&typeid=i","cat":284542},{"id":86656,"n":"Bouillon cubes légumes Knorr Méditerranéens x12- 132g","p":1.41,"u":"10,68 €/KG","img":"https://fd13-photos.leclercdrive.fr/image.ashx?id=2940636&use=l&cat=p&typeid=i","cat":288379},{"id":86658,"n":"Thé vert Twinings Simplement pur - x25 - 37g","p":2.46,"u":"66,49 €/KG","img":"https://fd13-photos.leclercdrive.fr/image.ashx?id=2893015&use=l&cat=p&typeid=i","cat":293233},{"id":86660,"n":"Farine bio Mon Fournil Blé semi complète - 1kg","p":2.0,"u":"2,00 €/KG","img":"https://fd13-photos.leclercdrive.fr/image.ashx?id=2861677&use=l&cat=p&typeid=i","cat":284503},{"id":86663,"n":"Farine complète bio Mon Fournil Riz sans gluten - 400g","p":2.98,"u":"7,45 €/KG","img":"https://fd13-photos.leclercdrive.fr/image.ashx?id=2378045&use=l&cat=p&typeid=i","cat":318654},{"id":86665,"n":"Dosettes café Senseo Grand Mère Classique x54","p":5.28,"u":"14,83 €/KG","img":"https://fd13-photos.leclercdrive.fr/image.ashx?id=2769837&use=l&cat=p&typeid=i","cat":293238},{"id":86670,"n":"Flocons d'avoine complet Bjorg bio - 900g","p":2.64,"u":"2,93 €/KG","img":"https://fd13-photos.leclercdrive.fr/image.ashx?id=2928534&use=l&cat=p&typeid=i","cat":309512},{"id":86724,"n":"Huile d'olive Bio Village Bio Vierge extra fruité - 75 cl","p":7.99,"u":"10,65 €/L","img":"https://fd13-photos.leclercdrive.fr/image.ashx?id=3005712&use=l&cat=p&typeid=i","cat":284453},{"id":86725,"n":"Poudre de cacao bio Bio Village 500g - 32% de cacao","p":3.95,"u":"7,90 €/KG","img":"https://fd13-photos.leclercdrive.fr/image.ashx?id=2441516&use=l&cat=p&typeid=i","cat":293235},{"id":86732,"n":"Chips Barbecue Pom'lisse Maxi format - 270g","p":1.81,"u":"6,70 €/KG","img":"https://fd13-photos.leclercdrive.fr/image.ashx?id=2710837&use=l&cat=p&typeid=i","cat":284447},{"id":86734,"n":"Cookies P'tit Déli Triple chocolat - 200g","p":1.44,"u":"7,20 €/KG","img":"https://fd13-photos.leclercdrive.fr/image.ashx?id=1434106&use=l&cat=p&typeid=i","cat":325066},{"id":86738,"n":"Croquants des cordes NRT 90g","p":3.55,"u":"39,44 €/KG","img":"https://fd13-photos.leclercdrive.fr/image.ashx?id=2622341&use=l&cat=p&typeid=i","cat":284487},{"id":86779,"n":"Colin d'Alaska Pêche Océan Beurre citron - MSC - 400g","p":3.39,"u":"8,48 €/KG","img":"https://fd13-photos.leclercdrive.fr/image.ashx?id=2546263&use=l&cat=p&typeid=i","cat":319786},{"id":86784,"n":"Frites au four Pom'Lisse Pom'Steak - 600g","p":1.46,"u":"2,43 €/KG","img":"https://fd13-photos.leclercdrive.fr/image.ashx?id=2770687&use=l&cat=p&typeid=i","cat":319791},{"id":86788,"n":"Tartinable thon Fromage frais MSC Ronde des mers - 140g","p":1.99,"u":"14,21 €/KG","img":"https://fd13-photos.leclercdrive.fr/image.ashx?id=2823084&use=l&cat=p&typeid=i","cat":285191},{"id":86884,"n":"Amande en poudre Vahiné 200g","p":3.92,"u":"19,60 €/KG","img":"https://fd13-photos.leclercdrive.fr/image.ashx?id=2559850&use=l&cat=p&typeid=i","cat":284504},{"id":86885,"n":"Pralin Vahiné 200g","p":4.25,"u":"21,25 €/KG","img":"https://fd13-photos.leclercdrive.fr/image.ashx?id=2524320&use=l&cat=p&typeid=i","cat":284504},{"id":86905,"n":"Bière blonde 1664 5,5° - 12x33cl canettes","p":10.25,"u":"2,59 €/L","img":"https://fd13-photos.leclercdrive.fr/image.ashx?id=2246617&use=l&cat=p&typeid=i","cat":334853},{"id":86907,"n":"Lait en poudre Modilac Bébé : 2ème âge - 820g","p":15.65,"u":"19,09 €/KG","img":"https://fd13-photos.leclercdrive.fr/image.ashx?id=2873393&use=l&cat=p&typeid=i","cat":284727},{"id":86909,"n":"Lait en poudre Modilac Doucéa Bébé 0-6mois - 820g","p":18.65,"u":"22,74 €/KG","img":"https://fd13-photos.leclercdrive.fr/image.ashx?id=2997031&use=l&cat=p&typeid=i","cat":284726},{"id":86916,"n":"Lames de rasoir Carré Homme 2 lames - x10","p":1.29,"u":"0,13 €/P","img":"https://fd13-photos.leclercdrive.fr/image.ashx?id=2591721&use=l&cat=p&typeid=i","cat":284616},{"id":86954,"n":"Croissants crus surgelés Gourmet d'Alsace - 1.5kg - x30","p":9.47,"u":"6,31 €/KG","img":"https://fd13-photos.leclercdrive.fr/image.ashx?id=2167101&use=l&cat=p&typeid=i","cat":288858},{"id":86956,"n":"Pains au chocolat surgelé Gourmet d'Alsace - 1.25kg - x25","p":9.47,"u":"7,58 €/KG","img":"https://fd13-photos.leclercdrive.fr/image.ashx?id=2167104&use=l&cat=p&typeid=i","cat":288858},{"id":87024,"n":"Smoothie innocent énergie boogie ruby 750ml","p":3.68,"u":"4,91 €/L","img":"https://fd13-photos.leclercdrive.fr/image.ashx?id=2187631&use=l&cat=p&typeid=i","cat":285435},{"id":87026,"n":"Smoothie innocent antioxydant green 750ml","p":3.63,"u":"4,84 €/L","img":"https://fd13-photos.leclercdrive.fr/image.ashx?id=2860049&use=l&cat=p&typeid=i","cat":285435},{"id":87038,"n":"Yaourt nature Danone 8x125g","p":1.82,"u":"1,82 €/KG","img":"https://fd13-photos.leclercdrive.fr/image.ashx?id=3001985&use=l&cat=p&typeid=i","cat":284409},{"id":87061,"n":"Boisson gourmande PAGO ACE Orange carotte citron - 75cl","p":1.7,"u":"2,27 €/L","img":"https://fd13-photos.leclercdrive.fr/image.ashx?id=2861237&use=l&cat=p&typeid=i","cat":284916},{"id":87067,"n":"Yaourt à boire P'tit max  Délisse Fraise - 6x180g","p":2.03,"u":"1,88 €/KG","img":"https://fd13-photos.leclercdrive.fr/image.ashx?id=1875512&use=l&cat=p&typeid=i","cat":284415},{"id":87074,"n":"Nappe Damassée Homeside Grise - 7m","p":2.96,"img":"https://fd13-photos.leclercdrive.fr/image.ashx?id=1659750&use=l&cat=p&typeid=i","cat":334134},{"id":87076,"n":"Serviettes en papier Ardence Olive - 3 plis - 33x33cm","p":1.99,"u":"0,04 €/P","img":"https://fd13-photos.leclercdrive.fr/image.ashx?id=2726068&use=l&cat=p&typeid=i","cat":334134},{"id":87078,"n":"Serviettes en papier Homeside Aqua - 33x33cm - 3 plis","p":1.99,"img":"https://fd13-photos.leclercdrive.fr/image.ashx?id=1659729&use=l&cat=p&typeid=i","cat":334134},{"id":87079,"n":"Serviettes en papier Homeside Gris - 33x33cm - x50","p":1.99,"img":"https://fd13-photos.leclercdrive.fr/image.ashx?id=1659726&use=l&cat=p&typeid=i","cat":334134},{"id":87081,"n":"Serviettes en papier Homeside Rouge - 33x33cm - x50","p":1.99,"img":"https://fd13-photos.leclercdrive.fr/image.ashx?id=1659723&use=l&cat=p&typeid=i","cat":334134},{"id":87082,"n":"Serviettes en papier Homeside x30 - 38x38cm - point à point","p":1.7,"img":"https://fd13-photos.leclercdrive.fr/image.ashx?id=1659696&use=l&cat=p&typeid=i","cat":334134},{"id":87083,"n":"Rhum premium Bacardi Reserva  Ocho 8 ans d'âge 40° - 70cl","p":32.03,"u":"45,76 €/L","img":"https://fd13-photos.leclercdrive.fr/image.ashx?id=2848373&use=l&cat=p&typeid=i","cat":284550},{"id":87084,"n":"Rhum ambré Bacardi Carta Oro 37,5° - 70cl","p":17.25,"u":"24,64 €/L","img":"https://fd13-photos.leclercdrive.fr/image.ashx?id=2858171&use=l&cat=p&typeid=i","cat":284550},{"id":87089,"n":"Pavé Gourmand Garden Gourmet Epinards et Fromage 180g","p":2.4,"u":"13,33 €/KG","img":"https://fd13-photos.leclercdrive.fr/image.ashx?id=2971389&use=l&cat=p&typeid=i","cat":316036},{"id":87090,"n":"Burrata di Bufala Casa Azzurra 200g","p":4.84,"u":"24,20 €/KG","img":"https://fd13-photos.leclercdrive.fr/image.ashx?id=1950711&use=l&cat=p&typeid=i","cat":314026},{"id":87093,"n":"Eau coiffante Vitanove 150ml","p":1.99,"u":"13,27 €/L","img":"https://fd13-photos.leclercdrive.fr/image.ashx?id=2496419&use=l&cat=p&typeid=i","cat":284609},{"id":87133,"n":"Thé vert Bio Ethiquable  Menthe x20 - 36g","p":2.35,"u":"65,28 €/KG","img":"https://fd13-photos.leclercdrive.fr/image.ashx?id=2870875&use=l&cat=p&typeid=i","cat":293233},{"id":87348,"n":"IGP Pays d'Oc rosé Merlot Grand Sud 12.5% vol - 5L","p":15.06,"u":"3,01 €/L","img":"https://fd13-photos.leclercdrive.fr/image.ashx?id=2837454&use=l&cat=p&typeid=i","cat":289558},{"id":87375,"n":"Serviettes Doulys Ultra mince Nuit + large - x9","p":2.2,"u":"0,24 €/P","img":"https://fd13-photos.leclercdrive.fr/image.ashx?id=2839927&use=l&cat=p&typeid=i","cat":284624},{"id":87459,"n":"Lames Wilkinson Hydro 5 Sensitive - Lot 2x4","p":24.88,"u":"3,11 €/P","img":"https://fd13-photos.leclercdrive.fr/image.ashx?id=1569943&use=l&cat=p&typeid=i","cat":284616},{"id":87742,"n":"Yaourt bifidus Activia vanille - 16x125g","p":4.51,"u":"2,26 €/KG","img":"https://fd13-photos.leclercdrive.fr/image.ashx?id=2741757&use=l&cat=p&typeid=i","cat":315000},{"id":87746,"n":"Yaourt bifidus Activia Citron - 16x125g","p":4.51,"u":"2,26 €/KG","img":"https://fd13-photos.leclercdrive.fr/image.ashx?id=2741781&use=l&cat=p&typeid=i","cat":315000},{"id":87748,"n":"Yaourts natures 0%mg bifidus Activia - 16x125g","p":4.51,"u":"2,26 €/KG","img":"https://fd13-photos.leclercdrive.fr/image.ashx?id=2741793&use=l&cat=p&typeid=i","cat":315000},{"id":87784,"n":"Fiches bristol Exacompta 4 coloris - 14.8x21cm - x100","p":5.1,"u":"0,05 €/P","img":"https://fd13-photos.leclercdrive.fr/image.ashx?id=2795015&use=l&cat=p&typeid=i","cat":284697},{"id":87785,"n":"Fiches bristol Exacompta 4 coloris - 12.5x20cm - x100","p":3.89,"img":"https://fd13-photos.leclercdrive.fr/image.ashx?id=2677777&use=l&cat=p&typeid=i","cat":284697},{"id":87786,"n":"Fiches bristol Exacompta 4 coloris - 10x15cm - x100","p":3.4,"img":"https://fd13-photos.leclercdrive.fr/image.ashx?id=2795006&use=l&cat=p&typeid=i","cat":284697},{"id":87787,"n":"Fiches bristol Exacompta Blanc - 12.5x20cm - x50","p":1.75,"u":"0,04 €/P","img":"https://fd13-photos.leclercdrive.fr/image.ashx?id=2677774&use=l&cat=p&typeid=i","cat":284697},{"id":87790,"n":"Cahier Clairefontaine Koverbook Assortiment - 24x32cm - 48p","p":2.7,"img":"https://fd13-photos.leclercdrive.fr/image.ashx?id=1657966&use=l&cat=p&typeid=i","cat":284697},{"id":87849,"n":"Boisson végétale Alpro lait de coco riz - 1l","p":2.19,"u":"2,19 €/L","img":"https://fd13-photos.leclercdrive.fr/image.ashx?id=2790243&use=l&cat=p&typeid=i","cat":316067},{"id":87869,"n":"Moule à tarte Homeside 27cm","p":6.29,"img":"https://fd13-photos.leclercdrive.fr/image.ashx?id=2856639&use=l&cat=p&typeid=i","cat":298490},{"id":87894,"n":"Boisson énergisante Crazy Tiger Bouteille - 1L","p":2.07,"u":"2,07 €/L","img":"https://fd13-photos.leclercdrive.fr/image.ashx?id=2927555&use=l&cat=p&typeid=i","cat":284533},{"id":87923,"n":"Compotes  gourdes Pom'Potes Multivariétés - 12x90g","p":5.19,"u":"4,81 €/KG","img":"https://fd13-photos.leclercdrive.fr/image.ashx?id=3010942&use=l&cat=p&typeid=i","cat":284508},{"id":87924,"n":"Dosettes café Senseo Classique x40","p":6.33,"u":"22,85 €/KG","img":"https://fd13-photos.leclercdrive.fr/image.ashx?id=2876326&use=l&cat=p&typeid=i","cat":293238},{"id":87925,"n":"Dosettes café Senseo Corsé x40","p":6.37,"u":"23,00 €/KG","img":"https://fd13-photos.leclercdrive.fr/image.ashx?id=2393581&use=l&cat=p&typeid=i","cat":293238},{"id":87926,"n":"Dosettes café Senseo Doux x40","p":6.37,"u":"23,00 €/KG","img":"https://fd13-photos.leclercdrive.fr/image.ashx?id=2337567&use=l&cat=p&typeid=i","cat":293238},{"id":87927,"n":"Dosettes café Senseo Décaféiné x40","p":6.37,"u":"23,00 €/KG","img":"https://fd13-photos.leclercdrive.fr/image.ashx?id=2324921&use=l&cat=p&typeid=i","cat":293238},{"id":87929,"n":"Dosettes café Senseo Classique x54","p":8.12,"u":"21,65 €/KG","img":"https://fd13-photos.leclercdrive.fr/image.ashx?id=2391798&use=l&cat=p&typeid=i","cat":293238},{"id":87931,"n":"Dosettes café Senseo Doux x54","p":8.36,"u":"22,29 €/KG","img":"https://fd13-photos.leclercdrive.fr/image.ashx?id=2289951&use=l&cat=p&typeid=i","cat":293238},{"id":87949,"n":"Sirop La Maison Guiot Menthe glaciale - 70cl","p":3.19,"u":"4,56 €/L","img":"https://fd13-photos.leclercdrive.fr/image.ashx?id=2138473&use=l&cat=p&typeid=i","cat":295020},{"id":88038,"n":"Wraps Dr Schär Sans gluten - 160g","p":3.17,"u":"19,81 €/KG","img":"https://fd13-photos.leclercdrive.fr/image.ashx?id=2137069&use=l&cat=p&typeid=i","cat":288993},{"id":88048,"n":"Compote Charles & Alice Pommes Bananes Vanille -4x100g","p":1.7,"u":"4,38 €/KG","img":"https://fd13-photos.leclercdrive.fr/image.ashx?id=2757698&use=l&cat=p&typeid=i","cat":284416},{"id":88053,"n":"Lasagne à la bolognaise Marie - 1 kg","p":4.81,"u":"4,81 €/KG","img":"https://fd13-photos.leclercdrive.fr/image.ashx?id=2993394&use=l&cat=p&typeid=i","cat":284254},{"id":88054,"n":"Fromage à tartiner Madame Loïk Fouetté Nat. Sel réduit - 150g","p":1.87,"u":"12,47 €/KG","img":"https://fd13-photos.leclercdrive.fr/image.ashx?id=2948018&use=l&cat=p&typeid=i","cat":314029},{"id":88062,"n":"Matière grasse Primevere Oméga 3 - 55% - 250g","p":1.49,"u":"5,96 €/KG","img":"https://fd13-photos.leclercdrive.fr/image.ashx?id=2928468&use=l&cat=p&typeid=i","cat":315229},{"id":88115,"n":"yaourt à boire danonino fraise banane abricot - 6x100g","p":2.52,"u":"4,20 €/KG","img":"https://fd13-photos.leclercdrive.fr/image.ashx?id=3003143&use=l&cat=p&typeid=i","cat":284415},{"id":88203,"n":"Céréales bébé Blédine 12 mois  Choco biscuit - 400g","p":2.55,"u":"6,38 €/KG","img":"https://fd13-photos.leclercdrive.fr/image.ashx?id=2763121&use=l&cat=p&typeid=i","cat":312225},{"id":88206,"n":"Céréales bébé Blédine 12 mois  Vanille - 400g","p":2.51,"u":"6,28 €/KG","img":"https://fd13-photos.leclercdrive.fr/image.ashx?id=2763124&use=l&cat=p&typeid=i","cat":312225},{"id":88230,"n":"Crème Vichy liftactiv suprême peaux normales à mixtes - 50ml","p":28.99,"u":"579,80 €/L","img":"https://fd13-photos.leclercdrive.fr/image.ashx?id=2768192&use=l&cat=p&typeid=i","cat":291168},{"id":88245,"n":"Huile de massage Weleda Pour vergétures - 100ml","p":14.99,"u":"149,90 €/L","img":"https://fd13-photos.leclercdrive.fr/image.ashx?id=2454241&use=l&cat=p&typeid=i","cat":291159},{"id":88272,"n":"Stylo correcteur Tipp-ex Bic x3","p":2.79,"img":"https://fd13-photos.leclercdrive.fr/image.ashx?id=2741430&use=l&cat=p&typeid=i","cat":334133},{"id":88273,"n":"Stylos bille Atlantis Bic x5","p":2.76,"u":"0,55 €/P","img":"https://fd13-photos.leclercdrive.fr/image.ashx?id=2235233&use=l&cat=p&typeid=i","cat":284696},{"id":88312,"n":"Serum hydrabio Bioderma 40ml","p":17.99,"u":"449,75 €/L","img":"https://fd13-photos.leclercdrive.fr/image.ashx?id=2311636&use=l&cat=p&typeid=i","cat":291171},{"id":88342,"n":"Fécule et farine Tipiak Sans gluten - 500g","p":2.86,"u":"5,72 €/KG","img":"https://fd13-photos.leclercdrive.fr/image.ashx?id=2649217&use=l&cat=p&typeid=i","cat":318654},{"id":88359,"n":"Bougies et chiffres Vahiné Plastique","p":3.58,"img":"https://fd13-photos.leclercdrive.fr/image.ashx?id=2402702&use=l&cat=p&typeid=i","cat":335913},{"id":88413,"n":"Beurre Allégé Elle&Vire Doux - 41% MG - 250g","p":2.17,"u":"8,68 €/KG","img":"https://fd13-photos.leclercdrive.fr/image.ashx?id=2969169&use=l&cat=p&typeid=i","cat":284379},{"id":88414,"n":"Boisson a base de thé Fresh Tea Thé vert saveur menthe 1L","p":0.96,"u":"0,96 €/L","img":"https://fd13-photos.leclercdrive.fr/image.ashx?id=2622272&use=l&cat=p&typeid=i","cat":295019},{"id":88417,"n":"Matière grasse St Hubert 51%MG-Sans huile de palme -500g","p":5.03,"u":"10,06 €/KG","img":"https://fd13-photos.leclercdrive.fr/image.ashx?id=2734117&use=l&cat=p&typeid=i","cat":315229},{"id":88429,"n":"Eau gazeuse San Pellegrino Minérale naturelle - 6x33cl","p":2.98,"u":"1,51 €/L","img":"https://fd13-photos.leclercdrive.fr/image.ashx?id=2459090&use=l&cat=p&typeid=i","cat":284536},{"id":88438,"n":"Coulommiers Cœur de Lion  Extra-Crèmeux - 385g","p":3.29,"u":"8,55 €/KG","img":"https://fd13-photos.leclercdrive.fr/image.ashx?id=2999958&use=l&cat=p&typeid=i","cat":314033},{"id":88441,"n":"Fromage à tartiner St Môret Nature maxi format - 400g","p":4.59,"u":"11,48 €/KG","img":"https://fd13-photos.leclercdrive.fr/image.ashx?id=2755459&use=l&cat=p&typeid=i","cat":314029},{"id":88442,"n":"Arrangé Isautier Banane Flambée - 40%vol - 50cl","p":16.75,"u":"33,50 €/L","img":"https://fd13-photos.leclercdrive.fr/image.ashx?id=2686903&use=l&cat=p&typeid=i","cat":284551},{"id":88446,"n":"Fromage Le Rustique Tomme  Fruitée - 280g","p":4.23,"u":"15,11 €/KG","img":"https://fd13-photos.leclercdrive.fr/image.ashx?id=2921549&use=l&cat=p&typeid=i","cat":329184},{"id":88448,"n":"Fromage à Tartiner Carré Frais  Nature 0% - 8 Portions - 200g","p":2.36,"u":"11,80 €/KG","img":"https://fd13-photos.leclercdrive.fr/image.ashx?id=2868684&use=l&cat=p&typeid=i","cat":314029},{"id":88450,"n":"Escalope Cordon Bleu Père Dodu  Dinde x2 - 200g","p":2.65,"u":"13,25 €/KG","img":"https://fd13-photos.leclercdrive.fr/image.ashx?id=2957203&use=l&cat=p&typeid=i","cat":333683},{"id":88451,"n":"AOP Champagne Chanoine Frères Brut - 75cl","p":22.59,"u":"30,12 €/L","img":"https://fd13-photos.leclercdrive.fr/image.ashx?id=2673217&use=l&cat=p&typeid=i","cat":284542},{"id":88454,"n":"Saucisson Fuet Justin Bridou  170g","p":3.33,"u":"19,59 €/KG","img":"https://fd13-photos.leclercdrive.fr/image.ashx?id=2751165&use=l&cat=p&typeid=i","cat":316006},{"id":88460,"n":"Fromage de Chèvre Chavroux  9 Portions - 162g","p":3.02,"u":"18,64 €/KG","img":"https://fd13-photos.leclercdrive.fr/image.ashx?id=2936689&use=l&cat=p&typeid=i","cat":314031},{"id":88461,"n":"Salami Danois  Saint-Azay x16 - 160g","p":1.58,"u":"9,88 €/KG","img":"https://fd13-photos.leclercdrive.fr/image.ashx?id=2708354&use=l&cat=p&typeid=i","cat":316007},{"id":88471,"n":"Protège slip Tena Long - x20","p":2.49,"u":"0,12 €/P","img":"https://fd13-photos.leclercdrive.fr/image.ashx?id=2428588&use=l&cat=p&typeid=i","cat":284628},{"id":88542,"n":"Tomato Ketchup Allégé Heinz 50% sucre/sel en moins - 435g","p":2.36,"u":"5,43 €/KG","img":"https://fd13-photos.leclercdrive.fr/image.ashx?id=2973357&use=l&cat=p&typeid=i","cat":284455},{"id":88548,"n":"Tartines campagne La Boulangère 450g","p":1.72,"u":"3,82 €/KG","img":"https://fd13-photos.leclercdrive.fr/image.ashx?id=2912395&use=l&cat=p&typeid=i","cat":284477},{"id":88557,"n":"Céréales bébé Blédine 6 mois  Vanille - 400g","p":2.18,"u":"5,45 €/KG","img":"https://fd13-photos.leclercdrive.fr/image.ashx?id=2773992&use=l&cat=p&typeid=i","cat":312225},{"id":88558,"n":"Céréales bébé Blédine 6 mois  Cacao - 400g","p":2.1,"u":"5,25 €/KG","img":"https://fd13-photos.leclercdrive.fr/image.ashx?id=2763112&use=l&cat=p&typeid=i","cat":312225},{"id":88560,"n":"Céréales bébé Blédine 6 mois  Biscuit - 400g","p":2.1,"u":"5,25 €/KG","img":"https://fd13-photos.leclercdrive.fr/image.ashx?id=2773295&use=l&cat=p&typeid=i","cat":312225},{"id":88561,"n":"Céréales bébé Blédine 6 mois  Multi céréales - 400g","p":1.86,"u":"4,65 €/KG","img":"https://fd13-photos.leclercdrive.fr/image.ashx?id=2763118&use=l&cat=p&typeid=i","cat":312225},{"id":88630,"n":"Pur jus de pomme 1L","p":2.92,"u":"2,92 €/L","img":"https://fd13-photos.leclercdrive.fr/image.ashx?id=2686987&use=l&cat=p&typeid=i","cat":284522},{"id":88633,"n":"Nectar de pêche jaune 1L","p":3.1,"u":"3,10 €/L","img":"https://fd13-photos.leclercdrive.fr/image.ashx?id=1586877&use=l&cat=p&typeid=i","cat":284522},{"id":88662,"n":"Yaourt bifidus Activia Vanille - 4x125g","p":1.6,"u":"3,20 €/KG","img":"https://fd13-photos.leclercdrive.fr/image.ashx?id=3006184&use=l&cat=p&typeid=i","cat":315000},{"id":88707,"n":"Endive bio Bio Village Sachet 400g","p":3.99,"u":"9,98 €/KG","img":"https://fd13-photos.leclercdrive.fr/image.ashx?id=2655619&use=l&cat=p&typeid=i","cat":284352},{"id":88738,"n":"Yaourt bifidus Activia citron vanille coco - 12x125g","p":4.78,"u":"3,19 €/KG","img":"https://fd13-photos.leclercdrive.fr/image.ashx?id=3003149&use=l&cat=p&typeid=i","cat":315000},{"id":88740,"n":"Yaourt bifidus Activia citron - 4x125g","p":1.6,"u":"3,20 €/KG","img":"https://fd13-photos.leclercdrive.fr/image.ashx?id=3006181&use=l&cat=p&typeid=i","cat":315000},{"id":88742,"n":"Yaourt bifidus Activia coco - 4x125g","p":1.65,"u":"3,30 €/KG","img":"https://fd13-photos.leclercdrive.fr/image.ashx?id=2886651&use=l&cat=p&typeid=i","cat":315000},{"id":88986,"n":"Barre Chocolat au Lait KitKat x6 barres - 249g","p":3.14,"u":"12,61 €/KG","img":"https://fd13-photos.leclercdrive.fr/image.ashx?id=2989426&use=l&cat=p&typeid=i","cat":284498},{"id":89054,"n":"Bière blonde Kronenbourg 4,2° - 50cl canette","p":0.96,"u":"1,92 €/L","img":"https://fd13-photos.leclercdrive.fr/image.ashx?id=1586574&use=l&cat=p&typeid=i","cat":334853},{"id":89088,"n":"Boisson au Soja Alpro Goût vanille - 1L","p":2.63,"u":"2,63 €/L","img":"https://fd13-photos.leclercdrive.fr/image.ashx?id=2944383&use=l&cat=p&typeid=i","cat":316067},{"id":89090,"n":"Boisson végétale Alpro Soja - 1L","p":1.76,"u":"1,76 €/L","img":"https://fd13-photos.leclercdrive.fr/image.ashx?id=2977681&use=l&cat=p&typeid=i","cat":316067},{"id":89093,"n":"Boisson végétale Alpro avoine - 1l","p":2.19,"u":"2,19 €/L","img":"https://fd13-photos.leclercdrive.fr/image.ashx?id=2986852&use=l&cat=p&typeid=i","cat":316067},{"id":89094,"n":"Boisson végétale lait d'amande grillée sans sucre alpro - 1l","p":2.16,"u":"2,16 €/L","img":"https://fd13-photos.leclercdrive.fr/image.ashx?id=2985543&use=l&cat=p&typeid=i","cat":316067},{"id":89160,"n":"Recharge liquide nettoyant Swiffer WetJet - 1.25L","p":4.69,"pp":2.81,"u":"2,25 €/L","img":"https://fd13-photos.leclercdrive.fr/image.ashx?id=2867800&use=l&cat=p&typeid=i","cat":325364},{"id":89190,"n":"Carotte Bio Bio Village 1kg","p":1.89,"u":"1,89 €/KG","img":"https://fd13-photos.leclercdrive.fr/image.ashx?id=1457160&use=l&cat=p&typeid=i","cat":284352},{"id":89196,"n":"Eau gazeuse aromatisée Badoit Citron vert - 1L","p":1.2,"u":"1,20 €/L","img":"https://fd13-photos.leclercdrive.fr/image.ashx?id=2730658&use=l&cat=p&typeid=i","cat":284536},{"id":89197,"n":"Eau gazeuse aromatisée Badoit Pamplemousse citron - 1L","p":1.18,"u":"1,18 €/L","img":"https://fd13-photos.leclercdrive.fr/image.ashx?id=2730655&use=l&cat=p&typeid=i","cat":284536},{"id":89198,"n":"Eau gazeuse aromatisée Badoit Citron menthe - 1L","p":1.33,"u":"1,33 €/L","img":"https://fd13-photos.leclercdrive.fr/image.ashx?id=2730661&use=l&cat=p&typeid=i","cat":284536},{"id":89337,"n":"Cire coiffante Vitanove Brillance - 75ml","p":2.27,"u":"30,27 €/L","img":"https://fd13-photos.leclercdrive.fr/image.ashx?id=2780683&use=l&cat=p&typeid=i","cat":284609},{"id":89338,"n":"Soin anti-rides Inell Q10 Jour - 50ml","p":2.49,"u":"49,80 €/L","img":"https://fd13-photos.leclercdrive.fr/image.ashx?id=2822132&use=l&cat=p&typeid=i","cat":325345},{"id":89341,"n":"Gel lavant recharge Manava Antibactérien Mandarine - 250ml","p":0.54,"u":"2,16 €/L","img":"https://fd13-photos.leclercdrive.fr/image.ashx?id=2935522&use=l&cat=p&typeid=i","cat":284597},{"id":89345,"n":"Serviettes Super Doulys Ultra mince - x24","p":1.8,"u":"0,08 €/P","img":"https://fd13-photos.leclercdrive.fr/image.ashx?id=2839931&use=l&cat=p&typeid=i","cat":284624},{"id":89346,"n":"Serviettes Nuit Doulys Ultra mince - x20","p":2.55,"u":"0,13 €/P","img":"https://fd13-photos.leclercdrive.fr/image.ashx?id=2704735&use=l&cat=p&typeid=i","cat":284624},{"id":89424,"n":"Pesto vert Bio Village Bio - 185g","p":1.8,"u":"9,73 €/KG","img":"https://fd13-photos.leclercdrive.fr/image.ashx?id=1466304&use=l&cat=p&typeid=i","cat":287599},{"id":89503,"n":"Mélange de fruits secs  Seeberger - 150g","p":3.78,"u":"25,20 €/KG","img":"https://fd13-photos.leclercdrive.fr/image.ashx?id=2950636&use=l&cat=p&typeid=i","cat":316002},{"id":89506,"n":"Oeufs Plein air  Eco + x12","p":2.59,"u":"0,22 €/P","img":"https://fd13-photos.leclercdrive.fr/image.ashx?id=2708853&use=l&cat=p&typeid=i","cat":284378},{"id":89507,"n":"Xtrem Box Sodebo Radiatori à la Carbonara 400g","p":3.08,"u":"7,70 €/KG","img":"https://fd13-photos.leclercdrive.fr/image.ashx?id=2631588&use=l&cat=p&typeid=i","cat":334983},{"id":89515,"n":"Velouté de légumes Régal Soupe Instantané - 64g","p":1.35,"u":"21,09 €/KG","img":"https://fd13-photos.leclercdrive.fr/image.ashx?id=3013627&use=l&cat=p&typeid=i","cat":293527},{"id":89695,"n":"Poulet Weight Watchers Curry-coco - 300g","p":3.4,"u":"11,33 €/KG","img":"https://fd13-photos.leclercdrive.fr/image.ashx?id=2827203&use=l&cat=p&typeid=i","cat":333665},{"id":89848,"n":"Boisson Végétale lait d'amande  bjorg cappuccino - bio - 1l","p":2.81,"u":"2,81 €/L","img":"https://fd13-photos.leclercdrive.fr/image.ashx?id=2962488&use=l&cat=p&typeid=i","cat":316067},{"id":89897,"n":"Boisson Végétale lait d'amande grillée bio - 1l","p":2.74,"u":"2,74 €/L","img":"https://fd13-photos.leclercdrive.fr/image.ashx?id=2912065&use=l&cat=p&typeid=i","cat":316067},{"id":89906,"n":"Beurre de Baratte Doux Isigny  82% MG - 250g","p":3.07,"u":"12,28 €/KG","img":"https://fd13-photos.leclercdrive.fr/image.ashx?id=2578130&use=l&cat=p&typeid=i","cat":284379},{"id":89914,"n":"Bouillon Cube Maggi Légumes x18 - 180g","p":1.56,"u":"8,67 €/KG","img":"https://fd13-photos.leclercdrive.fr/image.ashx?id=2737039&use=l&cat=p&typeid=i","cat":288379},{"id":89959,"n":"Pelle et balayette","p":2.59,"img":"https://fd13-photos.leclercdrive.fr/image.ashx?id=1463745&use=l&cat=p&typeid=i","cat":284669},{"id":90056,"n":"Quinotto Jardin Bio Bio légumes parmesan - 220g","p":2.19,"u":"9,95 €/KG","img":"https://fd13-photos.leclercdrive.fr/image.ashx?id=2535421&use=l&cat=p&typeid=i","cat":287600},{"id":90058,"n":"Ravioli Jardin Bio Bio chèvre ciboulette - 250g","p":2.54,"u":"10,16 €/KG","img":"https://fd13-photos.leclercdrive.fr/image.ashx?id=2534842&use=l&cat=p&typeid=i","cat":287600},{"id":90060,"n":"Thé vert Bio Ethiquable  Vietnam x20 - 36g","p":2.45,"u":"3,40 €/KG","img":"https://fd13-photos.leclercdrive.fr/image.ashx?id=2870845&use=l&cat=p&typeid=i","cat":293233},{"id":90078,"n":"Compotes Pom'Potes Gourdes BIO  Multivariétés - 12x90g","p":7.45,"u":"6,90 €/KG","img":"https://fd13-photos.leclercdrive.fr/image.ashx?id=2961861&use=l&cat=p&typeid=i","cat":284508},{"id":90090,"n":"Gnocchi à poêler Lustucru Extra Fromage 500g","p":2.9,"u":"5,80 €/KG","img":"https://fd13-photos.leclercdrive.fr/image.ashx?id=2786171&use=l&cat=p&typeid=i","cat":333682},{"id":90113,"n":"Petits suisses aux fruits bio Les 2 vaches - 12x50g","p":3.6,"u":"6,00 €/KG","img":"https://fd13-photos.leclercdrive.fr/image.ashx?id=2774103&use=l&cat=p&typeid=i","cat":284414},{"id":90119,"n":"Fromage Persillée Saint Agur  190g","p":3.58,"u":"18,84 €/KG","img":"https://fd13-photos.leclercdrive.fr/image.ashx?id=2981512&use=l&cat=p&typeid=i","cat":314032},{"id":90120,"n":"Crème Saint Agur  155g","p":2.58,"u":"16,65 €/KG","img":"https://fd13-photos.leclercdrive.fr/image.ashx?id=2760014&use=l&cat=p&typeid=i","cat":314029},{"id":90121,"n":"Fromage Caprice des Anges  Frais et Fondant - 200g","p":3.15,"u":"15,75 €/KG","img":"https://fd13-photos.leclercdrive.fr/image.ashx?id=2734837&use=l&cat=p&typeid=i","cat":314029},{"id":90122,"n":"Camembert Coeur de Lion 250g","p":1.98,"u":"7,92 €/KG","img":"https://fd13-photos.leclercdrive.fr/image.ashx?id=3008185&use=l&cat=p&typeid=i","cat":314033},{"id":90182,"n":"Savon Bionaïa Lait d'anesse - 100g","p":1.72,"u":"17,20 €/KG","img":"https://fd13-photos.leclercdrive.fr/image.ashx?id=2491047&use=l&cat=p&typeid=i","cat":284597},{"id":90188,"n":"Cremio Box Sodebo Poulet à l'Emmental - 280g","p":2.25,"u":"8,04 €/KG","img":"https://fd13-photos.leclercdrive.fr/image.ashx?id=2679068&use=l&cat=p&typeid=i","cat":334983},{"id":90213,"n":"Bière blonde Duvel  Tripel Hop 9.5%vol. - 33cl","p":2.4,"u":"7,27 €/L","img":"https://fd13-photos.leclercdrive.fr/image.ashx?id=2111133&use=l&cat=p&typeid=i","cat":334872},{"id":90218,"n":"Couteau d'office Ardence 1 pièce","p":5.9,"img":"https://fd13-photos.leclercdrive.fr/image.ashx?id=1474445&use=l&cat=p&typeid=i","cat":334135},{"id":90220,"n":"Couteau de cuisine Ardence 1 pièce","p":6.9,"img":"https://fd13-photos.leclercdrive.fr/image.ashx?id=1474538&use=l&cat=p&typeid=i","cat":334135},{"id":90227,"n":"Couteau de Chef Ardence x1","p":11.9,"u":"0,50 €/P","img":"https://fd13-photos.leclercdrive.fr/image.ashx?id=1474460&use=l&cat=p&typeid=i","cat":334135},{"id":90236,"n":"Terrine Familia Wiss Le Parfait Contenance de 200g - x6","p":12.45,"u":"2,08 €/P","img":"https://fd13-photos.leclercdrive.fr/image.ashx?id=2807477&use=l&cat=p&typeid=i","cat":284710},{"id":90237,"n":"Bière blonde Delirium Red 8% vol. - 33cl","p":2.45,"u":"7,42 €/L","img":"https://fd13-photos.leclercdrive.fr/image.ashx?id=2381300&use=l&cat=p&typeid=i","cat":334872},{"id":90240,"n":"Terrine Familia Wiss Le Parfait Contenance de 500g - x6","p":15.8,"u":"2,63 €/P","img":"https://fd13-photos.leclercdrive.fr/image.ashx?id=2503701&use=l&cat=p&typeid=i","cat":284710},{"id":90248,"n":"Boite fraîcheur Snips Rectangulaire - 0.5L - x3","p":3.3,"u":"1,10 €/P","img":"https://fd13-photos.leclercdrive.fr/image.ashx?id=1781996&use=l&cat=p&typeid=i","cat":284710},{"id":90251,"n":"Bière blonde Secret des Moines Triple 8%vol. - 33cl","p":1.72,"u":"5,21 €/L","img":"https://fd13-photos.leclercdrive.fr/image.ashx?id=2685066&use=l&cat=p&typeid=i","cat":334872},{"id":90253,"n":"Rondelle Classic Hutchinson Diamètre de 70mm - x10","p":2.35,"u":"0,24 €/P","img":"https://fd13-photos.leclercdrive.fr/image.ashx?id=2485620&use=l&cat=p&typeid=i","cat":284710},{"id":90261,"n":"Protège Poelle Cuisy Lot de 2","p":1.9,"img":"https://fd13-photos.leclercdrive.fr/image.ashx?id=2735149&use=l&cat=p&typeid=i","cat":334135},{"id":90279,"n":"Moule à tarte  Revêtement antiadhésif - 30cm","p":6.33,"img":"https://fd13-photos.leclercdrive.fr/image.ashx?id=2805996&use=l&cat=p&typeid=i","cat":298490},{"id":90308,"n":"Moule à savarin Aluminium revêtu - 24cm","p":5.5,"img":"https://fd13-photos.leclercdrive.fr/image.ashx?id=2856727&use=l&cat=p&typeid=i","cat":298490},{"id":90547,"n":"Croquettes chat Purina One Chat Stérilisé Truite/Blé-1.5kg","p":7.41,"u":"4,94 €/KG","img":"https://fd13-photos.leclercdrive.fr/image.ashx?id=2488064&use=l&cat=p&typeid=i","cat":284680},{"id":90562,"n":"Yaourt bifidus Activia saveur framboise - 4x125g","p":1.75,"u":"3,50 €/KG","img":"https://fd13-photos.leclercdrive.fr/image.ashx?id=2886654&use=l&cat=p&typeid=i","cat":315000},{"id":90580,"n":"Mélange 4 baies bio Ducros 25g","p":3.41,"u":"136,40 €/KG","img":"https://fd13-photos.leclercdrive.fr/image.ashx?id=2484104&use=l&cat=p&typeid=i","cat":284457},{"id":90627,"n":"Tofu Céréal Bio Bio Nature - 250g","p":2.39,"u":"9,56 €/KG","img":"https://fd13-photos.leclercdrive.fr/image.ashx?id=2890145&use=l&cat=p&typeid=i","cat":316036},{"id":90644,"n":"Thé vert Bio Clipper Framboise menthe - 35g","p":2.41,"u":"68,86 €/KG","img":"https://fd13-photos.leclercdrive.fr/image.ashx?id=2908303&use=l&cat=p&typeid=i","cat":293233},{"id":90667,"n":"Céréales Chocapic Nestlé Bio - 375g","p":3.55,"u":"9,47 €/KG","img":"https://fd13-photos.leclercdrive.fr/image.ashx?id=2997262&use=l&cat=p&typeid=i","cat":309513},{"id":90670,"n":"Muesli fruits bio sans sucres  ajoutés Terres et Céréales-1kg","p":5.64,"u":"5,64 €/KG","img":"https://fd13-photos.leclercdrive.fr/image.ashx?id=2858455&use=l&cat=p&typeid=i","cat":309512},{"id":90673,"n":"Pâte à tartiner Alter Eco Bio Sans huile de palme - 270g","p":3.69,"u":"13,67 €/KG","img":"https://fd13-photos.leclercdrive.fr/image.ashx?id=2264195&use=l&cat=p&typeid=i","cat":284481},{"id":90675,"n":"Crème dessert Mont Blanc Boîte Chocolat - 570g","p":2.37,"u":"4,16 €/KG","img":"https://fd13-photos.leclercdrive.fr/image.ashx?id=3011614&use=l&cat=p&typeid=i","cat":284506},{"id":90676,"n":"Crème dessert Mont Blanc Boîte Vanille - 570g","p":2.37,"u":"4,16 €/KG","img":"https://fd13-photos.leclercdrive.fr/image.ashx?id=3008830&use=l&cat=p&typeid=i","cat":284506},{"id":90682,"n":"Génoise P'tit Déli Fraise - 150g","p":1.41,"u":"9,40 €/KG","img":"https://fd13-photos.leclercdrive.fr/image.ashx?id=2482505&use=l&cat=p&typeid=i","cat":284489},{"id":90689,"n":"Lotus Biscoff Speculoos Biscuit Pocket 248g (16x2p)","p":2.27,"u":"9,15 €/KG","img":"https://fd13-photos.leclercdrive.fr/image.ashx?id=2694986&use=l&cat=p&typeid=i","cat":284487},{"id":90777,"n":"Crème visage La Provençale Bio Jouvence Anti-Âge - 50ml","p":7.68,"u":"153,60 €/L","img":"https://fd13-photos.leclercdrive.fr/image.ashx?id=2950357&use=l&cat=p&typeid=i","cat":325345},{"id":90819,"n":"Soupe liquide Knorr Tomate Pointe de basilic - 45cl","p":2.45,"u":"5,44 €/L","img":"https://fd13-photos.leclercdrive.fr/image.ashx?id=2525989&use=l&cat=p&typeid=i","cat":284462},{"id":90820,"n":"Soupe liquide Knorr Potiron - 45cl","p":2.19,"u":"4,87 €/L","img":"https://fd13-photos.leclercdrive.fr/image.ashx?id=2338663&use=l&cat=p&typeid=i","cat":284462},{"id":90822,"n":"Soupe liquide Knorr Légumes du potager - 45cl","p":2.19,"u":"4,87 €/L","img":"https://fd13-photos.leclercdrive.fr/image.ashx?id=2324357&use=l&cat=p&typeid=i","cat":284462},{"id":90843,"n":"Café moulu Grand Mère Familial - 4x250g","p":12.99,"u":"12,99 €/KG","img":"https://fd13-photos.leclercdrive.fr/image.ashx?id=1755049&use=l&cat=p&typeid=i","cat":284750},{"id":90847,"n":"Dosettes café Senseo Grand Mère Corsé x54","p":5.35,"u":"15,03 €/KG","img":"https://fd13-photos.leclercdrive.fr/image.ashx?id=2745817&use=l&cat=p&typeid=i","cat":293238},{"id":90887,"n":"Whisky Japonais Akashi blend Sous étui - 40% vol. - 50cl","p":30.51,"u":"61,02 €/L","img":"https://fd13-photos.leclercdrive.fr/image.ashx?id=2860508&use=l&cat=p&typeid=i","cat":284547},{"id":91019,"n":"Pastis de Marseille Sigale 45%vol. - 50cl","p":9.89,"u":"19,78 €/L","img":"https://fd13-photos.leclercdrive.fr/image.ashx?id=2637820&use=l&cat=p&typeid=i","cat":284548},{"id":91020,"n":"Gin Brighton's London Dry 37,5%vol. - 70cl","p":9.96,"u":"14,23 €/L","img":"https://fd13-photos.leclercdrive.fr/image.ashx?id=2869835&use=l&cat=p&typeid=i","cat":284550},{"id":91022,"n":"Vodka Boriskov Pure grain 37.5%vol - 70cl","p":9.95,"u":"14,21 €/L","img":"https://fd13-photos.leclercdrive.fr/image.ashx?id=1910589&use=l&cat=p&typeid=i","cat":284550},{"id":91027,"n":"Chips Tortilla Old El Paso Nachips maxi format - 300g","p":3.54,"u":"11,80 €/KG","img":"https://fd13-photos.leclercdrive.fr/image.ashx?id=2737696&use=l&cat=p&typeid=i","cat":288993},{"id":91177,"n":"Démaquillant Yeux biphase Nivea Sensibles Waterproof - 125ml","p":2.64,"u":"21,12 €/L","img":"https://fd13-photos.leclercdrive.fr/image.ashx?id=2953944&use=l&cat=p&typeid=i","cat":284603},{"id":91178,"n":"Crème visage Jour FPS 15 Nivea Nourrissante Peau Sèche - 50ml","p":4.04,"u":"80,80 €/L","img":"https://fd13-photos.leclercdrive.fr/image.ashx?id=3014605&use=l&cat=p&typeid=i","cat":325345},{"id":91221,"n":"Pâtes Fusili Panzani Créatives - 500G","p":1.18,"u":"2,36 €/KG","img":"https://fd13-photos.leclercdrive.fr/image.ashx?id=2902942&use=l&cat=p&typeid=i","cat":284427},{"id":91231,"n":"Thé vert Twinings Framboise Passion x20 - 32g","p":2.76,"u":"86,25 €/KG","img":"https://fd13-photos.leclercdrive.fr/image.ashx?id=2893030&use=l&cat=p&typeid=i","cat":293233},{"id":91242,"n":"Café Soluble Nescafé Spécial Filtre L'Original 200g","p":7.65,"u":"38,25 €/KG","img":"https://fd13-photos.leclercdrive.fr/image.ashx?id=2986906&use=l&cat=p&typeid=i","cat":284843},{"id":91249,"n":"Jambon cuit rôti aux herbes 120g","p":4.74,"u":"39,50 €/KG","img":"https://fd13-photos.leclercdrive.fr/image.ashx?id=2025170&use=l&cat=p&typeid=i","cat":316009},{"id":91390,"n":"Ampoule globe Foxter LED E27 8,5-60W blanc chaud x1","p":7.99,"u":"Dont 0,12 € d'éco-part.","img":"https://fd13-photos.leclercdrive.fr/image.ashx?id=1505542&use=l&cat=p&typeid=i","cat":300573},{"id":91396,"n":"Ampoule sphérique Foxter LED E14 5,5-40W blanc chaud x1","p":2.49,"u":"Dont 0,12 € d'éco-part.","img":"https://fd13-photos.leclercdrive.fr/image.ashx?id=2162510&use=l&cat=p&typeid=i","cat":300573},{"id":91434,"n":"Ampoule réflecteur Foxter LED E14 5-60W blanc chaud","p":6.99,"u":"Dont 0,12 € d'éco-part.","img":"https://fd13-photos.leclercdrive.fr/image.ashx?id=1505730&use=l&cat=p&typeid=i","cat":300573},{"id":91455,"n":"Ampoule LED capsule Foxter G4 90 lumen - lumière chaude","p":4.99,"u":"Dont 0,12 € d'éco-part.","img":"https://fd13-photos.leclercdrive.fr/image.ashx?id=1872538&use=l&cat=p&typeid=i","cat":300573},{"id":91482,"n":"Riz Comptoir du Grain Champignons 2 min - 250g","p":1.22,"u":"4,88 €/KG","img":"https://fd13-photos.leclercdrive.fr/image.ashx?id=2856561&use=l&cat=p&typeid=i","cat":287600},{"id":91485,"n":"Riz long Comptoir du Grain Express 2 min - 250g","p":0.99,"u":"3,96 €/KG","img":"https://fd13-photos.leclercdrive.fr/image.ashx?id=2441393&use=l&cat=p&typeid=i","cat":287600},{"id":91487,"n":"Bière Brewdog Elvis Juice  33cl","p":2.35,"u":"7,12 €/L","img":"https://fd13-photos.leclercdrive.fr/image.ashx?id=2941871&use=l&cat=p&typeid=i","cat":334872},{"id":91553,"n":"Quinoa Céréal Bio  Bio repas express 220g","p":2.09,"u":"9,50 €/KG","img":"https://fd13-photos.leclercdrive.fr/image.ashx?id=2575081&use=l&cat=p&typeid=i","cat":287600},{"id":91554,"n":"Blé Riz quinoa Céréal Bio  Bio repas express 220g","p":1.99,"u":"9,05 €/KG","img":"https://fd13-photos.leclercdrive.fr/image.ashx?id=2662844&use=l&cat=p&typeid=i","cat":287600},{"id":91557,"n":"Lentilles Riz Soja Céréal Bio Bio repas express-250g","p":1.95,"u":"7,80 €/KG","img":"https://fd13-photos.leclercdrive.fr/image.ashx?id=2575084&use=l&cat=p&typeid=i","cat":287600},{"id":91585,"n":"Bicarbonate de soude Briochin Ecocert - 500g","p":3.7,"u":"7,40 €/KG","img":"https://fd13-photos.leclercdrive.fr/image.ashx?id=3000749&use=l&cat=p&typeid=i","cat":325365},{"id":91603,"n":"Gel pur So Bio Etic Aloe Vera bio - 125ml","p":8.22,"u":"65,76 €/L","img":"https://fd13-photos.leclercdrive.fr/image.ashx?id=2802497&use=l&cat=p&typeid=i","cat":325345},{"id":91605,"n":"Soin nutritif So Bio Etic Aloe Vera bio - 50ml","p":8.12,"u":"162,40 €/L","img":"https://fd13-photos.leclercdrive.fr/image.ashx?id=2992128&use=l&cat=p&typeid=i","cat":325345},{"id":91606,"n":"Contour yeux Sobio Etic Aloe Vera bio apaisant - 15ml","p":8.99,"u":"599,33 €/L","img":"https://fd13-photos.leclercdrive.fr/image.ashx?id=2811248&use=l&cat=p&typeid=i","cat":325345},{"id":91768,"n":"Roquefort AOP Société Fromage de brebis - 100g","p":2.44,"u":"24,40 €/KG","img":"https://fd13-photos.leclercdrive.fr/image.ashx?id=2729701&use=l&cat=p&typeid=i","cat":314032},{"id":91776,"n":"Crème UHT Elle&Vire Semi-Ep. Entière - 30% MG - 3x20cl","p":4.11,"u":"6,85 €/L","img":"https://fd13-photos.leclercdrive.fr/image.ashx?id=2979866&use=l&cat=p&typeid=i","cat":284381},{"id":91805,"n":"petit suisse aux fruits danonino - 18x50g","p":3.55,"u":"3,94 €/KG","img":"https://fd13-photos.leclercdrive.fr/image.ashx?id=3003137&use=l&cat=p&typeid=i","cat":284414},{"id":91807,"n":"petit suisse aux fruits danonino - 12x50g","p":2.4,"u":"4,00 €/KG","img":"https://fd13-photos.leclercdrive.fr/image.ashx?id=3003140&use=l&cat=p&typeid=i","cat":284414},{"id":91903,"n":"Biscuits Délichoc Chocolat noir - 3x150g","p":5.09,"u":"11,31 €/KG","img":"https://fd13-photos.leclercdrive.fr/image.ashx?id=2668332&use=l&cat=p&typeid=i","cat":284488},{"id":91907,"n":"Assortiment Copains Copines Tubo gélifie acide - 600g","p":3.69,"u":"6,15 €/KG","img":"https://fd13-photos.leclercdrive.fr/image.ashx?id=2417219&use=l&cat=p&typeid=i","cat":304250},{"id":92027,"n":"Tablette chocolat au lait Lindt Caramel Pointe de sel - 100g","p":2.39,"u":"23,90 €/KG","img":"https://fd13-photos.leclercdrive.fr/image.ashx?id=2750384&use=l&cat=p&typeid=i","cat":284497},{"id":92255,"n":"Soupe liquide brique Liebig  Courgettes Vache Qui Rit 2x30cl","p":2.74,"u":"4,57 €/L","img":"https://fd13-photos.leclercdrive.fr/image.ashx?id=2175518&use=l&cat=p&typeid=i","cat":284462},{"id":92267,"n":"Soupe instantanée Royco  Indienne - 3x200ml","p":1.64,"u":"2,73 €/L","img":"https://fd13-photos.leclercdrive.fr/image.ashx?id=2650988&use=l&cat=p&typeid=i","cat":293527},{"id":92342,"n":"AOP Bordeaux vin blanc Mouton Cadet - 75cl","p":5.59,"u":"7,45 €/L","img":"https://fd13-photos.leclercdrive.fr/image.ashx?id=2845985&use=l&cat=p&typeid=i","cat":289557},{"id":92351,"n":"Crème mains Inell Réparatrice - 100ml","p":1.45,"u":"14,50 €/L","img":"https://fd13-photos.leclercdrive.fr/image.ashx?id=1506040&use=l&cat=p&typeid=i","cat":325354},{"id":92356,"n":"Serviettes Hygieniques Vania  Maxi confort super - x16","p":1.78,"u":"0,11 €/P","img":"https://fd13-photos.leclercdrive.fr/image.ashx?id=2908168&use=l&cat=p&typeid=i","cat":284624},{"id":92452,"n":"Tomates cerises bio Bio Village 250g","p":1.59,"u":"6,36 €/KG","img":"https://fd13-photos.leclercdrive.fr/image.ashx?id=2960544&use=l&cat=p&typeid=i","cat":284352},{"id":92454,"n":"Mini bûche Eskiss Fruits rouge x6 - 328g","p":2.29,"u":"6,98 €/KG","img":"https://fd13-photos.leclercdrive.fr/image.ashx?id=2459159&use=l&cat=p&typeid=i","cat":284266},{"id":92516,"n":"Poélée Légume Wok Notre Jardin Inde - 1kg","p":3.99,"u":"3,99 €/KG","img":"https://fd13-photos.leclercdrive.fr/image.ashx?id=2803957&use=l&cat=p&typeid=i","cat":319823},{"id":92529,"n":"Échalotes traditionnelles bio  Bio Village - 250g","p":1.99,"u":"7,96 €/KG","img":"https://fd13-photos.leclercdrive.fr/image.ashx?id=2922454&use=l&cat=p&typeid=i","cat":284352},{"id":92532,"n":"Céréales Quaker Cruesli Chocolat - 900g","p":5.15,"u":"5,72 €/KG","img":"https://fd13-photos.leclercdrive.fr/image.ashx?id=2212153&use=l&cat=p&typeid=i","cat":309512},{"id":92533,"n":"Céréales Quaker Cruesli Chocolat au lait - 450g","p":2.84,"u":"6,31 €/KG","img":"https://fd13-photos.leclercdrive.fr/image.ashx?id=2212156&use=l&cat=p&typeid=i","cat":309512},{"id":92551,"n":"Pain de mie bio La Boulangère Farine complète - 280g","p":1.87,"u":"6,68 €/KG","img":"https://fd13-photos.leclercdrive.fr/image.ashx?id=2912416&use=l&cat=p&typeid=i","cat":284477},{"id":92693,"n":"Gel douche Mixa Bébé  Très Doux Corps Cheveux - 750ml","p":6.64,"u":"8,85 €/L","img":"https://fd13-photos.leclercdrive.fr/image.ashx?id=2316210&use=l&cat=p&typeid=i","cat":284740},{"id":92710,"n":"Ruban correcteur Tipp-Ex Mini pocket - 5mmx6m","p":2.95,"img":"https://fd13-photos.leclercdrive.fr/image.ashx?id=2174868&use=l&cat=p&typeid=i","cat":334133},{"id":92715,"n":"Pochettes coins Esquisses Transparentes - x10","p":1.5,"u":"0,15 €/P","img":"https://fd13-photos.leclercdrive.fr/image.ashx?id=1700197&use=l&cat=p&typeid=i","cat":284745},{"id":92780,"n":"Bière blonde Heineken 6x25cl","p":4.35,"u":"2,90 €/L","img":"https://fd13-photos.leclercdrive.fr/image.ashx?id=3011077&use=l&cat=p&typeid=i","cat":334873},{"id":92782,"n":"Thé glacé Fuze Tea Saveur pêche - 1.25L","p":1.47,"u":"1,18 €/L","img":"https://fd13-photos.leclercdrive.fr/image.ashx?id=2940390&use=l&cat=p&typeid=i","cat":295019},{"id":92816,"n":"Tablette lave-vaisselle Rainett Tout en 1 Citron Vert x30 -600g","p":5.86,"u":"9,77 €/KG","img":"https://fd13-photos.leclercdrive.fr/image.ashx?id=2506483&use=l&cat=p&typeid=i","cat":284656},{"id":92818,"n":"Tablette lave-vaisselle Rainett Tout en 1 Bicarbonate x30 -600g","p":4.96,"u":"8,27 €/KG","img":"https://fd13-photos.leclercdrive.fr/image.ashx?id=2506477&use=l&cat=p&typeid=i","cat":284656},{"id":92834,"n":"Chips extra Vico 6x30g","p":1.96,"u":"10,89 €/KG","img":"https://fd13-photos.leclercdrive.fr/image.ashx?id=2917816&use=l&cat=p&typeid=i","cat":284447},{"id":92835,"n":"Tuiles Chaque jour sans gluten Goût crème oignon - 170g","p":2.17,"u":"12,76 €/KG","img":"https://fd13-photos.leclercdrive.fr/image.ashx?id=2077212&use=l&cat=p&typeid=i","cat":318654},{"id":92836,"n":"Tuiles Chaque jour sans gluten Goût Paprika - 170g","p":2.12,"u":"12,47 €/KG","img":"https://fd13-photos.leclercdrive.fr/image.ashx?id=2427596&use=l&cat=p&typeid=i","cat":318654},{"id":92837,"n":"Tuiles Chaque jour sans gluten Goût salé - 170g","p":2.12,"u":"12,47 €/KG","img":"https://fd13-photos.leclercdrive.fr/image.ashx?id=2043035&use=l&cat=p&typeid=i","cat":318654},{"id":92861,"n":"Crème Visage Jour FPS 15 Nivea Hydratante - 50ml","p":4.0,"u":"80,00 €/L","img":"https://fd13-photos.leclercdrive.fr/image.ashx?id=3015335&use=l&cat=p&typeid=i","cat":325345},{"id":92908,"n":"Raclette Entremont Saveur d'antan - 700g","p":8.9,"u":"12,71 €/KG","img":"https://fd13-photos.leclercdrive.fr/image.ashx?id=2951752&use=l&cat=p&typeid=i","cat":314037},{"id":92910,"n":"Tranches pour raclette Sans croûte nature - 700g","p":8.48,"u":"12,11 €/KG","img":"https://fd13-photos.leclercdrive.fr/image.ashx?id=2951743&use=l&cat=p&typeid=i","cat":314037},{"id":93022,"n":"Bière blonde Heineken 20x25cl","p":12.38,"u":"2,48 €/L","img":"https://fd13-photos.leclercdrive.fr/image.ashx?id=3011074&use=l&cat=p&typeid=i","cat":334873},{"id":93029,"n":"Poireau bio Bio Village 750g","p":3.79,"u":"5,05 €/KG","img":"https://fd13-photos.leclercdrive.fr/image.ashx?id=2322956&use=l&cat=p&typeid=i","cat":284352},{"id":93030,"n":"Concombre Bio Bio Village x1","p":1.99,"img":"https://fd13-photos.leclercdrive.fr/image.ashx?id=2334257&use=l&cat=p&typeid=i","cat":284352},{"id":93032,"n":"Saucisson Justin Bridou Bâton de Berger Nature 250g","p":3.91,"u":"15,64 €/KG","img":"https://fd13-photos.leclercdrive.fr/image.ashx?id=2921313&use=l&cat=p&typeid=i","cat":316006},{"id":93033,"n":"Saucisson Fuet César Moroni  170g","p":3.35,"u":"19,71 €/KG","img":"https://fd13-photos.leclercdrive.fr/image.ashx?id=2916138&use=l&cat=p&typeid=i","cat":316006},{"id":93037,"n":"Saucisson sec Tranché Cochonou 30 tranches - 93g","p":1.65,"u":"17,74 €/KG","img":"https://fd13-photos.leclercdrive.fr/image.ashx?id=2924104&use=l&cat=p&typeid=i","cat":316007},{"id":93041,"n":"Fromage Caprice Des Dieux 300g","p":3.66,"u":"12,20 €/KG","img":"https://fd13-photos.leclercdrive.fr/image.ashx?id=2763178&use=l&cat=p&typeid=i","cat":314033},{"id":93043,"n":"Crème dessert Bio village Bio - 4x95g  - Vanille","p":1.28,"u":"3,37 €/KG","img":"https://fd13-photos.leclercdrive.fr/image.ashx?id=2313546&use=l&cat=p&typeid=i","cat":285041},{"id":93070,"n":"Crème dessert Bio Bio village Chocolat - 4x95g","p":1.28,"u":"3,37 €/KG","img":"https://fd13-photos.leclercdrive.fr/image.ashx?id=2313543&use=l&cat=p&typeid=i","cat":285041},{"id":93071,"n":"Champignons de Paris blancs Bio Bio Village - 200g","p":2.39,"u":"11,95 €/KG","img":"https://fd13-photos.leclercdrive.fr/image.ashx?id=2960550&use=l&cat=p&typeid=i","cat":284352},{"id":93091,"n":"Bûche glacée Eskiss Vanille Caramel Pécan - 534g","p":4.05,"u":"7,58 €/KG","img":"https://fd13-photos.leclercdrive.fr/image.ashx?id=1980241&use=l&cat=p&typeid=i","cat":284266},{"id":93105,"n":"Skyr danone  nature 0%mg - 2x140g","p":2.15,"u":"7,68 €/KG","img":"https://fd13-photos.leclercdrive.fr/image.ashx?id=2810606&use=l&cat=p&typeid=i","cat":284409},{"id":93108,"n":"Bière Desperados Pack de 12x33cl","p":14.45,"u":"3,65 €/L","img":"https://fd13-photos.leclercdrive.fr/image.ashx?id=2983123&use=l&cat=p&typeid=i","cat":334878},{"id":93111,"n":"Camembert Le Rustique  250g","p":2.33,"u":"9,32 €/KG","img":"https://fd13-photos.leclercdrive.fr/image.ashx?id=2979722&use=l&cat=p&typeid=i","cat":314033},{"id":93112,"n":"Coulommiers Cœur de Lion  350g","p":2.6,"u":"7,43 €/KG","img":"https://fd13-photos.leclercdrive.fr/image.ashx?id=2766286&use=l&cat=p&typeid=i","cat":314033},{"id":93181,"n":"Pains Façon Bretzel x6 - 270g","p":2.15,"u":"7,96 €/KG","img":"https://fd13-photos.leclercdrive.fr/image.ashx?id=2867401&use=l&cat=p&typeid=i","cat":325069},{"id":93195,"n":"Boulette de boeuf napolitaine Charal -  300g","p":5.01,"u":"16,70 €/KG","img":"https://fd13-photos.leclercdrive.fr/image.ashx?id=1987908&use=l&cat=p&typeid=i","cat":333665},{"id":93224,"n":"Rhum Neisson blanc 55%vol - 100cl","p":30.42,"u":"30,42 €/L","img":"https://fd13-photos.leclercdrive.fr/image.ashx?id=2021094&use=l&cat=p&typeid=i","cat":284550},{"id":93243,"n":"Dissolvant Inell Semi-permanent - 150ml","p":1.42,"u":"9,47 €/L","img":"https://fd13-photos.leclercdrive.fr/image.ashx?id=2691682&use=l&cat=p&typeid=i","cat":325347},{"id":93244,"n":"Sauce bolognaise Panzani 425g","p":1.87,"u":"4,40 €/KG","img":"https://fd13-photos.leclercdrive.fr/image.ashx?id=2989096&use=l&cat=p&typeid=i","cat":287599},{"id":93254,"n":"Assortiment Copains Copines Mini sachets - 500g","p":3.58,"u":"7,16 €/KG","img":"https://fd13-photos.leclercdrive.fr/image.ashx?id=1921467&use=l&cat=p&typeid=i","cat":304250},{"id":93398,"n":"Plat bébé Blédina 12 mois  Butternut dinde - 2x200g","p":2.5,"u":"6,25 €/KG","img":"https://fd13-photos.leclercdrive.fr/image.ashx?id=2975086&use=l&cat=p&typeid=i","cat":312237},{"id":93401,"n":"Bière blonde pression Heineken Fût de 5L","p":17.84,"u":"3,57 €/L","img":"https://fd13-photos.leclercdrive.fr/image.ashx?id=2646194&use=l&cat=p&typeid=i","cat":334879},{"id":93418,"n":"Bière blonde La Goudale Rhum finish - 7,9% vol. - 75cl","p":3.79,"u":"5,05 €/L","img":"https://fd13-photos.leclercdrive.fr/image.ashx?id=2020428&use=l&cat=p&typeid=i","cat":334872},{"id":93421,"n":"Muscat Valauria  15,5%vol - 75cl","p":5.66,"u":"7,55 €/L","img":"https://fd13-photos.leclercdrive.fr/image.ashx?id=2484230&use=l&cat=p&typeid=i","cat":284913},{"id":93514,"n":"Frites de poulet Maître Coq 1 kg","p":5.8,"u":"5,80 €/KG","img":"https://fd13-photos.leclercdrive.fr/image.ashx?id=2939478&use=l&cat=p&typeid=i","cat":319780},{"id":93547,"n":"Long Nuggets Père Dodu  Poulet x8 - 200g","p":2.59,"u":"12,95 €/KG","img":"https://fd13-photos.leclercdrive.fr/image.ashx?id=2957188&use=l&cat=p&typeid=i","cat":333684},{"id":93574,"n":"Kit pour Burritos 510g","p":2.81,"u":"5,51 €/KG","img":"https://fd13-photos.leclercdrive.fr/image.ashx?id=2679774&use=l&cat=p&typeid=i","cat":288993},{"id":93596,"n":"Cidre bouché Envies De Doux - 75cl","p":2.49,"u":"3,32 €/L","img":"https://fd13-photos.leclercdrive.fr/image.ashx?id=2908978&use=l&cat=p&typeid=i","cat":334880},{"id":93599,"n":"Brosse a dent Oral-B Pro2000 - cross action black x1","p":46.52,"u":"Dont 0,07 € d'éco-part.","img":"https://fd13-photos.leclercdrive.fr/image.ashx?id=2205944&use=l&cat=p&typeid=i","cat":297133},{"id":93636,"n":"Fromage RichesMonts Raclette  Caractère 18 Tranches - 420g","p":6.67,"u":"15,88 €/KG","img":"https://fd13-photos.leclercdrive.fr/image.ashx?id=2953812&use=l&cat=p&typeid=i","cat":314037},{"id":93685,"n":"Noix St Jacques Ronde des mers Sans Corail - MSC - 300g","p":12.99,"u":"43,30 €/KG","img":"https://fd13-photos.leclercdrive.fr/image.ashx?id=2545930&use=l&cat=p&typeid=i","cat":319787},{"id":93690,"n":"Nems à la Crevette et Crabe Tables du Monde x4 - 280g","p":2.04,"u":"7,29 €/KG","img":"https://fd13-photos.leclercdrive.fr/image.ashx?id=1861278&use=l&cat=p&typeid=i","cat":333673},{"id":93700,"n":"Tablette chocolat Côte d'Or Chocolat lait praliné - 200g","p":3.85,"u":"19,25 €/KG","img":"https://fd13-photos.leclercdrive.fr/image.ashx?id=2850222&use=l&cat=p&typeid=i","cat":284497},{"id":93742,"n":"Joker Bio Multifruits 1L","p":2.72,"u":"2,72 €/L","img":"https://fd13-photos.leclercdrive.fr/image.ashx?id=3001293&use=l&cat=p&typeid=i","cat":284917},{"id":93745,"n":"Joker Bio Orange sans pulpe 1L","p":2.88,"u":"2,88 €/L","img":"https://fd13-photos.leclercdrive.fr/image.ashx?id=3008146&use=l&cat=p&typeid=i","cat":284521},{"id":93750,"n":"Ratatouille Cuisinée Cassegrain à la Provençale 380g","p":2.84,"u":"7,47 €/KG","img":"https://fd13-photos.leclercdrive.fr/image.ashx?id=2970831&use=l&cat=p&typeid=i","cat":312612},{"id":93776,"n":"Sauce tomate bio Jardin Bio Provençale - 510g","p":3.38,"u":"6,63 €/KG","img":"https://fd13-photos.leclercdrive.fr/image.ashx?id=2977435&use=l&cat=p&typeid=i","cat":287599},{"id":93788,"n":"Escalope Cordon Bleu Père Dodu  Poulet x2 - 200g","p":2.2,"u":"11,00 €/KG","img":"https://fd13-photos.leclercdrive.fr/image.ashx?id=2957170&use=l&cat=p&typeid=i","cat":333683},{"id":93817,"n":"Muesli croustillant 7 fruits  bio Terres et Céréales-1kg","p":6.36,"u":"6,36 €/KG","img":"https://fd13-photos.leclercdrive.fr/image.ashx?id=2802449&use=l&cat=p&typeid=i","cat":309512},{"id":93821,"n":"Nettoyant goudron résine TECH9 300ml","p":4.75,"u":"15,83 €/L","img":"https://fd13-photos.leclercdrive.fr/image.ashx?id=2162474&use=l&cat=p&typeid=i","cat":298252},{"id":93842,"n":"Coton rectangle bébé Eco+ x200","p":3.99,"u":"0,02 €/P","img":"https://fd13-photos.leclercdrive.fr/image.ashx?id=2869760&use=l&cat=p&typeid=i","cat":284739},{"id":93851,"n":"Petit Pois Tendres et Fondants Cassegrain 280g","p":1.87,"u":"6,68 €/KG","img":"https://fd13-photos.leclercdrive.fr/image.ashx?id=2955318&use=l&cat=p&typeid=i","cat":312607},{"id":93854,"n":"Aubergines Cuisinées Cassegrain à la Provençale 375g","p":3.01,"u":"8,03 €/KG","img":"https://fd13-photos.leclercdrive.fr/image.ashx?id=2962086&use=l&cat=p&typeid=i","cat":312612},{"id":93948,"n":"Filets de poulet Eco+ Jaune - 1kg","p":9.49,"u":"9,49 €/KG","img":"https://fd13-photos.leclercdrive.fr/image.ashx?id=1514653&use=l&cat=p&typeid=i","cat":284336},{"id":94163,"n":"Comté AOP Entremont Tranché - 120g","p":2.77,"u":"23,08 €/KG","img":"https://fd13-photos.leclercdrive.fr/image.ashx?id=2983141&use=l&cat=p&typeid=i","cat":314028},{"id":94164,"n":"Fromage Crèmeux Saint Albray  200g","p":2.82,"u":"14,10 €/KG","img":"https://fd13-photos.leclercdrive.fr/image.ashx?id=2731825&use=l&cat=p&typeid=i","cat":329558},{"id":94281,"n":"Rhum blanc Bologne 50%vol - 100cl","p":19.29,"u":"19,29 €/L","img":"https://fd13-photos.leclercdrive.fr/image.ashx?id=2876554&use=l&cat=p&typeid=i","cat":284550},{"id":94489,"n":"Lames Wilkinson Quattro Titanium Sensitive - x4","p":8.96,"u":"2,24 €/P","img":"https://fd13-photos.leclercdrive.fr/image.ashx?id=2451405&use=l&cat=p&typeid=i","cat":284616},{"id":94643,"n":"Brassé végétal Andros Framboise - 400g","p":2.75,"u":"6,88 €/KG","img":"https://fd13-photos.leclercdrive.fr/image.ashx?id=2879089&use=l&cat=p&typeid=i","cat":316071},{"id":94654,"n":"Yaourt bifidus Activia Vanille - 16x125g","p":5.38,"u":"2,69 €/KG","img":"https://fd13-photos.leclercdrive.fr/image.ashx?id=2741775&use=l&cat=p&typeid=i","cat":315000},{"id":94699,"n":"Biscottes Heudebert Blé complet - 280g","p":1.98,"u":"7,07 €/KG","img":"https://fd13-photos.leclercdrive.fr/image.ashx?id=2905060&use=l&cat=p&typeid=i","cat":284479},{"id":94748,"n":"Tartines La Boulangère  Quinoa et graine Bio - 450g","p":2.9,"u":"6,44 €/KG","img":"https://fd13-photos.leclercdrive.fr/image.ashx?id=2912419&use=l&cat=p&typeid=i","cat":284477},{"id":94801,"n":"Oeufs frais De Nos Régions Élevées au Sol - x12","p":2.71,"u":"0,23 €/P","img":"https://fd13-photos.leclercdrive.fr/image.ashx?id=2017271&use=l&cat=p&typeid=i","cat":284378},{"id":94856,"n":"Oeufs frais plein air Oméga 3 - x20","p":4.55,"u":"0,23 €/P","img":"https://fd13-photos.leclercdrive.fr/image.ashx?id=2969988&use=l&cat=p&typeid=i","cat":284378},{"id":94859,"n":"Yaourt à la grecque YAOS  Stracciatella - 4x125g","p":2.47,"u":"4,94 €/KG","img":"https://fd13-photos.leclercdrive.fr/image.ashx?id=2679506&use=l&cat=p&typeid=i","cat":314999},{"id":94860,"n":"Oeufs frais De Nos Régions Élevées au sol - x6","p":1.49,"u":"0,25 €/P","img":"https://fd13-photos.leclercdrive.fr/image.ashx?id=2017268&use=l&cat=p&typeid=i","cat":284378},{"id":94908,"n":"AOP Saint-Véran blanc Bourgogne - 75cl","p":7.5,"u":"10,00 €/L","img":"https://fd13-photos.leclercdrive.fr/image.ashx?id=2178076&use=l&cat=p&typeid=i","cat":289557},{"id":94916,"n":"Matière grasse St Hubert Omega 3 - 52% MG - 750g","p":4.87,"u":"6,49 €/KG","img":"https://fd13-photos.leclercdrive.fr/image.ashx?id=2734078&use=l&cat=p&typeid=i","cat":315229},{"id":94923,"n":"AOP Côtes du Marmandais blanc La Vielle Eglise - 75cl","p":3.5,"u":"4,67 €/L","img":"https://fd13-photos.leclercdrive.fr/image.ashx?id=2734804&use=l&cat=p&typeid=i","cat":289557},{"id":95008,"n":"Mini tablettes chocolat Milka Chocolat au lait - 8x25g","p":3.46,"u":"17,30 €/KG","img":"https://fd13-photos.leclercdrive.fr/image.ashx?id=2832419&use=l&cat=p&typeid=i","cat":284497},{"id":95457,"n":"Rôti de porc Label Rouge L'Atelier Charcuterie - 180g","p":3.99,"u":"22,17 €/KG","img":"https://fd13-photos.leclercdrive.fr/image.ashx?id=2979565&use=l&cat=p&typeid=i","cat":316009},{"id":95507,"n":"Risotto au Poulet & Cèpes Fleury Michon 2+1offert - 840g","p":5.47,"u":"6,51 €/KG","img":"https://fd13-photos.leclercdrive.fr/image.ashx?id=2246818&use=l&cat=p&typeid=i","cat":333665},{"id":95524,"n":"Essuie-tout bobine Mimosa 500 feuilles","p":3.7,"img":"https://fd13-photos.leclercdrive.fr/image.ashx?id=1523297&use=l&cat=p&typeid=i","cat":284635},{"id":95534,"n":"Saumon fumé Ronde des Mers Ecosse x4T - 140g","p":4.99,"u":"35,64 €/KG","img":"https://fd13-photos.leclercdrive.fr/image.ashx?id=2450056&use=l&cat=p&typeid=i","cat":285188},{"id":95535,"n":"Saumon fumé ASC Ronde des Mers Norvège x4T - 140g","p":4.99,"u":"35,64 €/KG","img":"https://fd13-photos.leclercdrive.fr/image.ashx?id=2833126&use=l&cat=p&typeid=i","cat":285188},{"id":95548,"n":"Rillettes de sardine 140g","p":1.77,"u":"12,64 €/KG","img":"https://fd13-photos.leclercdrive.fr/image.ashx?id=2644885&use=l&cat=p&typeid=i","cat":285191},{"id":95564,"n":"Crème fraîche légère Yoplait Fleurette 15% mg - 38cl","p":1.79,"u":"4,71 €/L","img":"https://fd13-photos.leclercdrive.fr/image.ashx?id=2733664&use=l&cat=p&typeid=i","cat":284381},{"id":95586,"n":"Eau micellaire bio SoBio Etic Peau sensible aloé véra - 500ml","p":5.78,"u":"11,56 €/L","img":"https://fd13-photos.leclercdrive.fr/image.ashx?id=2801905&use=l&cat=p&typeid=i","cat":284603},{"id":95811,"n":"Mascara Waterproof L'OréalParis Lash Paradise Noir","p":13.21,"img":"https://fd13-photos.leclercdrive.fr/image.ashx?id=2559589&use=l&cat=p&typeid=i","cat":287029},{"id":95840,"n":"Orange à déguster bio Bio Village Sachet x4","p":2.79,"u":"0,70 €/P","img":"https://fd13-photos.leclercdrive.fr/image.ashx?id=2801061&use=l&cat=p&typeid=i","cat":284356},{"id":95945,"n":"Pommes bicolores Panier du Primeur Barquette x6","p":2.49,"u":"0,42 €/P","img":"https://fd13-photos.leclercdrive.fr/image.ashx?id=2553920&use=l&cat=p&typeid=i","cat":284356},{"id":95946,"n":"Pommes vertes Panier du Primeur Barquette x6","p":2.49,"u":"0,42 €/P","img":"https://fd13-photos.leclercdrive.fr/image.ashx?id=2338703&use=l&cat=p&typeid=i","cat":284356},{"id":95973,"n":"Eau minérale naturelle Evian  6x1,5l","p":3.46,"u":"0,38 €/L","img":"https://fd13-photos.leclercdrive.fr/image.ashx?id=2967717&use=l&cat=p&typeid=i","cat":284535},{"id":95975,"n":"Liquide vaisselle Visior Pomme poire - 750ml","p":1.19,"u":"1,59 €/L","img":"https://fd13-photos.leclercdrive.fr/image.ashx?id=1979269&use=l&cat=p&typeid=i","cat":284655},{"id":95976,"n":"Liquide vaisselle Visior Fruit rouge & Fleur - 750ml","p":1.19,"u":"1,59 €/L","img":"https://fd13-photos.leclercdrive.fr/image.ashx?id=1979272&use=l&cat=p&typeid=i","cat":284655},{"id":95977,"n":"Liquide vaisselle Visior Amande Calendula - 750ml","p":1.26,"u":"1,68 €/L","img":"https://fd13-photos.leclercdrive.fr/image.ashx?id=1965566&use=l&cat=p&typeid=i","cat":284655},{"id":96057,"n":"Café grains Méo Espresso - 1kg","p":15.25,"u":"15,25 €/KG","img":"https://fd13-photos.leclercdrive.fr/image.ashx?id=2593977&use=l&cat=p&typeid=i","cat":293237},{"id":96060,"n":"Chili con carné Bio Village Bio - 300g","p":3.49,"u":"11,63 €/KG","img":"https://fd13-photos.leclercdrive.fr/image.ashx?id=2125584&use=l&cat=p&typeid=i","cat":284953},{"id":96094,"n":"Gel douche Manava Mangue Acai - 250ml","p":1.15,"u":"4,60 €/L","img":"https://fd13-photos.leclercdrive.fr/image.ashx?id=1973892&use=l&cat=p&typeid=i","cat":284594},{"id":96095,"n":"Gel douche Manava Envolée de pétales - 250ml","p":1.15,"u":"4,60 €/L","img":"https://fd13-photos.leclercdrive.fr/image.ashx?id=1980232&use=l&cat=p&typeid=i","cat":284594},{"id":96097,"n":"Gel douche Manava Noisettes caramel - 250ml","p":1.3,"u":"5,20 €/L","img":"https://fd13-photos.leclercdrive.fr/image.ashx?id=2040317&use=l&cat=p&typeid=i","cat":284594},{"id":96284,"n":"Pois chiches - 3x130g","p":1.65,"u":"4,23 €/KG","img":"https://fd13-photos.leclercdrive.fr/image.ashx?id=3002626&use=l&cat=p&typeid=i","cat":312609},{"id":96287,"n":"Café San Marco Grains n°7 - 500g","p":11.16,"u":"22,32 €/KG","img":"https://fd13-photos.leclercdrive.fr/image.ashx?id=2322163&use=l&cat=p&typeid=i","cat":293237},{"id":96289,"n":"Biscuit apéritif ancel Sticks Bretzels Original - 300g","p":1.8,"u":"6,00 €/KG","img":"https://fd13-photos.leclercdrive.fr/image.ashx?id=2841196&use=l&cat=p&typeid=i","cat":297000},{"id":96416,"n":"Sauce soja Kikkoman 250ml","p":4.14,"u":"16,56 €/L","img":"https://fd13-photos.leclercdrive.fr/image.ashx?id=2544952&use=l&cat=p&typeid=i","cat":288992},{"id":96419,"n":"Sauce soja Kikkoman Réduite en sel - 250ml","p":4.48,"u":"17,92 €/L","img":"https://fd13-photos.leclercdrive.fr/image.ashx?id=2843547&use=l&cat=p&typeid=i","cat":288992},{"id":96423,"n":"Sauce Teriyaki Kikkoman Grillade et marinade - 250ml","p":4.19,"u":"16,76 €/L","img":"https://fd13-photos.leclercdrive.fr/image.ashx?id=2857917&use=l&cat=p&typeid=i","cat":288992},{"id":96457,"n":"Soupe nouilles cup Yum Yum Saveur crevette - 70g","p":1.24,"u":"17,71 €/KG","img":"https://fd13-photos.leclercdrive.fr/image.ashx?id=2922320&use=l&cat=p&typeid=i","cat":288992},{"id":96501,"n":"Rhum Diplomatico Mantuano 70cL","p":30.3,"u":"43,29 €/L","img":"https://fd13-photos.leclercdrive.fr/image.ashx?id=2433545&use=l&cat=p&typeid=i","cat":284550},{"id":96777,"n":"Crème mains Inell Hydratante - 100ml","p":1.35,"u":"13,50 €/L","img":"https://fd13-photos.leclercdrive.fr/image.ashx?id=2515688&use=l&cat=p&typeid=i","cat":325354},{"id":96832,"n":"Mini viennoiseries Epi d'Or x12 - 372g","p":4.23,"u":"11,37 €/KG","img":"https://fd13-photos.leclercdrive.fr/image.ashx?id=1879302&use=l&cat=p&typeid=i","cat":288858},{"id":96937,"n":"Saumon fumé Eco+ Norvège - 200g","p":4.65,"u":"23,25 €/KG","img":"https://fd13-photos.leclercdrive.fr/image.ashx?id=2794823&use=l&cat=p&typeid=i","cat":285188},{"id":96938,"n":"Saumon fumé Ronde des Mers ASC Norvège x6T - 210g","p":8.5,"u":"40,48 €/KG","img":"https://fd13-photos.leclercdrive.fr/image.ashx?id=2833129&use=l&cat=p&typeid=i","cat":285188},{"id":96939,"n":"Emincés Saumon Bio Bio Village 100g","p":5.55,"u":"55,50 €/KG","img":"https://fd13-photos.leclercdrive.fr/image.ashx?id=2954118&use=l&cat=p&typeid=i","cat":285188},{"id":96959,"n":"Pains au chocolat Epi d'Or x6 - 450g","p":2.95,"u":"6,56 €/KG","img":"https://fd13-photos.leclercdrive.fr/image.ashx?id=1983598&use=l&cat=p&typeid=i","cat":284267},{"id":96970,"n":"Feuilletés Epinards Chèvre Côté Table - 2x150g","p":3.09,"u":"10,30 €/KG","img":"https://fd13-photos.leclercdrive.fr/image.ashx?id=2181488&use=l&cat=p&typeid=i","cat":333671},{"id":97045,"n":"Thon entier Petit Navire Au naturel - 2x93g","p":3.18,"u":"17,10 €/KG","img":"https://fd13-photos.leclercdrive.fr/image.ashx?id=2961837&use=l&cat=p&typeid=i","cat":303867},{"id":97059,"n":"Poulet au curry bio Bio Village Riz quinoa sarrasin - 300g","p":2.99,"u":"9,97 €/KG","img":"https://fd13-photos.leclercdrive.fr/image.ashx?id=2622028&use=l&cat=p&typeid=i","cat":284953},{"id":97060,"n":"Tagada Haribo Sachet bonbons - 400g","p":1.7,"u":"4,25 €/KG","img":"https://fd13-photos.leclercdrive.fr/image.ashx?id=2801854&use=l&cat=p&typeid=i","cat":304250},{"id":97124,"n":"Manchons de poulet Eco+ 250g","p":2.03,"u":"8,12 €/KG","img":"https://fd13-photos.leclercdrive.fr/image.ashx?id=2742676&use=l&cat=p&typeid=i","cat":333685},{"id":97173,"n":"Bloc 4 tiroirs Esquisse Multicoloris - 1 pièce","p":19.9,"img":"https://fd13-photos.leclercdrive.fr/image.ashx?id=1665838&use=l&cat=p&typeid=i","cat":284745},{"id":97275,"n":"Yaourts Invitation à la Ferme Fruits rouges Bio -  4x125g","p":2.99,"u":"5,98 €/KG","img":"https://fd13-photos.leclercdrive.fr/image.ashx?id=2386022&use=l&cat=p&typeid=i","cat":284410},{"id":97286,"n":"Crayons de couleurs Esquisse Bicolores - x12","p":1.65,"u":"0,14 €/P","img":"https://fd13-photos.leclercdrive.fr/image.ashx?id=1678787&use=l&cat=p&typeid=i","cat":284696},{"id":97287,"n":"Feutres de coloriage Esquisse Lavables Pointe large - x12","p":1.79,"u":"0,15 €/P","img":"https://fd13-photos.leclercdrive.fr/image.ashx?id=1698631&use=l&cat=p&typeid=i","cat":284696},{"id":97348,"n":"Crayons de couleur Eco+ Pochette de 18","p":0.53,"u":"0,03 €/P","img":"https://fd13-photos.leclercdrive.fr/image.ashx?id=1678664&use=l&cat=p&typeid=i","cat":284696},{"id":97660,"n":"Céréales Jordans Country Crisp Chocolat Noir 70% - 850g","p":5.46,"u":"6,42 €/KG","img":"https://fd13-photos.leclercdrive.fr/image.ashx?id=2940336&use=l&cat=p&typeid=i","cat":309512},{"id":97662,"n":"Thé vert Twinings Menthe x25 - 38g","p":2.53,"u":"66,58 €/KG","img":"https://fd13-photos.leclercdrive.fr/image.ashx?id=2906763&use=l&cat=p&typeid=i","cat":293233},{"id":97667,"n":"Thé russian Twinings Earl grey x20 - 30g","p":2.56,"u":"85,33 €/KG","img":"https://fd13-photos.leclercdrive.fr/image.ashx?id=2878306&use=l&cat=p&typeid=i","cat":293233},{"id":97671,"n":"Thé russian Earl Grey Twinings 150g","p":6.53,"u":"43,53 €/KG","img":"https://fd13-photos.leclercdrive.fr/image.ashx?id=2950729&use=l&cat=p&typeid=i","cat":293233},{"id":97678,"n":"Céréales Jordans Country Crisp 4 Baies - 550g","p":3.26,"u":"5,93 €/KG","img":"https://fd13-photos.leclercdrive.fr/image.ashx?id=2997205&use=l&cat=p&typeid=i","cat":309512},{"id":97849,"n":"Semelles Gel Soft Femme Talons Quotidiens - 1 paire","p":16.8,"img":"https://fd13-photos.leclercdrive.fr/image.ashx?id=2226289&use=l&cat=p&typeid=i","cat":325354},{"id":98098,"n":"Liquide vaisselle Visior Antiodeur - 500ml","p":0.64,"u":"1,28 €/L","img":"https://fd13-photos.leclercdrive.fr/image.ashx?id=2951122&use=l&cat=p&typeid=i","cat":284655},{"id":98251,"n":"Liquide Vaisselle Brillance  VISIOR - 500ml","p":0.64,"u":"1,28 €/L","img":"https://fd13-photos.leclercdrive.fr/image.ashx?id=2951125&use=l&cat=p&typeid=i","cat":284655},{"id":98252,"n":"Liquide vaisselle Visior Antibactérien - 500ml","p":0.64,"u":"1,28 €/L","img":"https://fd13-photos.leclercdrive.fr/image.ashx?id=2951131&use=l&cat=p&typeid=i","cat":284655},{"id":98253,"n":"Liquide vaisselle Visior Désincrustant sel - 500ml","p":0.64,"u":"1,28 €/L","img":"https://fd13-photos.leclercdrive.fr/image.ashx?id=2951128&use=l&cat=p&typeid=i","cat":284655},{"id":98417,"n":"Liquide vaisselle floral Visior 500ml","p":0.64,"u":"1,28 €/L","img":"https://fd13-photos.leclercdrive.fr/image.ashx?id=2951134&use=l&cat=p&typeid=i","cat":284655},{"id":98422,"n":"Pavés de Saumon Bio Bio Village 200g","p":8.59,"u":"42,95 €/KG","img":"https://fd13-photos.leclercdrive.fr/image.ashx?id=2934802&use=l&cat=p&typeid=i","cat":319786},{"id":98443,"n":"Soda Coca-Cola Original Bouteille - Pack 6x1L","p":10.2,"u":"1,70 €/L","img":"https://fd13-photos.leclercdrive.fr/image.ashx?id=2830897&use=l&cat=p&typeid=i","cat":284530},{"id":98475,"n":"Blé soja haricots Céréal Bio  Façon Chili bio -220g","p":1.96,"u":"8,91 €/KG","img":"https://fd13-photos.leclercdrive.fr/image.ashx?id=2575096&use=l&cat=p&typeid=i","cat":287600},{"id":98499,"n":"Saumon fumé Petit Navire Ecosse - 4 tranches - 120g","p":6.71,"u":"55,92 €/KG","img":"https://fd13-photos.leclercdrive.fr/image.ashx?id=2950474&use=l&cat=p&typeid=i","cat":285188},{"id":98628,"n":"Comté AOP Juraflore Cave Bio - 200g","p":4.85,"u":"24,25 €/KG","img":"https://fd13-photos.leclercdrive.fr/image.ashx?id=2165482&use=l&cat=p&typeid=i","cat":314036},{"id":98630,"n":"Compotes Douceur du Verger Panachées - x16","p":4.11,"u":"0,26 €/P","img":"https://fd13-photos.leclercdrive.fr/image.ashx?id=2983820&use=l&cat=p&typeid=i","cat":284416},{"id":98716,"n":"Frixion-clicker Pilot Rouge - + Recharge + Fineliner","p":7.78,"img":"https://fd13-photos.leclercdrive.fr/image.ashx?id=2935960&use=l&cat=p&typeid=i","cat":284696},{"id":98738,"n":"Stylo roller Frixion ball Noir - + 3 recharges","p":6.02,"img":"https://fd13-photos.leclercdrive.fr/image.ashx?id=2935945&use=l&cat=p&typeid=i","cat":284696},{"id":98807,"n":"Purée fruit bébé Blédina 6 mois Pomme cerise vanille - 4x100g","p":1.81,"u":"4,53 €/KG","img":"https://fd13-photos.leclercdrive.fr/image.ashx?id=2983024&use=l&cat=p&typeid=i","cat":312388},{"id":98811,"n":"Comprimé antibactérien Polident x36","p":2.36,"u":"0,07 €/P","img":"https://fd13-photos.leclercdrive.fr/image.ashx?id=2303843&use=l&cat=p&typeid=i","cat":285158},{"id":98813,"n":"Dentifrice Parodontax Soin blancheur - 75ml","p":3.55,"u":"47,33 €/L","img":"https://fd13-photos.leclercdrive.fr/image.ashx?id=2606391&use=l&cat=p&typeid=i","cat":284612},{"id":98822,"n":"Purée fruit bébé Blédina 6 mois Pomme kiwi ananas - 4x100g","p":1.77,"u":"4,43 €/KG","img":"https://fd13-photos.leclercdrive.fr/image.ashx?id=2983030&use=l&cat=p&typeid=i","cat":312388},{"id":98827,"n":"Cube néon rose Post-it 325 feuilles 76mmx76mm","p":3.56,"img":"https://fd13-photos.leclercdrive.fr/image.ashx?id=2850150&use=l&cat=p&typeid=i","cat":334133},{"id":98828,"n":"Purée fruit bébé Blédina 6 mois Pomme poire mandarine - 4x100g","p":1.61,"u":"4,03 €/KG","img":"https://fd13-photos.leclercdrive.fr/image.ashx?id=2983033&use=l&cat=p&typeid=i","cat":312388},{"id":98831,"n":"Purée fruit bébé Blédina 6 mois Harmonie de fruits - 4x100g","p":1.78,"u":"4,45 €/KG","img":"https://fd13-photos.leclercdrive.fr/image.ashx?id=2983036&use=l&cat=p&typeid=i","cat":312388},{"id":98834,"n":"Purée fruit bébé Blédina 6 mois Pomme mangue passion - 4x100g","p":1.7,"u":"4,25 €/KG","img":"https://fd13-photos.leclercdrive.fr/image.ashx?id=2983039&use=l&cat=p&typeid=i","cat":312388},{"id":98872,"n":"Boisson Thé Glacé FuzeTea Mangue Camomille - 1,25L","p":1.63,"u":"1,30 €/L","img":"https://fd13-photos.leclercdrive.fr/image.ashx?id=2997220&use=l&cat=p&typeid=i","cat":295019},{"id":98875,"n":"Thé glacé Fuze Tea  Pêche Hibiscus - 1,25L","p":1.66,"u":"1,33 €/L","img":"https://fd13-photos.leclercdrive.fr/image.ashx?id=2940393&use=l&cat=p&typeid=i","cat":295019},{"id":98899,"n":"Pétillant Cava Revesco brut Espagne - 75cl","p":5.22,"u":"6,96 €/L","img":"https://fd13-photos.leclercdrive.fr/image.ashx?id=2019834&use=l&cat=p&typeid=i","cat":289461},{"id":98937,"n":"Gel douche Monsavon Amande très douce - 2x300ml","p":3.5,"u":"5,83 €/L","img":"https://fd13-photos.leclercdrive.fr/image.ashx?id=2614654&use=l&cat=p&typeid=i","cat":284594},{"id":99045,"n":"Ravioli bio au blé complet Rana Épinards, Ricotta - 250g","p":2.96,"u":"11,84 €/KG","img":"https://fd13-photos.leclercdrive.fr/image.ashx?id=2439878&use=l&cat=p&typeid=i","cat":333682},{"id":99197,"n":"Sauce froide Suzi Wan Aigre douce Pimentée - 350g","p":2.05,"u":"5,86 €/KG","img":"https://fd13-photos.leclercdrive.fr/image.ashx?id=2429902&use=l&cat=p&typeid=i","cat":288992},{"id":99198,"n":"Nouilles japonaises Tanoshi Saveur porc Tonkotsu - 2x65g","p":2.87,"u":"22,08 €/KG","img":"https://fd13-photos.leclercdrive.fr/image.ashx?id=1627161&use=l&cat=p&typeid=i","cat":288992},{"id":99200,"n":"Nouilles japonaises Tanoshi Saveur Poulet Shiitake - 2x65g","p":2.62,"u":"20,15 €/KG","img":"https://fd13-photos.leclercdrive.fr/image.ashx?id=2922992&use=l&cat=p&typeid=i","cat":288992},{"id":99216,"n":"Beurre Elle&Vire Condé sur Vire Doux - 82% MG - 250g","p":2.96,"u":"11,84 €/KG","img":"https://fd13-photos.leclercdrive.fr/image.ashx?id=2811131&use=l&cat=p&typeid=i","cat":284379},{"id":99248,"n":"Bouillon Kub Or Maggi 32 cubes - 128g","p":1.21,"u":"9,45 €/KG","img":"https://fd13-photos.leclercdrive.fr/image.ashx?id=2692737&use=l&cat=p&typeid=i","cat":288379},{"id":99417,"n":"Lait nettoyant Love & Green Bio Sans parfum - 500ml","p":6.8,"u":"13,60 €/L","img":"https://fd13-photos.leclercdrive.fr/image.ashx?id=2696016&use=l&cat=p&typeid=i","cat":284741},{"id":99502,"n":"Calmars à l'encre L'origine du goût - 115g","p":4.6,"u":"40,00 €/KG","img":"https://fd13-photos.leclercdrive.fr/image.ashx?id=1670012&use=l&cat=p&typeid=i","cat":285340},{"id":99503,"n":"Huile d'olive L'Origine du Goût Vierge Extra Picual - 50cl","p":9.49,"u":"18,98 €/L","img":"https://fd13-photos.leclercdrive.fr/image.ashx?id=1632767&use=l&cat=p&typeid=i","cat":284453},{"id":99508,"n":"Piles Duracell CR2032 Lithium 3V - x4","p":3.91,"u":"0,98 €/P","img":"https://fd13-photos.leclercdrive.fr/image.ashx?id=3003405&use=l&cat=p&typeid=i","cat":300572},{"id":99547,"n":"Haricots rouge Bio Village Bio - 205g","p":2.31,"u":"11,27 €/KG","img":"https://fd13-photos.leclercdrive.fr/image.ashx?id=1947761&use=l&cat=p&typeid=i","cat":312606},{"id":99553,"n":"Pois chiche Bio VIllage Bio - 215g","p":2.1,"u":"9,77 €/KG","img":"https://fd13-photos.leclercdrive.fr/image.ashx?id=3002683&use=l&cat=p&typeid=i","cat":312609},{"id":99562,"n":"Haricots verts Eco  Très fins - 440g","p":1.02,"u":"2,32 €/KG","img":"https://fd13-photos.leclercdrive.fr/image.ashx?id=2302955&use=l&cat=p&typeid=i","cat":312606},{"id":99570,"n":"Ratatouille Eco+ 750g","p":1.08,"u":"1,44 €/KG","img":"https://fd13-photos.leclercdrive.fr/image.ashx?id=2703446&use=l&cat=p&typeid=i","cat":312612},{"id":99574,"n":"Poêlée savoyarde  900g","p":4.06,"u":"4,51 €/KG","img":"https://fd13-photos.leclercdrive.fr/image.ashx?id=2478931&use=l&cat=p&typeid=i","cat":319823},{"id":99587,"n":"Spécialité au soja Nat&Vie Pistache - 4x100g","p":1.41,"u":"3,53 €/KG","img":"https://fd13-photos.leclercdrive.fr/image.ashx?id=2852103&use=l&cat=p&typeid=i","cat":316071},{"id":99696,"n":"Rouge à lèvres Ultra HD Revlon Matte 655 Kisses","p":9.6,"img":"https://fd13-photos.leclercdrive.fr/image.ashx?id=1675287&use=l&cat=p&typeid=i","cat":287029},{"id":99700,"n":"Cotons Démaquillants Demak'Up Expert - 6x70 disques","p":6.1,"u":"0,01 €/P","img":"https://fd13-photos.leclercdrive.fr/image.ashx?id=2844415&use=l&cat=p&typeid=i","cat":284636},{"id":99734,"n":"Capsules café L'Or Espresso Or Absolu N°9 x20","p":7.43,"u":"71,44 €/KG","img":"https://fd13-photos.leclercdrive.fr/image.ashx?id=2859971&use=l&cat=p&typeid=i","cat":284749},{"id":99758,"n":"Complément alimentaire Biosens Kilos tenaces bio - 500ml","p":8.78,"u":"17,56 €/L","img":"https://fd13-photos.leclercdrive.fr/image.ashx?id=2925409&use=l&cat=p&typeid=i","cat":284632},{"id":99760,"n":"Complément alimentaire Biosens Détox universel bio - 500ml","p":8.61,"u":"17,22 €/L","img":"https://fd13-photos.leclercdrive.fr/image.ashx?id=2864573&use=l&cat=p&typeid=i","cat":284632},{"id":99761,"n":"Complément alimentaire Biosens Express draineur bio - 500ml","p":8.56,"u":"17,12 €/L","img":"https://fd13-photos.leclercdrive.fr/image.ashx?id=2963196&use=l&cat=p&typeid=i","cat":284632},{"id":99762,"n":"Complément alimentaire Biosens Bio Perte de poids - 28g","p":6.26,"u":"223,57 €/KG","img":"https://fd13-photos.leclercdrive.fr/image.ashx?id=2190590&use=l&cat=p&typeid=i","cat":284632},{"id":99774,"n":"Biscuits sablés Granola Chocolat noir - 195g","p":1.67,"u":"8,56 €/KG","img":"https://fd13-photos.leclercdrive.fr/image.ashx?id=2982979&use=l&cat=p&typeid=i","cat":284488},{"id":99788,"n":"Capsules café L'Or Espresso Lungo Profondo N°8 x20","p":6.59,"u":"63,37 €/KG","img":"https://fd13-photos.leclercdrive.fr/image.ashx?id=3005796&use=l&cat=p&typeid=i","cat":284749},{"id":99806,"n":"Complément alimentaire Biosens Bio Circulation tonique x45 22g","p":6.59,"u":"299,55 €/KG","img":"https://fd13-photos.leclercdrive.fr/image.ashx?id=2190593&use=l&cat=p&typeid=i","cat":284632},{"id":99813,"n":"Complément alimentaire Biosens Bio super curcuma - 18g","p":6.57,"u":"298,64 €/KG","img":"https://fd13-photos.leclercdrive.fr/image.ashx?id=2190599&use=l&cat=p&typeid=i","cat":284632},{"id":99850,"n":"Mouliné légumes La Potagère De nos campagne - Bio - 2x30cl","p":2.39,"u":"3,98 €/L","img":"https://fd13-photos.leclercdrive.fr/image.ashx?id=2927402&use=l&cat=p&typeid=i","cat":284462},{"id":99851,"n":"Velouté légumes La Potagère De nos campagne - Bio - 2x30cl","p":2.52,"u":"4,20 €/L","img":"https://fd13-photos.leclercdrive.fr/image.ashx?id=2927405&use=l&cat=p&typeid=i","cat":284462},{"id":99905,"n":"Biscuits Petit Ecolier LU Chocolat blanc - 150g","p":1.72,"u":"11,47 €/KG","img":"https://fd13-photos.leclercdrive.fr/image.ashx?id=2346678&use=l&cat=p&typeid=i","cat":284488},{"id":99965,"n":"Biscuit speculoos Lotus Biscoff 750g (6x125g)","p":4.09,"u":"5,45 €/KG","img":"https://fd13-photos.leclercdrive.fr/image.ashx?id=2693818&use=l&cat=p&typeid=i","cat":284487},{"id":99975,"n":"Vodka Zubrowka Bison grass - 37.5%vol - 70cl","p":16.12,"u":"23,03 €/L","img":"https://fd13-photos.leclercdrive.fr/image.ashx?id=2879820&use=l&cat=p&typeid=i","cat":284550},{"id":100220,"n":"Gnocchi à poêler Lustucru Extra Raclette - 280g","p":2.56,"u":"9,14 €/KG","img":"https://fd13-photos.leclercdrive.fr/image.ashx?id=2786177&use=l&cat=p&typeid=i","cat":333682},{"id":100250,"n":"Yaourt nature sucré Kit-Kat Billes chocolat - 4x115g","p":2.91,"u":"6,33 €/KG","img":"https://fd13-photos.leclercdrive.fr/image.ashx?id=2875954&use=l&cat=p&typeid=i","cat":284414},{"id":100322,"n":"Plumeau antistatique 1 pièce","p":4.29,"img":"https://fd13-photos.leclercdrive.fr/image.ashx?id=2083972&use=l&cat=p&typeid=i","cat":325364},{"id":100352,"n":"Poudre fondante L'Oréal Paris Accord Parfait 2R Vanille rosé","p":12.72,"img":"https://fd13-photos.leclercdrive.fr/image.ashx?id=2395547&use=l&cat=p&typeid=i","cat":287029},{"id":100485,"n":"Chocolat noir Bio Village Bio Dégustation 85% cacao 100g","p":1.87,"u":"18,70 €/KG","img":"https://fd13-photos.leclercdrive.fr/image.ashx?id=1957009&use=l&cat=p&typeid=i","cat":284956},{"id":100493,"n":"Gommes Maped Technic 600 Premium - x2","p":0.97,"u":"0,49 €/P","img":"https://fd13-photos.leclercdrive.fr/image.ashx?id=2384247&use=l&cat=p&typeid=i","cat":334133},{"id":100547,"n":"Gommes triplex Maped 1 gomme dessin +1 gomme duo-gom","p":1.25,"img":"https://fd13-photos.leclercdrive.fr/image.ashx?id=2450676&use=l&cat=p&typeid=i","cat":334133},{"id":100595,"n":"Papier toilette Uni Vert Blanc 3 plis recyclés - x6","p":2.34,"u":"0,39 €/P","img":"https://fd13-photos.leclercdrive.fr/image.ashx?id=1957105&use=l&cat=p&typeid=i","cat":284634},{"id":100596,"n":"Petits pois fins Bio Village Bio - 230g","p":1.81,"u":"7,87 €/KG","img":"https://fd13-photos.leclercdrive.fr/image.ashx?id=3002689&use=l&cat=p&typeid=i","cat":312607},{"id":100604,"n":"Pur jus Bio Village Pomme mangue Bio - 1L","p":3.75,"u":"3,75 €/L","img":"https://fd13-photos.leclercdrive.fr/image.ashx?id=2901551&use=l&cat=p&typeid=i","cat":284917},{"id":100618,"n":"Pur jus Bio Village Bio Pomme poire - 1L","p":4.17,"u":"4,17 €/L","img":"https://fd13-photos.leclercdrive.fr/image.ashx?id=2901554&use=l&cat=p&typeid=i","cat":284522},{"id":100673,"n":"Soda Coca-Cola sans sucres Bouteilles - 6x1L","p":7.59,"u":"1,27 €/L","img":"https://fd13-photos.leclercdrive.fr/image.ashx?id=2178352&use=l&cat=p&typeid=i","cat":284530},{"id":100705,"n":"Tartine Petit dejeuner Jacquet 410g","p":1.55,"u":"3,78 €/KG","img":"https://fd13-photos.leclercdrive.fr/image.ashx?id=2991855&use=l&cat=p&typeid=i","cat":284477},{"id":100719,"n":"Marqueurs Sharpie Fine Noir - x2","p":2.01,"img":"https://fd13-photos.leclercdrive.fr/image.ashx?id=2508735&use=l&cat=p&typeid=i","cat":284696},{"id":100725,"n":"Pain de mie La Boulangère Toastiligne Aux céréales - 500g","p":1.53,"u":"3,06 €/KG","img":"https://fd13-photos.leclercdrive.fr/image.ashx?id=2912401&use=l&cat=p&typeid=i","cat":284477},{"id":100788,"n":"Tresse jambon fromage Sapresti - 2x120g","p":3.44,"u":"14,33 €/KG","img":"https://fd13-photos.leclercdrive.fr/image.ashx?id=2597160&use=l&cat=p&typeid=i","cat":333671},{"id":100790,"n":"Kit fajitas Old El Paso tomates poivrons - 500g","p":5.34,"u":"10,68 €/KG","img":"https://fd13-photos.leclercdrive.fr/image.ashx?id=2764628&use=l&cat=p&typeid=i","cat":288993},{"id":100792,"n":"Wraps Old El Paso de blé complet x6 - 350g","p":2.88,"u":"8,23 €/KG","img":"https://fd13-photos.leclercdrive.fr/image.ashx?id=2940573&use=l&cat=p&typeid=i","cat":288993},{"id":100817,"n":"Marqueurs Sharpie Fine Noir, Bleu, Rouge, Vert x4","p":3.58,"img":"https://fd13-photos.leclercdrive.fr/image.ashx?id=1870501&use=l&cat=p&typeid=i","cat":284696},{"id":100979,"n":"Chocolat au lait Lindt Création Le Rocher lait - 150g","p":3.35,"u":"22,33 €/KG","img":"https://fd13-photos.leclercdrive.fr/image.ashx?id=2685805&use=l&cat=p&typeid=i","cat":284497},{"id":100981,"n":"Courgettes Cuisinées Cassegrain à la Provençale 375g","p":3.02,"u":"8,05 €/KG","img":"https://fd13-photos.leclercdrive.fr/image.ashx?id=2977951&use=l&cat=p&typeid=i","cat":312612},{"id":100989,"n":"Céréales Trésor de Kellogg's Choco Roulette - 620g","p":4.5,"u":"7,26 €/KG","img":"https://fd13-photos.leclercdrive.fr/image.ashx?id=2598337&use=l&cat=p&typeid=i","cat":309513},{"id":100991,"n":"Céréales Trésor de Kellogg's Chocolat Noisettes - 410g","p":2.97,"u":"7,24 €/KG","img":"https://fd13-photos.leclercdrive.fr/image.ashx?id=2584238&use=l&cat=p&typeid=i","cat":309513},{"id":101056,"n":"Adoucissant concentré Hyperdou Rosée du matin - 750ml","p":1.99,"u":"2,65 €/L","img":"https://fd13-photos.leclercdrive.fr/image.ashx?id=2602910&use=l&cat=p&typeid=i","cat":284650},{"id":101058,"n":"Adoucissant concentré Hyperdou Passion tropicale - 750ml","p":1.99,"u":"2,65 €/L","img":"https://fd13-photos.leclercdrive.fr/image.ashx?id=2683565&use=l&cat=p&typeid=i","cat":284650},{"id":101059,"n":"Adoucissant concentré Hyperdou Couché soleil - 750ml","p":1.99,"u":"2,65 €/L","img":"https://fd13-photos.leclercdrive.fr/image.ashx?id=2602943&use=l&cat=p&typeid=i","cat":284650},{"id":101078,"n":"Crème glacée Ben&Jerry's Fan favourites - 4x100ml","p":6.24,"u":"15,60 €/L","img":"https://fd13-photos.leclercdrive.fr/image.ashx?id=3009275&use=l&cat=p&typeid=i","cat":284725},{"id":101080,"n":"Pot crème glacée Ben& Jerry's Cookie/Brownie 4 x 100ml","p":6.16,"u":"15,40 €/L","img":"https://fd13-photos.leclercdrive.fr/image.ashx?id=2657012&use=l&cat=p&typeid=i","cat":284725},{"id":101115,"n":"Céréales Trésor de Kellogg's Chocolat au Lait - 410g","p":2.95,"u":"7,20 €/KG","img":"https://fd13-photos.leclercdrive.fr/image.ashx?id=2584241&use=l&cat=p&typeid=i","cat":309513},{"id":101126,"n":"Bière blonde Grimbergen Pale Ale 5,5° - 6x25cl","p":5.35,"u":"3,57 €/L","img":"https://fd13-photos.leclercdrive.fr/image.ashx?id=2312801&use=l&cat=p&typeid=i","cat":334852},{"id":101231,"n":"Le Gourmand Garden Gourmet Soja, Poivre et Persil 160g","p":2.57,"u":"16,06 €/KG","img":"https://fd13-photos.leclercdrive.fr/image.ashx?id=2988683&use=l&cat=p&typeid=i","cat":316036},{"id":101288,"n":"Mousse végétal Andros Chocolat - 4x55g","p":3.01,"u":"13,68 €/KG","img":"https://fd13-photos.leclercdrive.fr/image.ashx?id=2963433&use=l&cat=p&typeid=i","cat":316071},{"id":101312,"n":"Serviettes Kraft Homeside 40x40cm - x20","p":2.65,"u":"0,13 €/P","img":"https://fd13-photos.leclercdrive.fr/image.ashx?id=1664429&use=l&cat=p&typeid=i","cat":334134},{"id":101314,"n":"Serviettes kraft Homeside 12x12cm - x50","p":1.99,"u":"0,04 €/P","img":"https://fd13-photos.leclercdrive.fr/image.ashx?id=2411674&use=l&cat=p&typeid=i","cat":334134},{"id":101327,"n":"Yaourt à boire actimel nature 0%mg - 12x100g","p":4.66,"u":"3,88 €/KG","img":"https://fd13-photos.leclercdrive.fr/image.ashx?id=2996479&use=l&cat=p&typeid=i","cat":284415},{"id":101338,"n":"Chiffonnade jambon cru italien  Negroni - 85g","p":4.28,"u":"50,35 €/KG","img":"https://fd13-photos.leclercdrive.fr/image.ashx?id=2025182&use=l&cat=p&typeid=i","cat":316007},{"id":101348,"n":"Barres Chocolatées KINDER BUENO  Chocolat au Lait x12 - 516g","p":8.35,"u":"16,18 €/KG","img":"https://fd13-photos.leclercdrive.fr/image.ashx?id=2402946&use=l&cat=p&typeid=i","cat":284498},{"id":101349,"n":"Crème dessert Danette Vanille - 6x125g","p":1.93,"u":"2,57 €/KG","img":"https://fd13-photos.leclercdrive.fr/image.ashx?id=2923498&use=l&cat=p&typeid=i","cat":285041},{"id":101350,"n":"liégeois vanille danette - 4x100g","p":1.48,"u":"3,70 €/KG","img":"https://fd13-photos.leclercdrive.fr/image.ashx?id=2907848&use=l&cat=p&typeid=i","cat":285042},{"id":101352,"n":"Crème dessert Danette  Chocolat - 6x125g","p":1.88,"u":"2,51 €/KG","img":"https://fd13-photos.leclercdrive.fr/image.ashx?id=2915395&use=l&cat=p&typeid=i","cat":285041},{"id":101362,"n":"Sauce aïoli La Sablaise 135g","p":2.4,"u":"17,78 €/KG","img":"https://fd13-photos.leclercdrive.fr/image.ashx?id=2629037&use=l&cat=p&typeid=i","cat":315999},{"id":101415,"n":"Couteaux en bois Homeside x20","p":1.38,"u":"0,07 €/P","img":"https://fd13-photos.leclercdrive.fr/image.ashx?id=1663736&use=l&cat=p&typeid=i","cat":334134},{"id":101416,"n":"Fourchettes en bois Homeside x20","p":1.38,"u":"0,07 €/P","img":"https://fd13-photos.leclercdrive.fr/image.ashx?id=1663733&use=l&cat=p&typeid=i","cat":334134},{"id":101418,"n":"Cuillères en bois Homeside x20","p":1.38,"u":"0,07 €/P","img":"https://fd13-photos.leclercdrive.fr/image.ashx?id=1663730&use=l&cat=p&typeid=i","cat":334134},{"id":101426,"n":"Serviettes 3 plis Homeside noires - 40cm - x20","p":1.39,"u":"0,07 €/P","img":"https://fd13-photos.leclercdrive.fr/image.ashx?id=1660205&use=l&cat=p&typeid=i","cat":334134},{"id":101428,"n":"Serviettes 3 plis Homeside Noires - 33cm - x50","p":1.99,"u":"0,04 €/P","img":"https://fd13-photos.leclercdrive.fr/image.ashx?id=1659762&use=l&cat=p&typeid=i","cat":334134},{"id":101431,"n":"Plateau doré  33x43cm - x2","p":3.9,"u":"1,95 €/P","img":"https://fd13-photos.leclercdrive.fr/image.ashx?id=2940552&use=l&cat=p&typeid=i","cat":334134},{"id":101432,"n":"Plateaux dorés 34cm - x2","p":3.5,"u":"1,75 €/P","img":"https://fd13-photos.leclercdrive.fr/image.ashx?id=2940549&use=l&cat=p&typeid=i","cat":334134},{"id":101456,"n":"Barres Chocolatées KINDER Maxi Chocolat au Lait x18 - 378g","p":5.27,"u":"13,94 €/KG","img":"https://fd13-photos.leclercdrive.fr/image.ashx?id=2673854&use=l&cat=p&typeid=i","cat":284498},{"id":101460,"n":"Ménagère réutillisable Homeside rouge - 18 couverts","p":2.9,"u":"0,16 €/P","img":"https://fd13-photos.leclercdrive.fr/image.ashx?id=1660498&use=l&cat=p&typeid=i","cat":334134},{"id":101461,"n":"Pâtes Collezione Barilla Fusilli Bucati Corti - 500g","p":1.55,"u":"3,10 €/KG","img":"https://fd13-photos.leclercdrive.fr/image.ashx?id=2991003&use=l&cat=p&typeid=i","cat":284427},{"id":101462,"n":"Ménagère réutilisable Homeside Anis - 18 couverts","p":2.9,"u":"0,16 €/P","img":"https://fd13-photos.leclercdrive.fr/image.ashx?id=1660495&use=l&cat=p&typeid=i","cat":334134},{"id":101465,"n":"Ménagère réutilisable Homeside Turquoise - 18 couverts","p":2.9,"u":"0,16 €/P","img":"https://fd13-photos.leclercdrive.fr/image.ashx?id=1660492&use=l&cat=p&typeid=i","cat":334134},{"id":101467,"n":"Nappe damassée Homeside Noire - 7m","p":2.96,"img":"https://fd13-photos.leclercdrive.fr/image.ashx?id=1659759&use=l&cat=p&typeid=i","cat":334134},{"id":101473,"n":"Petit Pois, Carotte Cassegrain Tendre et Fondant 265g","p":1.84,"u":"6,94 €/KG","img":"https://fd13-photos.leclercdrive.fr/image.ashx?id=2951692&use=l&cat=p&typeid=i","cat":312607},{"id":101483,"n":"Tablette chocolat Côte d'Or Chocolat noir 70% - 100g","p":1.82,"u":"18,20 €/KG","img":"https://fd13-photos.leclercdrive.fr/image.ashx?id=2985591&use=l&cat=p&typeid=i","cat":284956},{"id":101497,"n":"Porte-mines Matic Fun Bic HB 0.7mm - Pochette de 10","p":2.7,"img":"https://fd13-photos.leclercdrive.fr/image.ashx?id=2749931&use=l&cat=p&typeid=i","cat":284696},{"id":101502,"n":"Crème dessert Danette Vanille - 4x125g","p":1.51,"u":"3,02 €/KG","img":"https://fd13-photos.leclercdrive.fr/image.ashx?id=2029487&use=l&cat=p&typeid=i","cat":285041},{"id":101505,"n":"Jus de pruneaux Bio Village Bio - 1L","p":3.99,"u":"3,99 €/L","img":"https://fd13-photos.leclercdrive.fr/image.ashx?id=2901560&use=l&cat=p&typeid=i","cat":284915},{"id":101506,"n":"Boisson Cranberry  Bio Village   Bio - 1L","p":3.55,"u":"3,55 €/L","img":"https://fd13-photos.leclercdrive.fr/image.ashx?id=2958774&use=l&cat=p&typeid=i","cat":284915},{"id":101553,"n":"Coeur de laitue  Les Crudettes - 300g","p":2.35,"u":"7,83 €/KG","img":"https://fd13-photos.leclercdrive.fr/image.ashx?id=2285489&use=l&cat=p&typeid=i","cat":284353},{"id":101580,"n":"Banane Bio Max Havelaar  Bio Village x5","p":1.99,"u":"0,40 €/P","img":"https://fd13-photos.leclercdrive.fr/image.ashx?id=2323988&use=l&cat=p&typeid=i","cat":284356},{"id":101629,"n":"Pur jus clémentine Bio Village Bio - 1L","p":2.99,"u":"2,99 €/L","img":"https://fd13-photos.leclercdrive.fr/image.ashx?id=2901548&use=l&cat=p&typeid=i","cat":284915},{"id":101666,"n":"Flacon doseur 0,5L","p":1.75,"u":"3,50 €/L","img":"https://fd13-photos.leclercdrive.fr/image.ashx?id=2864885&use=l&cat=p&typeid=i","cat":334135},{"id":101667,"n":"Soupe liquide Bio Liebig  Mouliné de Légumes Verts - 1L","p":2.83,"u":"2,83 €/L","img":"https://fd13-photos.leclercdrive.fr/image.ashx?id=2643686&use=l&cat=p&typeid=i","cat":284462},{"id":101688,"n":"Gel concentré vaisselle UniVert Citron - 685ml","p":5.13,"u":"7,49 €/L","img":"https://fd13-photos.leclercdrive.fr/image.ashx?id=2598003&use=l&cat=p&typeid=i","cat":284655},{"id":101695,"n":"crème dessert chocolat danette - 8x125g","p":2.89,"u":"2,89 €/KG","img":"https://fd13-photos.leclercdrive.fr/image.ashx?id=2949841&use=l&cat=p&typeid=i","cat":285041},{"id":101696,"n":"crème dessert caramel danette - 4x125g","p":1.55,"u":"3,10 €/KG","img":"https://fd13-photos.leclercdrive.fr/image.ashx?id=2926236&use=l&cat=p&typeid=i","cat":285041},{"id":101697,"n":"crème dessert chocolat noisette danette - 4x125g","p":1.64,"u":"3,28 €/KG","img":"https://fd13-photos.leclercdrive.fr/image.ashx?id=2902630&use=l&cat=p&typeid=i","cat":285041},{"id":101699,"n":"crème dessert pistache danette - 4x125g","p":1.69,"u":"3,38 €/KG","img":"https://fd13-photos.leclercdrive.fr/image.ashx?id=1984885&use=l&cat=p&typeid=i","cat":285041},{"id":101701,"n":"crème dessert chocolat caramel vanille danette - 12x115g","p":3.51,"u":"2,54 €/KG","img":"https://fd13-photos.leclercdrive.fr/image.ashx?id=2949844&use=l&cat=p&typeid=i","cat":285041},{"id":101702,"n":"Crème dessert Danette Caramel - 6x125g","p":2.4,"u":"3,20 €/KG","img":"https://fd13-photos.leclercdrive.fr/image.ashx?id=2915398&use=l&cat=p&typeid=i","cat":285041},{"id":101707,"n":"crème dessert chocolat danette - 4x125g","p":1.51,"u":"3,02 €/KG","img":"https://fd13-photos.leclercdrive.fr/image.ashx?id=2927291&use=l&cat=p&typeid=i","cat":285041},{"id":101708,"n":"liégeois chocolat danette - 8x100g","p":2.96,"u":"3,70 €/KG","img":"https://fd13-photos.leclercdrive.fr/image.ashx?id=1984897&use=l&cat=p&typeid=i","cat":285042},{"id":101709,"n":"liégeois chocolat vanille danette - 8x100g","p":2.88,"u":"3,60 €/KG","img":"https://fd13-photos.leclercdrive.fr/image.ashx?id=2926245&use=l&cat=p&typeid=i","cat":285042},{"id":101710,"n":"crème dessert chocolat noir danette - 4x125g","p":1.61,"u":"3,22 €/KG","img":"https://fd13-photos.leclercdrive.fr/image.ashx?id=2927294&use=l&cat=p&typeid=i","cat":285041},{"id":101711,"n":"Crème dessert Danette Chocolat Vanille - 12x115g","p":3.66,"u":"2,65 €/KG","img":"https://fd13-photos.leclercdrive.fr/image.ashx?id=2228528&use=l&cat=p&typeid=i","cat":285041},{"id":101712,"n":"crème dessert 3 chocolats danette - 12x115g","p":3.72,"u":"2,70 €/KG","img":"https://fd13-photos.leclercdrive.fr/image.ashx?id=2949847&use=l&cat=p&typeid=i","cat":285041},{"id":101780,"n":"20 stylos-bille cristal Bic Assortis - 1 pièce","p":2.84,"img":"https://fd13-photos.leclercdrive.fr/image.ashx?id=2228567&use=l&cat=p&typeid=i","cat":284696},{"id":101884,"n":"Moule 9 muffins En silicone renforcé x1","p":7.5,"img":"https://fd13-photos.leclercdrive.fr/image.ashx?id=1943295&use=l&cat=p&typeid=i","cat":298490},{"id":101887,"n":"Moule à cake en silicone renforcé - 24cm -x1","p":7.5,"img":"https://fd13-photos.leclercdrive.fr/image.ashx?id=1864536&use=l&cat=p&typeid=i","cat":298490},{"id":101890,"n":"Shaker Curver x1","p":3.9,"img":"https://fd13-photos.leclercdrive.fr/image.ashx?id=2666815&use=l&cat=p&typeid=i","cat":334135},{"id":102002,"n":"Pain au seigle Bio Village Bio - Complet - 500g","p":1.9,"u":"3,80 €/KG","img":"https://fd13-photos.leclercdrive.fr/image.ashx?id=2049097&use=l&cat=p&typeid=i","cat":325069},{"id":102063,"n":"Arachide coque grillée Sun 1kg","p":6.96,"u":"6,96 €/KG","img":"https://fd13-photos.leclercdrive.fr/image.ashx?id=2387474&use=l&cat=p&typeid=i","cat":284357},{"id":102077,"n":"Champignons de Paris bruns bio Bio Village - Barquette 200g","p":2.49,"u":"12,45 €/KG","img":"https://fd13-photos.leclercdrive.fr/image.ashx?id=2960559&use=l&cat=p&typeid=i","cat":284352},{"id":102094,"n":"Tablette de chocolat noir Lindt Noir : 78% cacao - 2x100g","p":5.08,"u":"25,40 €/KG","img":"https://fd13-photos.leclercdrive.fr/image.ashx?id=2214744&use=l&cat=p&typeid=i","cat":284956},{"id":102267,"n":"Glace à l'eau Pirulo mix Assortiment x 6 - 300 g","p":2.8,"u":"9,33 €/KG","img":"https://fd13-photos.leclercdrive.fr/image.ashx?id=2732953&use=l&cat=p&typeid=i","cat":285250},{"id":102268,"n":"Gomme plast-office Bic 1 pièce","p":0.85,"img":"https://fd13-photos.leclercdrive.fr/image.ashx?id=2239432&use=l&cat=p&typeid=i","cat":334133},{"id":102374,"n":"Bière sans alcool Tourtel Twist Cerise 0,0° - 6x27,5cl","p":4.62,"u":"2,80 €/L","img":"https://fd13-photos.leclercdrive.fr/image.ashx?id=2688803&use=l&cat=p&typeid=i","cat":334877},{"id":102384,"n":"Porte-mines Matic Bic Fun - x5","p":4.26,"img":"https://fd13-photos.leclercdrive.fr/image.ashx?id=2318459&use=l&cat=p&typeid=i","cat":284696},{"id":102480,"n":"Petits Suisses Gervais 9,5%MG - 12x60g","p":2.43,"u":"3,38 €/KG","img":"https://fd13-photos.leclercdrive.fr/image.ashx?id=2230381&use=l&cat=p&typeid=i","cat":284409},{"id":102667,"n":"Haricots verts D'Aucy Extra fin - 58cl - 280g","p":2.94,"u":"10,50 €/KG","img":"https://fd13-photos.leclercdrive.fr/image.ashx?id=2110005&use=l&cat=p&typeid=i","cat":312606},{"id":102669,"n":"Capsules café L'Or Espresso Or Rose N°7 x10","p":3.68,"u":"70,77 €/KG","img":"https://fd13-photos.leclercdrive.fr/image.ashx?id=2100290&use=l&cat=p&typeid=i","cat":284749},{"id":102676,"n":"Capsules café L'Or Barista Double Espresso N°7 x10","p":4.85,"u":"46,63 €/KG","img":"https://fd13-photos.leclercdrive.fr/image.ashx?id=1742978&use=l&cat=p&typeid=i","cat":284749},{"id":102686,"n":"Capsules café L'Or Barista Double Espresso N°11 x10","p":4.9,"u":"47,12 €/KG","img":"https://fd13-photos.leclercdrive.fr/image.ashx?id=2857908&use=l&cat=p&typeid=i","cat":284749},{"id":102695,"n":"Friandises chien Pedigree Ranchos original bœuf - 70g","p":2.55,"u":"36,43 €/KG","img":"https://fd13-photos.leclercdrive.fr/image.ashx?id=2897279&use=l&cat=p&typeid=i","cat":294527},{"id":102699,"n":"Billes chocolatées Lindt Crispy céréales soufflées - 140g","p":2.69,"u":"19,21 €/KG","img":"https://fd13-photos.leclercdrive.fr/image.ashx?id=2425083&use=l&cat=p&typeid=i","cat":304238},{"id":102819,"n":"Panaché Falsbourg Grenadine <0,5% - 20x25cl","p":5.99,"u":"1,20 €/L","img":"https://fd13-photos.leclercdrive.fr/image.ashx?id=2637964&use=l&cat=p&typeid=i","cat":334877},{"id":102829,"n":"Bandeaux Copains Copines Colorés - 200g","p":1.13,"u":"5,65 €/KG","img":"https://fd13-photos.leclercdrive.fr/image.ashx?id=1905512&use=l&cat=p&typeid=i","cat":304250},{"id":103027,"n":"AOC Bordeaux Supérieur rouge Haussmann Baron Eugène - 75cl","p":5.1,"pp":3.57,"u":"4,76 €/L","img":"https://fd13-photos.leclercdrive.fr/image.ashx?id=1663474&use=l&cat=p&typeid=i","cat":289556},{"id":103030,"n":"World Mix Haribo Boîte bonbons - 750g","p":6.35,"u":"8,47 €/KG","img":"https://fd13-photos.leclercdrive.fr/image.ashx?id=2984913&use=l&cat=p&typeid=i","cat":304250},{"id":103032,"n":"Baguette viennoise  La Boulangère - x6 - 510g","p":2.3,"pp":1.61,"u":"3,16 €/KG","img":"https://fd13-photos.leclercdrive.fr/image.ashx?id=2912413&use=l&cat=p&typeid=i","cat":284985},{"id":103036,"n":"Pâte brisée Marie Pur beurre - 230g","p":1.37,"u":"5,96 €/KG","img":"https://fd13-photos.leclercdrive.fr/image.ashx?id=2318540&use=l&cat=p&typeid=i","cat":333681},{"id":103047,"n":"Nutella Biscuit pâte à tartiner Cacao Noisettes - 304g","p":2.93,"u":"9,64 €/KG","img":"https://fd13-photos.leclercdrive.fr/image.ashx?id=2896432&use=l&cat=p&typeid=i","cat":284488},{"id":103063,"n":"Paille Pik Haribo Sachet bonbons acidulés - 180g","p":1.68,"u":"9,33 €/KG","img":"https://fd13-photos.leclercdrive.fr/image.ashx?id=2984922&use=l&cat=p&typeid=i","cat":304250},{"id":103078,"n":"Cocobat Haribo Sachet bonbons réglisse - 300g","p":1.84,"u":"6,13 €/KG","img":"https://fd13-photos.leclercdrive.fr/image.ashx?id=2805231&use=l&cat=p&typeid=i","cat":304250},{"id":103093,"n":"Beurre gastronomique Président Doux - 82% MG - 225g","p":3.03,"u":"13,47 €/KG","img":"https://fd13-photos.leclercdrive.fr/image.ashx?id=2653417&use=l&cat=p&typeid=i","cat":284379},{"id":103094,"n":"Crème légère semi épaisse  Bridélice 18%mg - 2x25cl","p":2.75,"u":"5,50 €/L","img":"https://fd13-photos.leclercdrive.fr/image.ashx?id=2806156&use=l&cat=p&typeid=i","cat":284381},{"id":103131,"n":"Boisson lactée Danao Pêche Abricot - 1.35L","p":3.83,"u":"2,84 €/L","img":"https://fd13-photos.leclercdrive.fr/image.ashx?id=2638319&use=l&cat=p&typeid=i","cat":285435},{"id":103144,"n":"Bière blonde Bud 5% - 6x25cl","p":5.14,"u":"3,43 €/L","img":"https://fd13-photos.leclercdrive.fr/image.ashx?id=2481032&use=l&cat=p&typeid=i","cat":334873},{"id":103149,"n":"Bananes françaises 5 fruits","p":2.02,"img":"https://fd13-photos.leclercdrive.fr/image.ashx?id=1746143&use=l&cat=p&typeid=i","cat":284356},{"id":103150,"n":"Bière Rouge Kasteel 33cl","p":1.9,"u":"5,76 €/L","img":"https://fd13-photos.leclercdrive.fr/image.ashx?id=2433449&use=l&cat=p&typeid=i","cat":334872},{"id":103157,"n":"Rissolées Pom Bistro à la Graisse de Canard - 500g","p":3.79,"pp":2.65,"u":"5,30 €/KG","img":"https://fd13-photos.leclercdrive.fr/image.ashx?id=2866430&use=l&cat=p&typeid=i","cat":319792},{"id":103158,"n":"Tartine Grilletine de Pasquier Sans sucre ajouté - x18 - 255g","p":2.09,"u":"8,20 €/KG","img":"https://fd13-photos.leclercdrive.fr/image.ashx?id=2333057&use=l&cat=p&typeid=i","cat":284479},{"id":103183,"n":"Bières blonde Desperados Lime - 6x33cl","p":8.4,"u":"4,24 €/L","img":"https://fd13-photos.leclercdrive.fr/image.ashx?id=2638163&use=l&cat=p&typeid=i","cat":334878},{"id":103191,"n":"Bière sans alcool Tourtel Twist Pêche 0,0° - 6x27,5cl","p":4.46,"u":"2,70 €/L","img":"https://fd13-photos.leclercdrive.fr/image.ashx?id=2896564&use=l&cat=p&typeid=i","cat":334877},{"id":103269,"n":"Gaufres fourrées Lotus Coeur fondant vanille - 310g","p":2.75,"u":"8,87 €/KG","img":"https://fd13-photos.leclercdrive.fr/image.ashx?id=2695890&use=l&cat=p&typeid=i","cat":294777},{"id":103281,"n":"Bière Blonde Jade sans alcool Bio - 6x25cl","p":5.25,"u":"3,50 €/L","img":"https://fd13-photos.leclercdrive.fr/image.ashx?id=2970978&use=l&cat=p&typeid=i","cat":334877},{"id":103285,"n":"Poisson pané Findus Colin  Alaska Fish and Chips x4 - 400g","p":2.89,"u":"7,23 €/KG","img":"https://fd13-photos.leclercdrive.fr/image.ashx?id=2985348&use=l&cat=p&typeid=i","cat":319788},{"id":103304,"n":"Litière chats Tranquille L'hygiène - 2.7kg","p":5.3,"u":"1,96 €/KG","img":"https://fd13-photos.leclercdrive.fr/image.ashx?id=1849639&use=l&cat=p&typeid=i","cat":284683},{"id":103315,"n":"AOP Côtes de Provence rosé Château Reillanne - 75cl","p":6.9,"u":"9,20 €/L","img":"https://fd13-photos.leclercdrive.fr/image.ashx?id=2669487&use=l&cat=p&typeid=i","cat":289558},{"id":103381,"n":"Whisky Grant's  Triple wood 40%vol - 70cl","p":13.93,"u":"19,90 €/L","img":"https://fd13-photos.leclercdrive.fr/image.ashx?id=2866022&use=l&cat=p&typeid=i","cat":284547},{"id":103384,"n":"IGP Whisky Grant's  Triple wood - 40%vol - 1L","p":17.06,"u":"17,06 €/L","img":"https://fd13-photos.leclercdrive.fr/image.ashx?id=2917531&use=l&cat=p&typeid=i","cat":284547},{"id":103436,"n":"Wrap au blé nature Mission 370g","p":3.0,"u":"8,11 €/KG","img":"https://fd13-photos.leclercdrive.fr/image.ashx?id=2890499&use=l&cat=p&typeid=i","cat":288993},{"id":103437,"n":"Wrap multigrains Mission 370g","p":3.02,"u":"8,16 €/KG","img":"https://fd13-photos.leclercdrive.fr/image.ashx?id=2890505&use=l&cat=p&typeid=i","cat":288993},{"id":103453,"n":"Panaché Falsbourg Grenadine - <0,5% vol. - 6x25cl","p":2.71,"u":"1,81 €/L","img":"https://fd13-photos.leclercdrive.fr/image.ashx?id=2637961&use=l&cat=p&typeid=i","cat":334877},{"id":103470,"n":"Croquettes chat Purina One Poulet chat adulte - 450g","p":2.67,"u":"5,93 €/KG","img":"https://fd13-photos.leclercdrive.fr/image.ashx?id=2902265&use=l&cat=p&typeid=i","cat":284680},{"id":103499,"n":"Apéritif prêt à boire Martini Rossini 8° - 75cl","p":8.3,"u":"11,07 €/L","img":"https://fd13-photos.leclercdrive.fr/image.ashx?id=2866831&use=l&cat=p&typeid=i","cat":289461},{"id":103500,"n":"Panaché Falsbourg <0.5% vol. - 20x25cl","p":5.95,"u":"1,19 €/L","img":"https://fd13-photos.leclercdrive.fr/image.ashx?id=2637970&use=l&cat=p&typeid=i","cat":334877},{"id":103502,"n":"Bière blonde Abbaye Sant Erwann 6x25cl","p":5.7,"u":"3,80 €/L","img":"https://fd13-photos.leclercdrive.fr/image.ashx?id=2678065&use=l&cat=p&typeid=i","cat":334873},{"id":103503,"n":"Capsules Nescafé Dolce Gusto  Espresso Intenso - x16","p":4.66,"u":"41,61 €/KG","img":"https://fd13-photos.leclercdrive.fr/image.ashx?id=3009110&use=l&cat=p&typeid=i","cat":293239},{"id":103505,"n":"Barre de céréales Nature Valley Protéine chocolat x4-160g","p":2.61,"u":"16,31 €/KG","img":"https://fd13-photos.leclercdrive.fr/image.ashx?id=2657000&use=l&cat=p&typeid=i","cat":285869},{"id":103509,"n":"Yaourt à boire Yop Aromatisé Fraise - 825g","p":1.7,"u":"2,06 €/KG","img":"https://fd13-photos.leclercdrive.fr/image.ashx?id=2855564&use=l&cat=p&typeid=i","cat":284415},{"id":103561,"n":"Barre de céréales Nature Valley  Protéine caramel salé x4 - 160","p":2.85,"u":"17,81 €/KG","img":"https://fd13-photos.leclercdrive.fr/image.ashx?id=2657003&use=l&cat=p&typeid=i","cat":285869},{"id":103566,"n":"Batonnets de glaces Nuii Almond & java vanilla - x4","p":4.56,"u":"17,01 €/KG","img":"https://fd13-photos.leclercdrive.fr/image.ashx?id=2506801&use=l&cat=p&typeid=i","cat":284265},{"id":103619,"n":"Crème glacée Häagen-Dazs  Vanille - 400g","p":4.62,"u":"11,55 €/KG","img":"https://fd13-photos.leclercdrive.fr/image.ashx?id=2893429&use=l&cat=p&typeid=i","cat":284725},{"id":103622,"n":"Crème glacée Häagen-Dazs Caramel speculoos Lotus - 400g","p":4.54,"u":"11,35 €/KG","img":"https://fd13-photos.leclercdrive.fr/image.ashx?id=2893441&use=l&cat=p&typeid=i","cat":284725},{"id":103661,"n":"Crème glacée Häagen-Dazs  Vanille caramel brownie - 386g","p":4.71,"u":"12,20 €/KG","img":"https://fd13-photos.leclercdrive.fr/image.ashx?id=2893468&use=l&cat=p&typeid=i","cat":284725},{"id":103680,"n":"Mini pots Häagen-Dazs Vanille  noix de macadamia x4 - 324g","p":5.1,"u":"15,74 €/KG","img":"https://fd13-photos.leclercdrive.fr/image.ashx?id=3000162&use=l&cat=p&typeid=i","cat":284725},{"id":103728,"n":"Shampoing Violet Elsève Color-Vive Déjaunisseur - 200ml","p":2.93,"u":"14,65 €/L","img":"https://fd13-photos.leclercdrive.fr/image.ashx?id=2278121&use=l&cat=p&typeid=i","cat":284606},{"id":103780,"n":"Pâte feuilletée Marie Pur beurre - 230g","p":1.34,"u":"5,83 €/KG","img":"https://fd13-photos.leclercdrive.fr/image.ashx?id=2318543&use=l&cat=p&typeid=i","cat":333681},{"id":103800,"n":"Bière blonde Leffe  6,6% - 12x25cl","p":9.25,"u":"3,08 €/L","img":"https://fd13-photos.leclercdrive.fr/image.ashx?id=2995424&use=l&cat=p&typeid=i","cat":334852},{"id":103806,"n":"Sac poubelle 30L Alfapac Ultra résistant Poignées - x15","p":2.8,"u":"0,19 €/P","img":"https://fd13-photos.leclercdrive.fr/image.ashx?id=2526887&use=l&cat=p&typeid=i","cat":285168},{"id":103813,"n":"Yaourt à boire Yop Aromatisé Vanille - 825g","p":1.7,"u":"2,06 €/KG","img":"https://fd13-photos.leclercdrive.fr/image.ashx?id=2855570&use=l&cat=p&typeid=i","cat":284415},{"id":103818,"n":"Mangue Douceur du Verger Morceaux - 650g","p":5.71,"u":"8,78 €/KG","img":"https://fd13-photos.leclercdrive.fr/image.ashx?id=2898257&use=l&cat=p&typeid=i","cat":284268},{"id":103826,"n":"Cône Extrême Vanille praline - x6 -426g","p":3.71,"u":"8,71 €/KG","img":"https://fd13-photos.leclercdrive.fr/image.ashx?id=2838422&use=l&cat=p&typeid=i","cat":284264},{"id":103885,"n":"Fromage Cœur de Lion  Pointe de Brie - 200g","p":1.97,"u":"9,85 €/KG","img":"https://fd13-photos.leclercdrive.fr/image.ashx?id=2770416&use=l&cat=p&typeid=i","cat":314033},{"id":103891,"n":"Crème glacée Häagen-Dazs  Caramel au beurre salé - 400g","p":4.72,"u":"11,80 €/KG","img":"https://fd13-photos.leclercdrive.fr/image.ashx?id=2893435&use=l&cat=p&typeid=i","cat":284725},{"id":103945,"n":"Escalope de dinde Le Gaulois Oui C'est Bon x2 - 240g","p":3.54,"u":"14,75 €/KG","img":"https://fd13-photos.leclercdrive.fr/image.ashx?id=2605580&use=l&cat=p&typeid=i","cat":284337},{"id":103949,"n":"Nettoyant universel anti-traces 750ml","p":2.95,"u":"3,93 €/L","img":"https://fd13-photos.leclercdrive.fr/image.ashx?id=3000731&use=l&cat=p&typeid=i","cat":325357},{"id":103957,"n":"Pierre du droguiste Briochin Ecocert - 300g","p":6.99,"u":"23,30 €/KG","img":"https://fd13-photos.leclercdrive.fr/image.ashx?id=3011395&use=l&cat=p&typeid=i","cat":325365},{"id":103969,"n":"Escalope de dinde Le Gaulois Fine - Oui C'est Bon x2 - 240g","p":4.43,"u":"18,46 €/KG","img":"https://fd13-photos.leclercdrive.fr/image.ashx?id=2605574&use=l&cat=p&typeid=i","cat":284337},{"id":103993,"n":"IGP Méditerranée rosé St Sagnol - 75cl","p":3.78,"u":"5,04 €/L","img":"https://fd13-photos.leclercdrive.fr/image.ashx?id=2923768&use=l&cat=p&typeid=i","cat":289558},{"id":104008,"n":"Jus innocent tutti frutti 900ml","p":2.83,"u":"3,14 €/L","img":"https://fd13-photos.leclercdrive.fr/image.ashx?id=2861737&use=l&cat=p&typeid=i","cat":285435},{"id":104019,"n":"Rhum paille St James 40%vol - 70cl","p":12.69,"u":"18,13 €/L","img":"https://fd13-photos.leclercdrive.fr/image.ashx?id=2970867&use=l&cat=p&typeid=i","cat":284550},{"id":104034,"n":"Jus innocent plus  zest défense 750ml","p":2.95,"u":"3,93 €/L","img":"https://fd13-photos.leclercdrive.fr/image.ashx?id=2736574&use=l&cat=p&typeid=i","cat":285435},{"id":104036,"n":"Jus innocent plus  énergie chérie 750ml","p":2.99,"u":"3,99 €/L","img":"https://fd13-photos.leclercdrive.fr/image.ashx?id=2901082&use=l&cat=p&typeid=i","cat":284354},{"id":104042,"n":"Croissants et pains au chocolat  10x1P","p":6.5,"u":"0,65 €/P","img":"https://fd13-photos.leclercdrive.fr/image.ashx?id=637558&use=l&cat=p&typeid=i","cat":284984},{"id":104062,"n":"Brioches Doowap Harrys X8 -320g Pépites choco sans additif","p":2.32,"u":"7,25 €/KG","img":"https://fd13-photos.leclercdrive.fr/image.ashx?id=2502998&use=l&cat=p&typeid=i","cat":293505},{"id":104073,"n":"100% Pur Jus Jafaden Pamplemousse- 1L","p":1.99,"u":"1,99 €/L","img":"https://fd13-photos.leclercdrive.fr/image.ashx?id=2956771&use=l&cat=p&typeid=i","cat":284914},{"id":104089,"n":"AOP Champagne Fondateur Vranken Brut - 75cl","p":17.9,"u":"23,87 €/L","img":"https://fd13-photos.leclercdrive.fr/image.ashx?id=2662012&use=l&cat=p&typeid=i","cat":284542},{"id":104092,"n":"Tagada Zip Fraîcheur Haribo Sachet bonbons - 220g","p":1.36,"u":"6,18 €/KG","img":"https://fd13-photos.leclercdrive.fr/image.ashx?id=2802359&use=l&cat=p&typeid=i","cat":304250},{"id":104109,"n":"Les Timbales Gourmet Gold Boeuf plet saumon - 12x85g","p":6.71,"u":"6,58 €/KG","img":"https://fd13-photos.leclercdrive.fr/image.ashx?id=2861764&use=l&cat=p&typeid=i","cat":285286},{"id":104113,"n":"Brioches Doowap Harrys X12-480g Pépites choco sans additif","p":3.64,"u":"7,58 €/KG","img":"https://fd13-photos.leclercdrive.fr/image.ashx?id=2503001&use=l&cat=p&typeid=i","cat":293505},{"id":104114,"n":"Brioches Doowap Harrys X8 -320g Pépites choco lait sans additif","p":2.39,"u":"7,47 €/KG","img":"https://fd13-photos.leclercdrive.fr/image.ashx?id=2503004&use=l&cat=p&typeid=i","cat":293505},{"id":104115,"n":"Brioches Doowap Harrys X12-480g Pépites choco lait sans additif","p":3.68,"u":"7,67 €/KG","img":"https://fd13-photos.leclercdrive.fr/image.ashx?id=2503007&use=l&cat=p&typeid=i","cat":293505},{"id":104121,"n":"Noix de cajou Benenuts Grillées à sec -165g","p":4.61,"u":"27,94 €/KG","img":"https://fd13-photos.leclercdrive.fr/image.ashx?id=2391786&use=l&cat=p&typeid=i","cat":284448},{"id":104133,"n":"Pépites chocolat au lait Vahiné 200g","p":4.41,"u":"22,05 €/KG","img":"https://fd13-photos.leclercdrive.fr/image.ashx?id=2559784&use=l&cat=p&typeid=i","cat":284504},{"id":104186,"n":"Café Soluble Carte Noire  Sticks - x25 - 45g","p":2.77,"u":"61,56 €/KG","img":"https://fd13-photos.leclercdrive.fr/image.ashx?id=2866097&use=l&cat=p&typeid=i","cat":284843},{"id":104188,"n":"Chips Tyrrell's Légèrement salées - 150g","p":2.19,"u":"14,60 €/KG","img":"https://fd13-photos.leclercdrive.fr/image.ashx?id=2924731&use=l&cat=p&typeid=i","cat":284447},{"id":104194,"n":"Coton-tige Lotus Bio - x160 bâtonnets","p":0.78,"img":"https://fd13-photos.leclercdrive.fr/image.ashx?id=2506840&use=l&cat=p&typeid=i","cat":284636},{"id":104245,"n":"Pizzas Crousti Moelleuse Marie 4 fromages 2+1 offerte 1.530kg","p":6.7,"u":"4,38 €/KG","img":"https://fd13-photos.leclercdrive.fr/image.ashx?id=1876709&use=l&cat=p&typeid=i","cat":284256},{"id":104290,"n":"Pain de mie Schär - Vital Sans gluten - 350g","p":3.65,"u":"10,43 €/KG","img":"https://fd13-photos.leclercdrive.fr/image.ashx?id=2674890&use=l&cat=p&typeid=i","cat":318654},{"id":104293,"n":"Pépites chunks Vahine 3 chocolats - 100g","p":2.89,"u":"28,90 €/KG","img":"https://fd13-photos.leclercdrive.fr/image.ashx?id=2559871&use=l&cat=p&typeid=i","cat":284504},{"id":104306,"n":"Fromage Bleu de brebis Société  110g","p":2.5,"u":"22,73 €/KG","img":"https://fd13-photos.leclercdrive.fr/image.ashx?id=2729725&use=l&cat=p&typeid=i","cat":314032},{"id":104324,"n":"Pâtes de Fruits GERBLE   -  6 sachets 162g","p":2.77,"u":"17,10 €/KG","img":"https://fd13-photos.leclercdrive.fr/image.ashx?id=2664082&use=l&cat=p&typeid=i","cat":318652},{"id":104334,"n":"Liqueur de Whisky Jack Daniel's Honey 35 cl","p":13.22,"u":"37,77 €/L","img":"https://fd13-photos.leclercdrive.fr/image.ashx?id=2892229&use=l&cat=p&typeid=i","cat":286032},{"id":104349,"n":"AOP Cabernet d'Anjou rosé Plessis-Duval - 3L","p":15.95,"u":"5,32 €/L","img":"https://fd13-photos.leclercdrive.fr/image.ashx?id=2941038&use=l&cat=p&typeid=i","cat":289558},{"id":104370,"n":"Whisky Haig Clubman 40%vol - 70cl","p":21.8,"u":"31,14 €/L","img":"https://fd13-photos.leclercdrive.fr/image.ashx?id=1672606&use=l&cat=p&typeid=i","cat":284547},{"id":104417,"n":"Wraps quinoa et chia Mission 370g","p":2.95,"u":"7,97 €/KG","img":"https://fd13-photos.leclercdrive.fr/image.ashx?id=2890514&use=l&cat=p&typeid=i","cat":288993},{"id":104418,"n":"Wraps blé nature grillé X6 - 370g","p":3.0,"u":"8,11 €/KG","img":"https://fd13-photos.leclercdrive.fr/image.ashx?id=2890511&use=l&cat=p&typeid=i","cat":288993},{"id":104468,"n":"Fromage apéritif Apéricube Long drink 48 cubes","p":4.17,"u":"16,68 €/KG","img":"https://fd13-photos.leclercdrive.fr/image.ashx?id=2882674&use=l&cat=p&typeid=i","cat":314027},{"id":104471,"n":"Fromage apéritif Apericube  Cocktail 48 cubes","p":4.17,"u":"16,68 €/KG","img":"https://fd13-photos.leclercdrive.fr/image.ashx?id=2882680&use=l&cat=p&typeid=i","cat":314027},{"id":104555,"n":"Yaourts à boire Yop Yoplait Citron - 850g","p":1.74,"u":"2,05 €/KG","img":"https://fd13-photos.leclercdrive.fr/image.ashx?id=2855540&use=l&cat=p&typeid=i","cat":284415},{"id":104557,"n":"Yaourt à boire Yop Yoplait Coco - 850g","p":1.74,"u":"2,05 €/KG","img":"https://fd13-photos.leclercdrive.fr/image.ashx?id=2855543&use=l&cat=p&typeid=i","cat":284415},{"id":104561,"n":"Bâtonnet Yeti parfums fous  x24 - 1.2L","p":3.57,"u":"2,98 €/L","img":"https://fd13-photos.leclercdrive.fr/image.ashx?id=2314107&use=l&cat=p&typeid=i","cat":285250},{"id":104564,"n":"Yaourt à boire Yop de Yoplait Fraise - 850g","p":1.74,"u":"2,05 €/KG","img":"https://fd13-photos.leclercdrive.fr/image.ashx?id=2855546&use=l&cat=p&typeid=i","cat":284415},{"id":104565,"n":"Yaourt à boire Yoplait Fraise/banane - 850g","p":1.74,"u":"2,05 €/KG","img":"https://fd13-photos.leclercdrive.fr/image.ashx?id=2855549&use=l&cat=p&typeid=i","cat":284415},{"id":104566,"n":"Yaourt Yop de Yoplait Framboise - 850g","p":1.74,"u":"2,05 €/KG","img":"https://fd13-photos.leclercdrive.fr/image.ashx?id=2855552&use=l&cat=p&typeid=i","cat":284415},{"id":104567,"n":"Yaourt à boire Yop Yoplait Vanille - 850g","p":1.74,"u":"2,05 €/KG","img":"https://fd13-photos.leclercdrive.fr/image.ashx?id=2855555&use=l&cat=p&typeid=i","cat":284415},{"id":104568,"n":"Yaourt à boire Yop Yoplait Tropical - 850g","p":1.74,"u":"2,05 €/KG","img":"https://fd13-photos.leclercdrive.fr/image.ashx?id=2855558&use=l&cat=p&typeid=i","cat":284415},{"id":104669,"n":"Bière blonde Bud 5% - 20x25cl","p":13.82,"u":"2,76 €/L","img":"https://fd13-photos.leclercdrive.fr/image.ashx?id=3009047&use=l&cat=p&typeid=i","cat":334873},{"id":104674,"n":"Eau gazeuse aromatisée Badoit Citron fraise - 1L","p":1.3,"u":"1,30 €/L","img":"https://fd13-photos.leclercdrive.fr/image.ashx?id=2730664&use=l&cat=p&typeid=i","cat":284536},{"id":104684,"n":"Yaourt bifidus Activia vanille framboise - 16x125g","p":4.51,"u":"2,26 €/KG","img":"https://fd13-photos.leclercdrive.fr/image.ashx?id=2741802&use=l&cat=p&typeid=i","cat":315000},{"id":104880,"n":"Barres Céréales Extra Kellogg's Chocolat au lait - 4x32g","p":2.93,"u":"22,89 €/KG","img":"https://fd13-photos.leclercdrive.fr/image.ashx?id=2736610&use=l&cat=p&typeid=i","cat":285869},{"id":105086,"n":"AOC Rhum blanc agricole JM Martinique - 50%vol - 1L","p":24.93,"u":"24,93 €/L","img":"https://fd13-photos.leclercdrive.fr/image.ashx?id=1676411&use=l&cat=p&typeid=i","cat":284550},{"id":105107,"n":"Gin Bulldog 70 cl","p":31.33,"u":"44,76 €/L","img":"https://fd13-photos.leclercdrive.fr/image.ashx?id=1698040&use=l&cat=p&typeid=i","cat":284550},{"id":105117,"n":"Aguacana cachaça 37.5%vol - 70cl","p":13.95,"u":"19,93 €/L","img":"https://fd13-photos.leclercdrive.fr/image.ashx?id=2961801&use=l&cat=p&typeid=i","cat":284550},{"id":105119,"n":"AOP Champagne Brut Piper Heidsieck - 75cl","p":29.18,"u":"38,91 €/L","img":"https://fd13-photos.leclercdrive.fr/image.ashx?id=2431548&use=l&cat=p&typeid=i","cat":284542},{"id":105123,"n":"Vermouth Noilly Prat Original 18° - 70cl","p":11.89,"u":"15,85 €/L","img":"https://fd13-photos.leclercdrive.fr/image.ashx?id=2858174&use=l&cat=p&typeid=i","cat":284913},{"id":105136,"n":"Jambon supérieur Tradilège S/nitrite Découenne - x6 - 210g","p":2.79,"u":"13,29 €/KG","img":"https://fd13-photos.leclercdrive.fr/image.ashx?id=2991524&use=l&cat=p&typeid=i","cat":316009},{"id":105137,"n":"Jambon supérieur Tradilège Sans nitrite x4 - 140g","p":1.85,"u":"13,21 €/KG","img":"https://fd13-photos.leclercdrive.fr/image.ashx?id=2994381&use=l&cat=p&typeid=i","cat":316009},{"id":105158,"n":"Tequila Blanco Tiscaz Tatoo+cône - 35%vol - 70cl","p":13.67,"u":"19,53 €/L","img":"https://fd13-photos.leclercdrive.fr/image.ashx?id=2019468&use=l&cat=p&typeid=i","cat":284550},{"id":105168,"n":"Captain Morgan Original Spiced Boisson à base de rhum - 1L","p":18.52,"u":"18,52 €/L","img":"https://fd13-photos.leclercdrive.fr/image.ashx?id=2586285&use=l&cat=p&typeid=i","cat":284551},{"id":105175,"n":"Gin Bombay Sapphire East 40° - 70cl","p":34.05,"u":"48,64 €/L","img":"https://fd13-photos.leclercdrive.fr/image.ashx?id=2848328&use=l&cat=p&typeid=i","cat":284550},{"id":105181,"n":"Bière blonde bio Bio Village  5.5%vol -75cl","p":2.72,"u":"3,63 €/L","img":"https://fd13-photos.leclercdrive.fr/image.ashx?id=2579147&use=l&cat=p&typeid=i","cat":334873},{"id":105185,"n":"Compote Charles & Alice Pommes Myrtilles - 4x97g","p":1.88,"u":"4,85 €/KG","img":"https://fd13-photos.leclercdrive.fr/image.ashx?id=2900899&use=l&cat=p&typeid=i","cat":284416},{"id":105196,"n":"Dessert fruitier Fraise Andros En morceaux - 4x100g","p":2.57,"u":"6,43 €/KG","img":"https://fd13-photos.leclercdrive.fr/image.ashx?id=2845467&use=l&cat=p&typeid=i","cat":284416},{"id":105203,"n":"Collant Body Touch Dim Opaque noir - Taille 3","p":8.95,"img":"https://fd13-photos.leclercdrive.fr/image.ashx?id=2560657&use=l&cat=p&typeid=i","cat":334130},{"id":105213,"n":"Collant Beauty Resist Dim Opaque noir - Taille 3","p":6.18,"img":"https://fd13-photos.leclercdrive.fr/image.ashx?id=2534959&use=l&cat=p&typeid=i","cat":334130},{"id":105214,"n":"Boulettes Garden Gourmet légumes 200g","p":2.45,"u":"12,25 €/KG","img":"https://fd13-photos.leclercdrive.fr/image.ashx?id=2986903&use=l&cat=p&typeid=i","cat":316036},{"id":105223,"n":"Glaces cônes Eco+ Vanille - x8 - 556g","p":1.95,"u":"3,51 €/KG","img":"https://fd13-photos.leclercdrive.fr/image.ashx?id=2742682&use=l&cat=p&typeid=i","cat":284264},{"id":105399,"n":"Lait demi-écrémé GrandLait Ferme sélectionnée - 1L","p":1.31,"u":"1,31 €/L","img":"https://fd13-photos.leclercdrive.fr/image.ashx?id=2916177&use=l&cat=p&typeid=i","cat":285609},{"id":105464,"n":"Classeur Uni Exacompta Orange - A4 - dos 40mm","p":2.5,"img":"https://fd13-photos.leclercdrive.fr/image.ashx?id=1685928&use=l&cat=p&typeid=i","cat":284745},{"id":105783,"n":"Nectar Bio Cidou  Orange Banane - 1L","p":2.5,"u":"2,50 €/L","img":"https://fd13-photos.leclercdrive.fr/image.ashx?id=1682263&use=l&cat=p&typeid=i","cat":284915},{"id":106006,"n":"Pur jus de pomme Jafaden 2L","p":2.29,"u":"1,15 €/L","img":"https://fd13-photos.leclercdrive.fr/image.ashx?id=2956774&use=l&cat=p&typeid=i","cat":284522},{"id":106050,"n":"Taille-crayon à 2 têtes Maped Bleu avec réserve igloo - x1","p":1.81,"img":"https://fd13-photos.leclercdrive.fr/image.ashx?id=1690526&use=l&cat=p&typeid=i","cat":334133},{"id":106055,"n":"Taille-crayon à 2 têtes Maped Rose avec réserve igloo - x1","p":1.81,"img":"https://fd13-photos.leclercdrive.fr/image.ashx?id=1690529&use=l&cat=p&typeid=i","cat":334133},{"id":106057,"n":"Taille-crayon à 2 têtes Maped Vert avec réserve igloo - x1","p":1.81,"img":"https://fd13-photos.leclercdrive.fr/image.ashx?id=1690532&use=l&cat=p&typeid=i","cat":334133},{"id":106075,"n":"Chiffonnade Jambon cuit nature Negroni - 85g","p":3.46,"u":"40,71 €/KG","img":"https://fd13-photos.leclercdrive.fr/image.ashx?id=2171279&use=l&cat=p&typeid=i","cat":316009},{"id":106096,"n":"Porte-mines rechargeable Bic Blanc 2mm HB 1+6 mines offertes","p":5.05,"img":"https://fd13-photos.leclercdrive.fr/image.ashx?id=1938531&use=l&cat=p&typeid=i","cat":284696},{"id":106099,"n":"Porte-mines rechargeable Bic Noir 2mm HB 1+6 mines offertes","p":5.05,"img":"https://fd13-photos.leclercdrive.fr/image.ashx?id=1938528&use=l&cat=p&typeid=i","cat":284696},{"id":106204,"n":"IGP Méditerranée Rosé Studio by Miraval - 75cl","p":11.9,"u":"15,87 €/L","img":"https://fd13-photos.leclercdrive.fr/image.ashx?id=1691895&use=l&cat=p&typeid=i","cat":289558},{"id":106265,"n":"Edulcorant Pure Via Stick x40 - 60g","p":2.9,"u":"48,33 €/KG","img":"https://fd13-photos.leclercdrive.fr/image.ashx?id=2590598&use=l&cat=p&typeid=i","cat":324846},{"id":106271,"n":"Sucre Doypack Pure Via Poudre cristalisée - 250g","p":5.64,"u":"22,56 €/KG","img":"https://fd13-photos.leclercdrive.fr/image.ashx?id=2805381&use=l&cat=p&typeid=i","cat":324846},{"id":106471,"n":"Plat bébé soir Blédichef 15mois Poireau pomme de terre - 250g","p":1.81,"u":"7,24 €/KG","img":"https://fd13-photos.leclercdrive.fr/image.ashx?id=2143681&use=l&cat=p&typeid=i","cat":312239},{"id":106473,"n":"Repas bébé Blédichef 15 mois Patate légumes poulet - 250g","p":1.79,"u":"7,16 €/KG","img":"https://fd13-photos.leclercdrive.fr/image.ashx?id=2877703&use=l&cat=p&typeid=i","cat":312238},{"id":106474,"n":"Repas bébé Blédichef 15 mois Pdt champignon poulet - 250g","p":1.78,"u":"7,12 €/KG","img":"https://fd13-photos.leclercdrive.fr/image.ashx?id=2479685&use=l&cat=p&typeid=i","cat":312238},{"id":106475,"n":"Repas bébé Blédichef 15 mois Légumes cabillaud - 250g","p":1.81,"u":"7,24 €/KG","img":"https://fd13-photos.leclercdrive.fr/image.ashx?id=1681186&use=l&cat=p&typeid=i","cat":312238},{"id":106477,"n":"Repas bébé Blédichef 18 mois  Blanquette de volaille - 250g","p":1.83,"u":"7,32 €/KG","img":"https://fd13-photos.leclercdrive.fr/image.ashx?id=2558861&use=l&cat=p&typeid=i","cat":312238},{"id":106568,"n":"Tropicana Jus multifruits 90 cl","p":2.9,"u":"3,22 €/L","img":"https://fd13-photos.leclercdrive.fr/image.ashx?id=2529276&use=l&cat=p&typeid=i","cat":285435},{"id":106601,"n":"Lait frais Grandlait Bouteille - 1L","p":1.56,"u":"1,56 €/L","img":"https://fd13-photos.leclercdrive.fr/image.ashx?id=2916183&use=l&cat=p&typeid=i","cat":285609},{"id":106605,"n":"Ravioli Lustucru Selection  Jambon fromage 300g","p":2.59,"u":"8,63 €/KG","img":"https://fd13-photos.leclercdrive.fr/image.ashx?id=2962527&use=l&cat=p&typeid=i","cat":333682},{"id":106614,"n":"Rosette Justin Bridou  19 Tranches - 170g","p":2.76,"u":"16,24 €/KG","img":"https://fd13-photos.leclercdrive.fr/image.ashx?id=2948932&use=l&cat=p&typeid=i","cat":316007},{"id":106732,"n":"Sirop La Maison Guiot Citron jaune de Sicile - 70cl","p":3.17,"u":"4,53 €/L","img":"https://fd13-photos.leclercdrive.fr/image.ashx?id=2857138&use=l&cat=p&typeid=i","cat":295020},{"id":106768,"n":"Shampooing bio So Bio Etic Coco & Acide Hyaluronique-250ml","p":4.25,"u":"17,00 €/L","img":"https://fd13-photos.leclercdrive.fr/image.ashx?id=2788727&use=l&cat=p&typeid=i","cat":284606},{"id":106886,"n":"Petit suisse nature Gervais 9,5% MG - 6x60g","p":1.84,"u":"5,11 €/KG","img":"https://fd13-photos.leclercdrive.fr/image.ashx?id=2230384&use=l&cat=p&typeid=i","cat":284409},{"id":106928,"n":"Classeur cahier Esquisse  Fuchsia - Polypro - 21x29.7cm","p":1.89,"img":"https://fd13-photos.leclercdrive.fr/image.ashx?id=1698508&use=l&cat=p&typeid=i","cat":284745},{"id":106985,"n":"Mini pots Häagen-Dazs  Vanille Collection x4 - 321g","p":4.42,"u":"13,77 €/KG","img":"https://fd13-photos.leclercdrive.fr/image.ashx?id=2992858&use=l&cat=p&typeid=i","cat":284725},{"id":106987,"n":"Mini pots Häagen-Dazs Caramel  Beurre salé x4 - 324g","p":4.69,"u":"14,48 €/KG","img":"https://fd13-photos.leclercdrive.fr/image.ashx?id=2992849&use=l&cat=p&typeid=i","cat":284725},{"id":107166,"n":"Faisselle Rians 6%mg - 6x100g","p":2.95,"u":"4,92 €/KG","img":"https://fd13-photos.leclercdrive.fr/image.ashx?id=2396701&use=l&cat=p&typeid=i","cat":284409},{"id":107170,"n":"Règle plate Twist'n'Flex Maped Vert - 30cm","p":1.04,"img":"https://fd13-photos.leclercdrive.fr/image.ashx?id=1690556&use=l&cat=p&typeid=i","cat":334133},{"id":107197,"n":"Règle plate Maped Bleu - flexible 30cm","p":1.08,"img":"https://fd13-photos.leclercdrive.fr/image.ashx?id=1690589&use=l&cat=p&typeid=i","cat":334133},{"id":107198,"n":"Règle plate Maped Vert - flexible 30cm","p":1.08,"img":"https://fd13-photos.leclercdrive.fr/image.ashx?id=1690592&use=l&cat=p&typeid=i","cat":334133},{"id":107199,"n":"Règle double décimètre Maped Vert - incassable - flexible","p":1.15,"img":"https://fd13-photos.leclercdrive.fr/image.ashx?id=1690595&use=l&cat=p&typeid=i","cat":334133},{"id":107201,"n":"Règle triple décimètre Maped Bleu - incassable flex","p":1.64,"img":"https://fd13-photos.leclercdrive.fr/image.ashx?id=1690598&use=l&cat=p&typeid=i","cat":334133},{"id":107202,"n":"Règle triple décimètre Maped Vert - incassable flex","p":1.64,"img":"https://fd13-photos.leclercdrive.fr/image.ashx?id=1690601&use=l&cat=p&typeid=i","cat":334133},{"id":107203,"n":"Rapporteur 180°  Maped Vert - 12 cm","p":0.85,"img":"https://fd13-photos.leclercdrive.fr/image.ashx?id=1690604&use=l&cat=p&typeid=i","cat":334133},{"id":107208,"n":"Cahier Esquisse - 96p Jaune - 17x22cm","p":0.79,"img":"https://fd13-photos.leclercdrive.fr/image.ashx?id=1698685&use=l&cat=p&typeid=i","cat":284697},{"id":107209,"n":"Cahier Esquisse - 96p Turquoise - 17x22cm","p":0.79,"img":"https://fd13-photos.leclercdrive.fr/image.ashx?id=1698517&use=l&cat=p&typeid=i","cat":284697},{"id":107211,"n":"Jus innocent myrtille cassis 900ml","p":2.89,"u":"3,21 €/L","img":"https://fd13-photos.leclercdrive.fr/image.ashx?id=2891235&use=l&cat=p&typeid=i","cat":285435},{"id":107212,"n":"Jus innocent pomme fruits rouges 900ml","p":2.98,"u":"3,31 €/L","img":"https://fd13-photos.leclercdrive.fr/image.ashx?id=2184735&use=l&cat=p&typeid=i","cat":285435},{"id":107225,"n":"Cahier Force 8 Clairefontaine Bleu Marine 96p - 21x29.7cm A4","p":1.71,"img":"https://fd13-photos.leclercdrive.fr/image.ashx?id=1687355&use=l&cat=p&typeid=i","cat":284697},{"id":107236,"n":"Cahier Force 8 Clairefontaine Gris - 96 pages  - 21x29.7cm A4","p":1.71,"img":"https://fd13-photos.leclercdrive.fr/image.ashx?id=1687358&use=l&cat=p&typeid=i","cat":284697},{"id":107243,"n":"Cahier Force 8 Clairefontaine Rouge - 96 pages - 21x29.7cm A4","p":1.71,"img":"https://fd13-photos.leclercdrive.fr/image.ashx?id=1687364&use=l&cat=p&typeid=i","cat":284697},{"id":107246,"n":"Cahier Force 8 Clairefontaine Vert Anis - 96p - 21x29.7cm A4","p":1.71,"img":"https://fd13-photos.leclercdrive.fr/image.ashx?id=1687367&use=l&cat=p&typeid=i","cat":284697},{"id":107247,"n":"Cahier piqûre Force 8 Bleu Lagon - 96 pages - 24x32cm","p":2.25,"img":"https://fd13-photos.leclercdrive.fr/image.ashx?id=1687370&use=l&cat=p&typeid=i","cat":284697},{"id":107248,"n":"Cahier piqûre Force 8 Bleu Marine 96 pages - 24x32cm","p":2.25,"img":"https://fd13-photos.leclercdrive.fr/image.ashx?id=1687373&use=l&cat=p&typeid=i","cat":284697},{"id":107250,"n":"Cahier piqûre Force 8 Gris - 96 pages - 24x32cm","p":2.25,"img":"https://fd13-photos.leclercdrive.fr/image.ashx?id=1687376&use=l&cat=p&typeid=i","cat":284697},{"id":107252,"n":"Cahier piqûre Force 8 Jaune - 96 pages - 24x32cm","p":2.25,"img":"https://fd13-photos.leclercdrive.fr/image.ashx?id=1687379&use=l&cat=p&typeid=i","cat":284697},{"id":107253,"n":"Cahier piqûre Force 8 Orange - 96 pages - 24x32cm","p":2.25,"img":"https://fd13-photos.leclercdrive.fr/image.ashx?id=1687382&use=l&cat=p&typeid=i","cat":284697},{"id":107255,"n":"Cahier piqûre Force 8 Rose - 96 pages - 24x32cm","p":2.25,"img":"https://fd13-photos.leclercdrive.fr/image.ashx?id=1687385&use=l&cat=p&typeid=i","cat":284697},{"id":107256,"n":"Cahier piqûre Force 8 Rouge - 96 pages - 24x32cm","p":2.25,"img":"https://fd13-photos.leclercdrive.fr/image.ashx?id=1687388&use=l&cat=p&typeid=i","cat":284697},{"id":107258,"n":"Cahier piqûre Force 8 Vert Anis - 96 pages - 24x32cm","p":2.25,"img":"https://fd13-photos.leclercdrive.fr/image.ashx?id=1687391&use=l&cat=p&typeid=i","cat":284697},{"id":107273,"n":"Equerre 60°  Maped Vert - Incassable et Flex- 21cm","p":1.46,"img":"https://fd13-photos.leclercdrive.fr/image.ashx?id=1557091&use=l&cat=p&typeid=i","cat":334133},{"id":107275,"n":"Cahier Force 8 Clairefontaine Bleu Lagon 140 pages - 24x32cm","p":5.45,"img":"https://fd13-photos.leclercdrive.fr/image.ashx?id=1687430&use=l&cat=p&typeid=i","cat":284697},{"id":107276,"n":"Règle plate Twist'n'Flex Maped Bleu - 20cm","p":0.97,"img":"https://fd13-photos.leclercdrive.fr/image.ashx?id=591610&use=l&cat=p&typeid=i","cat":334133},{"id":107277,"n":"Règle plate Twist'n'Flex Maped Rose - 20cm","p":0.97,"img":"https://fd13-photos.leclercdrive.fr/image.ashx?id=1690607&use=l&cat=p&typeid=i","cat":334133},{"id":107278,"n":"Cahier Force 8 Clairefontaine Bleu Marine 140 pages - 24x32cm","p":5.45,"img":"https://fd13-photos.leclercdrive.fr/image.ashx?id=1687433&use=l&cat=p&typeid=i","cat":284697},{"id":107279,"n":"Cahier Force 8 Clairefontaine Orange - 140 pages - 24x32cm","p":5.45,"img":"https://fd13-photos.leclercdrive.fr/image.ashx?id=1689951&use=l&cat=p&typeid=i","cat":284697},{"id":107280,"n":"Règle plate Twist'n'Flex Maped Vert - 20cm","p":0.97,"img":"https://fd13-photos.leclercdrive.fr/image.ashx?id=1690610&use=l&cat=p&typeid=i","cat":334133},{"id":107281,"n":"Cahier Force 8 Clairefontaine Rouge - 140 pages - 24x32cm","p":5.45,"img":"https://fd13-photos.leclercdrive.fr/image.ashx?id=1687436&use=l&cat=p&typeid=i","cat":284697},{"id":107282,"n":"Cahier Force 8 Clairefontaine Vert Anis - 140 pages - 24x32cm","p":5.45,"img":"https://fd13-photos.leclercdrive.fr/image.ashx?id=1687439&use=l&cat=p&typeid=i","cat":284697},{"id":107283,"n":"Cahier Force 8 Clairefontaine Violet - 140 pages - 24x32cm","p":5.45,"img":"https://fd13-photos.leclercdrive.fr/image.ashx?id=1687442&use=l&cat=p&typeid=i","cat":284697},{"id":107288,"n":"Paire de ciseaux Sensoft Maped Bleu - Gaucher - 16cm","p":4.5,"img":"https://fd13-photos.leclercdrive.fr/image.ashx?id=1410535&use=l&cat=p&typeid=i","cat":334133},{"id":107343,"n":"Cahier KoverBook Clairefontaine Bleu - 96 pages - 17x22cm","p":1.85,"img":"https://fd13-photos.leclercdrive.fr/image.ashx?id=1687487&use=l&cat=p&typeid=i","cat":284697},{"id":107351,"n":"Cahier KoverBook Clairefontaine Bleu Marine 96 pages - 17x22cm","p":1.85,"img":"https://fd13-photos.leclercdrive.fr/image.ashx?id=1687490&use=l&cat=p&typeid=i","cat":284697},{"id":107353,"n":"Cahier KoverBook Clairefontaine Incolore - 96 pages - 17x22cm","p":1.85,"img":"https://fd13-photos.leclercdrive.fr/image.ashx?id=1687493&use=l&cat=p&typeid=i","cat":284697},{"id":107354,"n":"Cahier KoverBook Clairefontaine Jaune - 96 pages - 17x22cm","p":1.85,"img":"https://fd13-photos.leclercdrive.fr/image.ashx?id=1687496&use=l&cat=p&typeid=i","cat":284697},{"id":107355,"n":"Cahier KoverBook Clairefontaine Noir - 96 pages - 17x22cm","p":1.85,"img":"https://fd13-photos.leclercdrive.fr/image.ashx?id=1687499&use=l&cat=p&typeid=i","cat":284697},{"id":107357,"n":"Bahier KoverBook Clairefontaine Orange - 96 pages - 17x22cm","p":1.85,"img":"https://fd13-photos.leclercdrive.fr/image.ashx?id=1694829&use=l&cat=p&typeid=i","cat":284697},{"id":107358,"n":"Cahier KoverBook Clairefontaine Rose - 96 pages - 17x22cm","p":1.85,"img":"https://fd13-photos.leclercdrive.fr/image.ashx?id=1687502&use=l&cat=p&typeid=i","cat":284697},{"id":107359,"n":"Cahier KoverBook Clairefontaine Rouge - 96 pages - 17x22cm","p":1.85,"img":"https://fd13-photos.leclercdrive.fr/image.ashx?id=1687505&use=l&cat=p&typeid=i","cat":284697},{"id":107360,"n":"Cahier KoverBook Clairefontaine Vert - 96 pages - 17x22cm","p":1.85,"img":"https://fd13-photos.leclercdrive.fr/image.ashx?id=1687508&use=l&cat=p&typeid=i","cat":284697},{"id":107361,"n":"Cahier KoverBook Clairefontaine Violet - 96 pages - 17x22cm","p":1.85,"img":"https://fd13-photos.leclercdrive.fr/image.ashx?id=1687511&use=l&cat=p&typeid=i","cat":284697},{"id":107384,"n":"Bacon Justin Bridou  16 Tranches - 160g","p":2.9,"u":"18,13 €/KG","img":"https://fd13-photos.leclercdrive.fr/image.ashx?id=2924110&use=l&cat=p&typeid=i","cat":316007},{"id":107447,"n":"Cahier classeur Exacompta Bleu Violet - A4 - dos 2cm","p":2.69,"img":"https://fd13-photos.leclercdrive.fr/image.ashx?id=1687568&use=l&cat=p&typeid=i","cat":284745},{"id":107454,"n":"Protège documents Eco+ Bleu - 60 vues","p":0.99,"img":"https://fd13-photos.leclercdrive.fr/image.ashx?id=1698688&use=l&cat=p&typeid=i","cat":284745},{"id":107460,"n":"Protège documents Eco+ Gris - 60 vues","p":0.99,"img":"https://fd13-photos.leclercdrive.fr/image.ashx?id=1698520&use=l&cat=p&typeid=i","cat":284745},{"id":107461,"n":"Protège documents Eco+ Rouge - 60 vues","p":0.99,"img":"https://fd13-photos.leclercdrive.fr/image.ashx?id=1698691&use=l&cat=p&typeid=i","cat":284745},{"id":107526,"n":"Protège-document Esquisse Fuchsia - A4 - 60 vues","p":1.95,"img":"https://fd13-photos.leclercdrive.fr/image.ashx?id=1694143&use=l&cat=p&typeid=i","cat":284745},{"id":107527,"n":"Protège-document Esquisse Noir - A4 - 60 vues","p":1.95,"img":"https://fd13-photos.leclercdrive.fr/image.ashx?id=1698724&use=l&cat=p&typeid=i","cat":284745},{"id":107528,"n":"Protège-document Esquisse Anis - A4 - 80 vues","p":2.49,"img":"https://fd13-photos.leclercdrive.fr/image.ashx?id=1698727&use=l&cat=p&typeid=i","cat":284745},{"id":107529,"n":"Protège-document Esquisse Noir - A4 - 80 vues","p":2.49,"img":"https://fd13-photos.leclercdrive.fr/image.ashx?id=1698730&use=l&cat=p&typeid=i","cat":284745},{"id":107530,"n":"Protège-document Esquisse Turquoise - A4 - 80 vues","p":2.49,"img":"https://fd13-photos.leclercdrive.fr/image.ashx?id=1698733&use=l&cat=p&typeid=i","cat":284745},{"id":107538,"n":"Taille-crayon Croc Croc Maped Innovation - avec réserve - 1T","p":2.01,"img":"https://fd13-photos.leclercdrive.fr/image.ashx?id=2760838&use=l&cat=p&typeid=i","cat":334133},{"id":107558,"n":"Protège-document Transparent - A4 - 120 vues","p":3.49,"img":"https://fd13-photos.leclercdrive.fr/image.ashx?id=1698736&use=l&cat=p&typeid=i","cat":284745},{"id":107561,"n":"Protège-document Noir - A4 - 120 vues","p":3.49,"img":"https://fd13-photos.leclercdrive.fr/image.ashx?id=1698739&use=l&cat=p&typeid=i","cat":284745},{"id":107570,"n":"Cahier KoverBook Clairefontaine Bleu - 96 pages - 21x29.7cm","p":3.22,"img":"https://fd13-photos.leclercdrive.fr/image.ashx?id=1687703&use=l&cat=p&typeid=i","cat":284697},{"id":107574,"n":"Cahier KoverBook Clairefontaine Incolore - 96 pages - 21x29.7cm","p":3.22,"img":"https://fd13-photos.leclercdrive.fr/image.ashx?id=1687715&use=l&cat=p&typeid=i","cat":284697},{"id":107575,"n":"Cahier KoverBook Clairefontaine Jaune - 96 pages - 21x29.7cm","p":3.22,"img":"https://fd13-photos.leclercdrive.fr/image.ashx?id=1687718&use=l&cat=p&typeid=i","cat":284697},{"id":107579,"n":"Cahier KoverBook Clairefontaine Rouge - 96 pages - 21x29.7cm","p":3.22,"img":"https://fd13-photos.leclercdrive.fr/image.ashx?id=1687730&use=l&cat=p&typeid=i","cat":284697},{"id":107580,"n":"Cahier KoverBook Clairefontaine Vert - 96 pages - 21x29.7cm","p":3.22,"img":"https://fd13-photos.leclercdrive.fr/image.ashx?id=1687733&use=l&cat=p&typeid=i","cat":284697},{"id":107581,"n":"Cahier KoverBook Clairefontaine Violet - 96 pages - 21x29.7cm","p":3.22,"img":"https://fd13-photos.leclercdrive.fr/image.ashx?id=1687736&use=l&cat=p&typeid=i","cat":284697},{"id":107629,"n":"Cahier 96 pages Esquisse Jaune - 24x32cm","p":1.39,"img":"https://fd13-photos.leclercdrive.fr/image.ashx?id=1698742&use=l&cat=p&typeid=i","cat":284697},{"id":107645,"n":"Aluminium Albal 20m","p":3.39,"img":"https://fd13-photos.leclercdrive.fr/image.ashx?id=2551444&use=l&cat=p&typeid=i","cat":334134},{"id":107658,"n":"Cahier Koverbook Clairefontaine Incolore - 24x32cm - 96p","p":3.29,"img":"https://fd13-photos.leclercdrive.fr/image.ashx?id=1552618&use=l&cat=p&typeid=i","cat":284697},{"id":107679,"n":"Cahier Koverbook Clairefontaine Vert - 24x32cm -96p","p":3.29,"img":"https://fd13-photos.leclercdrive.fr/image.ashx?id=1552636&use=l&cat=p&typeid=i","cat":284697},{"id":107689,"n":"Cahier Koverbook Clairefontaine Jaune - 24x32cm - 96p","p":3.29,"img":"https://fd13-photos.leclercdrive.fr/image.ashx?id=1552630&use=l&cat=p&typeid=i","cat":284697},{"id":107706,"n":"Cahier Clairefontaine Bleu  - 96 pages - 24x32cm","p":3.19,"img":"https://fd13-photos.leclercdrive.fr/image.ashx?id=1687955&use=l&cat=p&typeid=i","cat":284697},{"id":107707,"n":"Cahier Clairefontaine Bleu Marine - 96p - 24x32cm","p":3.19,"img":"https://fd13-photos.leclercdrive.fr/image.ashx?id=1687958&use=l&cat=p&typeid=i","cat":284697},{"id":107708,"n":"Cahier Clairefontaine Incolore - 96 pages - 24x32cm","p":3.19,"img":"https://fd13-photos.leclercdrive.fr/image.ashx?id=1687961&use=l&cat=p&typeid=i","cat":284697},{"id":107709,"n":"Cahier Clairefontaine Jaune - 96 pages - 24x32cm","p":3.19,"img":"https://fd13-photos.leclercdrive.fr/image.ashx?id=1687964&use=l&cat=p&typeid=i","cat":284697},{"id":107710,"n":"Cahier Clairefontaine Noir - 96 pages - 24x32cm","p":3.19,"img":"https://fd13-photos.leclercdrive.fr/image.ashx?id=1687967&use=l&cat=p&typeid=i","cat":284697},{"id":107711,"n":"Cahier Clairefontaine Orange - 96 pages - 24x32cm","p":3.19,"img":"https://fd13-photos.leclercdrive.fr/image.ashx?id=1687970&use=l&cat=p&typeid=i","cat":284697},{"id":107714,"n":"Cahier Clairefontaine Vert - 96 pages - 24x32cm","p":3.19,"img":"https://fd13-photos.leclercdrive.fr/image.ashx?id=1687976&use=l&cat=p&typeid=i","cat":284697},{"id":107716,"n":"Cahier Clairefontaine Rouge - 96 pages - 24x32cm","p":3.19,"img":"https://fd13-photos.leclercdrive.fr/image.ashx?id=1687982&use=l&cat=p&typeid=i","cat":284697},{"id":107719,"n":"Cahier Clairefontaine Rose - 96 pages - 24x32cm","p":3.19,"img":"https://fd13-photos.leclercdrive.fr/image.ashx?id=1687991&use=l&cat=p&typeid=i","cat":284697},{"id":107722,"n":"Cahier Clairefontaine Violet - 96 pages - 24x32cm","p":3.19,"img":"https://fd13-photos.leclercdrive.fr/image.ashx?id=1688000&use=l&cat=p&typeid=i","cat":284697},{"id":107740,"n":"Cahier Koverbook Clairefontaine Rouge - 24x32cm - 96p","p":3.29,"img":"https://fd13-photos.leclercdrive.fr/image.ashx?id=1552624&use=l&cat=p&typeid=i","cat":284697},{"id":107746,"n":"Cahier Esquisse - 96 pages Turquoise - 24x32cm","p":1.39,"img":"https://fd13-photos.leclercdrive.fr/image.ashx?id=1694194&use=l&cat=p&typeid=i","cat":284697},{"id":107789,"n":"Vinaigre balsamique de modène  IGP Bio 50cl","p":5.51,"u":"11,02 €/L","img":"https://fd13-photos.leclercdrive.fr/image.ashx?id=2737468&use=l&cat=p&typeid=i","cat":298543},{"id":107790,"n":"Cahier Clairefontaine Koverbook Bleu - 24x32cm - 48p","p":2.7,"img":"https://fd13-photos.leclercdrive.fr/image.ashx?id=1688114&use=l&cat=p&typeid=i","cat":284697},{"id":107793,"n":"Cahier Clairefontaine Koverbook Bleu marine - 24x32cm - 48p","p":2.7,"img":"https://fd13-photos.leclercdrive.fr/image.ashx?id=1688117&use=l&cat=p&typeid=i","cat":284697},{"id":107795,"n":"Cahier Clairefontaine Koverbook Incolore- 24x32cm - 48p","p":2.7,"img":"https://fd13-photos.leclercdrive.fr/image.ashx?id=1688120&use=l&cat=p&typeid=i","cat":284697},{"id":107796,"n":"Cahier Clairefontaine Koverbook Jaune- 24x32cm - 48p","p":2.7,"img":"https://fd13-photos.leclercdrive.fr/image.ashx?id=1688123&use=l&cat=p&typeid=i","cat":284697},{"id":107799,"n":"Cahier Clairefontaine Koverbook Noir - 24x32cm - 48p","p":2.7,"img":"https://fd13-photos.leclercdrive.fr/image.ashx?id=1688126&use=l&cat=p&typeid=i","cat":284697},{"id":107800,"n":"Cahier Clairefontaine Koverbook Orange - 24x32cm - 48p","p":2.7,"u":"0,06 €/P","img":"https://fd13-photos.leclercdrive.fr/image.ashx?id=1688129&use=l&cat=p&typeid=i","cat":284697},{"id":107801,"n":"Cahier Clairefontaine Koverbook Rose - 24x32cm - 48p","p":2.7,"img":"https://fd13-photos.leclercdrive.fr/image.ashx?id=1688132&use=l&cat=p&typeid=i","cat":284697},{"id":107805,"n":"Boîte classement Esquisse  Turquoise 2,5cm x1","p":2.09,"img":"https://fd13-photos.leclercdrive.fr/image.ashx?id=1694206&use=l&cat=p&typeid=i","cat":284745},{"id":107815,"n":"Cahier Clairefontaine Koverbook Rouge - 24x32cm - 48p","p":2.7,"img":"https://fd13-photos.leclercdrive.fr/image.ashx?id=1688135&use=l&cat=p&typeid=i","cat":284697},{"id":107817,"n":"Cahier Clairefontaine Koverbook Vert - 24x32cm - 48p","p":2.7,"img":"https://fd13-photos.leclercdrive.fr/image.ashx?id=1688138&use=l&cat=p&typeid=i","cat":284697},{"id":107819,"n":"Cahier Clairefontaine Koverbook Violet- 24x32cm - 48p","p":2.7,"img":"https://fd13-photos.leclercdrive.fr/image.ashx?id=1688141&use=l&cat=p&typeid=i","cat":284697},{"id":107823,"n":"Café Grande Réserve Malongo 16 Dosettes - 104g","p":5.2,"pp":3.43,"u":"32,98 €/KG","img":"https://fd13-photos.leclercdrive.fr/image.ashx?id=2971960&use=l&cat=p&typeid=i","cat":293241},{"id":107847,"n":"Bac gourmand Eskiss Vanille speculoos - 500g","p":3.19,"u":"6,38 €/KG","img":"https://fd13-photos.leclercdrive.fr/image.ashx?id=2982652&use=l&cat=p&typeid=i","cat":284263},{"id":107906,"n":"Protège-documents Esquisse Turquoise - A4 - 40 vues","p":1.79,"img":"https://fd13-photos.leclercdrive.fr/image.ashx?id=1690029&use=l&cat=p&typeid=i","cat":284745},{"id":107910,"n":"Protège-documents Esquisse  Noir - A4 - 40 vues","p":1.79,"img":"https://fd13-photos.leclercdrive.fr/image.ashx?id=1690032&use=l&cat=p&typeid=i","cat":284745},{"id":107914,"n":"Calculatrice poche Esquisse Rouge","p":2.99,"u":"Dont 0,13 € d'éco-part.","img":"https://fd13-photos.leclercdrive.fr/image.ashx?id=2943289&use=l&cat=p&typeid=i","cat":334133},{"id":107915,"n":"Calculatrice poche Esquisse Turquoise","p":2.99,"u":"Dont 0,13 € d'éco-part.","img":"https://fd13-photos.leclercdrive.fr/image.ashx?id=2943292&use=l&cat=p&typeid=i","cat":334133},{"id":107920,"n":"Ruban correcteur Esquisse Vert et blanc - x2","p":1.89,"u":"0,95 €/P","img":"https://fd13-photos.leclercdrive.fr/image.ashx?id=1690053&use=l&cat=p&typeid=i","cat":334133},{"id":107955,"n":"Protège-cahier Esquisse Fuchsia - 24x32cm","p":1.19,"img":"https://fd13-photos.leclercdrive.fr/image.ashx?id=1700596&use=l&cat=p&typeid=i","cat":284697},{"id":107956,"n":"Protège-cahier Esquisse Noir - 24x32cm","p":1.19,"img":"https://fd13-photos.leclercdrive.fr/image.ashx?id=1700599&use=l&cat=p&typeid=i","cat":284697},{"id":107958,"n":"Protège-cahier Esquisse Turquoise - 24x32cm","p":1.19,"img":"https://fd13-photos.leclercdrive.fr/image.ashx?id=1700602&use=l&cat=p&typeid=i","cat":284697},{"id":107973,"n":"Cahier Seyes Esquisse 48 pages Bleu - 24x32cm","p":1.19,"img":"https://fd13-photos.leclercdrive.fr/image.ashx?id=1690104&use=l&cat=p&typeid=i","cat":284697},{"id":107974,"n":"Cahier Seyes Esquisse 48 pages Jaune - 24x32cm","p":1.19,"img":"https://fd13-photos.leclercdrive.fr/image.ashx?id=1690107&use=l&cat=p&typeid=i","cat":284697},{"id":107975,"n":"Cahier Seyes Esquisse 48 pages Rouge - 24x32cm","p":1.19,"img":"https://fd13-photos.leclercdrive.fr/image.ashx?id=1690110&use=l&cat=p&typeid=i","cat":284697},{"id":107977,"n":"Cahier Seyes Esquisse 48 pages Turquoise - 24x32cm","p":1.19,"img":"https://fd13-photos.leclercdrive.fr/image.ashx?id=1690113&use=l&cat=p&typeid=i","cat":284697},{"id":107997,"n":"Kit traçage Esquisse Bleu - 3 pièces","p":1.99,"img":"https://fd13-photos.leclercdrive.fr/image.ashx?id=1690122&use=l&cat=p&typeid=i","cat":334133},{"id":108000,"n":"Mini ruban correcteur Esquisse Bleu, rose et blanc - x3","p":1.99,"img":"https://fd13-photos.leclercdrive.fr/image.ashx?id=1691060&use=l&cat=p&typeid=i","cat":334133},{"id":108046,"n":"Stylo plume Esquisse Licorne - Noir + 2 cartouches","p":2.19,"img":"https://fd13-photos.leclercdrive.fr/image.ashx?id=1691072&use=l&cat=p&typeid=i","cat":284696},{"id":108047,"n":"Stylo plume Esquisse Skate - Noir + 2 cartouches","p":2.19,"img":"https://fd13-photos.leclercdrive.fr/image.ashx?id=1691075&use=l&cat=p&typeid=i","cat":284696},{"id":108057,"n":"Chemise élastique Esquisse Bleu - 24x32cm","p":0.79,"img":"https://fd13-photos.leclercdrive.fr/image.ashx?id=1691096&use=l&cat=p&typeid=i","cat":284745},{"id":108058,"n":"Chemise élastique Esquisse Jaune - 24x32cm","p":0.79,"img":"https://fd13-photos.leclercdrive.fr/image.ashx?id=1691099&use=l&cat=p&typeid=i","cat":284745},{"id":108059,"n":"Chemise élastique Esquisse Orange - 24x32cm","p":0.79,"img":"https://fd13-photos.leclercdrive.fr/image.ashx?id=1691102&use=l&cat=p&typeid=i","cat":284745},{"id":108060,"n":"Chemise élastique Esquisse Rouge - 24x32cm","p":0.79,"img":"https://fd13-photos.leclercdrive.fr/image.ashx?id=1691105&use=l&cat=p&typeid=i","cat":284745},{"id":108061,"n":"Chemise élastique Esquisse Turquoise - 24x32cm","p":0.79,"img":"https://fd13-photos.leclercdrive.fr/image.ashx?id=1691108&use=l&cat=p&typeid=i","cat":284745},{"id":108065,"n":"Trieur Esquisse 3 rabats  Anis - 12 positions","p":3.89,"img":"https://fd13-photos.leclercdrive.fr/image.ashx?id=1691111&use=l&cat=p&typeid=i","cat":284745},{"id":108066,"n":"Trieur Esquisse 3 rabats  Fuchsia - 12 positions","p":3.89,"img":"https://fd13-photos.leclercdrive.fr/image.ashx?id=1691114&use=l&cat=p&typeid=i","cat":284745},{"id":108076,"n":"Stylo-bille 4 couleurs Bic   Argent  - shine -x1","p":1.78,"img":"https://fd13-photos.leclercdrive.fr/image.ashx?id=1555207&use=l&cat=p&typeid=i","cat":284696},{"id":108081,"n":"Stylo-bille 4 couleurs Bic Or- shine -x1","p":1.78,"img":"https://fd13-photos.leclercdrive.fr/image.ashx?id=1700614&use=l&cat=p&typeid=i","cat":284696},{"id":108097,"n":"Taille-crayon Croc Croc Maped Bleu - avec réserve - 1T","p":2.01,"img":"https://fd13-photos.leclercdrive.fr/image.ashx?id=1690655&use=l&cat=p&typeid=i","cat":334133},{"id":108099,"n":"Taille-crayon Croc Croc Maped Rose - avec réserve - 1T","p":2.01,"img":"https://fd13-photos.leclercdrive.fr/image.ashx?id=1690658&use=l&cat=p&typeid=i","cat":334133},{"id":108100,"n":"Taille-crayon Croc Croc Maped Vert - avec réserve - 1T","p":2.01,"img":"https://fd13-photos.leclercdrive.fr/image.ashx?id=1690661&use=l&cat=p&typeid=i","cat":334133},{"id":108107,"n":"Bloc 4 tiroirs Esquisse Bleu - 1 pièce","p":19.9,"img":"https://fd13-photos.leclercdrive.fr/image.ashx?id=1691150&use=l&cat=p&typeid=i","cat":284745},{"id":108109,"n":"Agrafeuse Universal Maped Multicoloris 26/6 + 400 agrafes","p":8.55,"img":"https://fd13-photos.leclercdrive.fr/image.ashx?id=2510070&use=l&cat=p&typeid=i","cat":334133},{"id":108110,"n":"Bloc 4 tiroirs Esquisse Rouge - 1 pièce","p":19.9,"img":"https://fd13-photos.leclercdrive.fr/image.ashx?id=1691153&use=l&cat=p&typeid=i","cat":284745},{"id":108126,"n":"Agrafeuse Universal Maped Argent - 26/6 + 400 agrafes","p":8.55,"img":"https://fd13-photos.leclercdrive.fr/image.ashx?id=1686949&use=l&cat=p&typeid=i","cat":334133},{"id":108137,"n":"Agrafeuse Universal Maped Anthracite - 26/6 + 400 agrafes","p":8.55,"img":"https://fd13-photos.leclercdrive.fr/image.ashx?id=1686952&use=l&cat=p&typeid=i","cat":334133},{"id":108146,"n":"Boisson aux fruits Oasis Tropical - 2L","p":2.34,"u":"1,17 €/L","img":"https://fd13-photos.leclercdrive.fr/image.ashx?id=2996569&use=l&cat=p&typeid=i","cat":295018},{"id":108169,"n":"Mousse de canard Henaff 3x78g","p":3.78,"u":"16,15 €/KG","img":"https://fd13-photos.leclercdrive.fr/image.ashx?id=2305604&use=l&cat=p&typeid=i","cat":305149},{"id":108180,"n":"Compotes Pom'Potes Gourdes BIO  Multivariétés - 12x90g","p":6.96,"u":"6,44 €/KG","img":"https://fd13-photos.leclercdrive.fr/image.ashx?id=2926212&use=l&cat=p&typeid=i","cat":284508},{"id":108200,"n":"Stylo Roller Maped Bleu - Classic","p":2.96,"img":"https://fd13-photos.leclercdrive.fr/image.ashx?id=1690688&use=l&cat=p&typeid=i","cat":284696},{"id":108201,"n":"Stylo Roller Maped Rose - Classic","p":2.96,"img":"https://fd13-photos.leclercdrive.fr/image.ashx?id=1690691&use=l&cat=p&typeid=i","cat":284696},{"id":108215,"n":"Coffret Compas grafic Maped Bleu - 3p - Interchangeable","p":2.95,"img":"https://fd13-photos.leclercdrive.fr/image.ashx?id=1690721&use=l&cat=p&typeid=i","cat":334133},{"id":108216,"n":"Coffret Compas grafic Maped Vert - 3p - Interchangeable","p":2.95,"img":"https://fd13-photos.leclercdrive.fr/image.ashx?id=1690724&use=l&cat=p&typeid=i","cat":334133},{"id":108217,"n":"Coffret Compas grafic Maped Violet - 3p - Interchangeable","p":2.95,"img":"https://fd13-photos.leclercdrive.fr/image.ashx?id=1690727&use=l&cat=p&typeid=i","cat":334133},{"id":108254,"n":"Assortiment sushi Passion x18 - 335g","p":15.53,"u":"46,36 €/KG","img":"https://fd13-photos.leclercdrive.fr/image.ashx?id=2421859&use=l&cat=p&typeid=i","cat":286791},{"id":108256,"n":"Assortiment sushi Fusion x24","p":17.5,"u":"0,73 €/P","img":"https://fd13-photos.leclercdrive.fr/image.ashx?id=2308126&use=l&cat=p&typeid=i","cat":286791},{"id":108266,"n":"Classeur extra large Exacompta Orange - 24.2x29.7cm","p":3.02,"img":"https://fd13-photos.leclercdrive.fr/image.ashx?id=1688348&use=l&cat=p&typeid=i","cat":284745},{"id":108337,"n":"Cahier Force 8 Clairefontaine Bleu Lagon  - 17x22cm - 96 page","p":0.86,"img":"https://fd13-photos.leclercdrive.fr/image.ashx?id=1688534&use=l&cat=p&typeid=i","cat":284697},{"id":108339,"n":"Cahier Force 8 Clairefontaine Bleu Marine - 17x22cm  - 96 p","p":0.86,"img":"https://fd13-photos.leclercdrive.fr/image.ashx?id=1688540&use=l&cat=p&typeid=i","cat":284697},{"id":108342,"n":"Cahier piqûre Force 8 96 pages Jaune - 17x22cm","p":0.86,"img":"https://fd13-photos.leclercdrive.fr/image.ashx?id=1688549&use=l&cat=p&typeid=i","cat":284697},{"id":108345,"n":"Cahier Force 8 Clairefontaine Orange - 17x22cm - 96 pages","p":0.86,"img":"https://fd13-photos.leclercdrive.fr/image.ashx?id=1688558&use=l&cat=p&typeid=i","cat":284697},{"id":108349,"n":"Cahier Force 8 Clairefontaine Rose - 17x22cm - 96 pages","p":0.86,"img":"https://fd13-photos.leclercdrive.fr/image.ashx?id=1688567&use=l&cat=p&typeid=i","cat":284697},{"id":108351,"n":"Cahier Force 8 Clairefontaine Rouge  - 17x22cm - 96 pages","p":0.86,"img":"https://fd13-photos.leclercdrive.fr/image.ashx?id=1688573&use=l&cat=p&typeid=i","cat":284697},{"id":108354,"n":"Cahier Force 8 Clairefontaine Vert Anis - 17x22cm - 96 pages","p":0.86,"img":"https://fd13-photos.leclercdrive.fr/image.ashx?id=1690152&use=l&cat=p&typeid=i","cat":284697},{"id":108356,"n":"Cahier Force 8 Clairefontaine Violet  - 17x22cm - 96 pages","p":0.86,"img":"https://fd13-photos.leclercdrive.fr/image.ashx?id=1688585&use=l&cat=p&typeid=i","cat":284697},{"id":108420,"n":"Cahier Force 8 Clairefontaine Bleu Lagon - 96p - 21x29.7cm A4","p":1.71,"img":"https://fd13-photos.leclercdrive.fr/image.ashx?id=1688741&use=l&cat=p&typeid=i","cat":284697},{"id":108422,"n":"Matière grasse Primevere 63%MG - oméga 3 - 240g","p":2.75,"u":"11,46 €/KG","img":"https://fd13-photos.leclercdrive.fr/image.ashx?id=2979060&use=l&cat=p&typeid=i","cat":315229},{"id":108589,"n":"Protège-document Esquisse x1 Vert - A4 - 80 vues","p":2.49,"img":"https://fd13-photos.leclercdrive.fr/image.ashx?id=932860&use=l&cat=p&typeid=i","cat":284745},{"id":108593,"n":"Classeur extra-large Exacompta Rouge - 24.2x29.7cm","p":3.3,"img":"https://fd13-photos.leclercdrive.fr/image.ashx?id=1688744&use=l&cat=p&typeid=i","cat":284745},{"id":108668,"n":"Bière blonde La Goudale 7.2% vol. - 50cl","p":1.56,"u":"3,12 €/L","img":"https://fd13-photos.leclercdrive.fr/image.ashx?id=2513658&use=l&cat=p&typeid=i","cat":334852},{"id":108695,"n":"Beurre de cacahuètes Menguy's Creamy - 454g","p":4.2,"u":"9,25 €/KG","img":"https://fd13-photos.leclercdrive.fr/image.ashx?id=2844082&use=l&cat=p&typeid=i","cat":284481},{"id":108707,"n":"Filtres à café Uni vert Bruns n°4 - x80","p":1.33,"u":"0,02 €/P","img":"https://fd13-photos.leclercdrive.fr/image.ashx?id=2634878&use=l&cat=p&typeid=i","cat":284751},{"id":108724,"n":"Thé glacé Bio Village Bio Pêche - 1L","p":1.36,"u":"1,36 €/L","img":"https://fd13-photos.leclercdrive.fr/image.ashx?id=2670392&use=l&cat=p&typeid=i","cat":295019},{"id":108725,"n":"Thé glacé Bio Village Bio Menthe - 1L","p":1.4,"u":"1,40 €/L","img":"https://fd13-photos.leclercdrive.fr/image.ashx?id=2664362&use=l&cat=p&typeid=i","cat":295019},{"id":108775,"n":"Irish cream Baileys  17%vol. - 1L","p":19.31,"u":"19,31 €/L","img":"https://fd13-photos.leclercdrive.fr/image.ashx?id=1763799&use=l&cat=p&typeid=i","cat":286032},{"id":108844,"n":"Plat bébé soir Blédichef 12mois Spaghetti crème légumes -2x230g","p":3.25,"u":"7,07 €/KG","img":"https://fd13-photos.leclercdrive.fr/image.ashx?id=2643494&use=l&cat=p&typeid=i","cat":312239},{"id":108891,"n":"Croccante alla Mozzarella  Galbani - 150g","p":2.85,"u":"19,00 €/KG","img":"https://fd13-photos.leclercdrive.fr/image.ashx?id=2786000&use=l&cat=p&typeid=i","cat":314027},{"id":108928,"n":"Fromage blanc bébé Blédina 8m Fraise - 4x100g","p":3.14,"u":"7,85 €/KG","img":"https://fd13-photos.leclercdrive.fr/image.ashx?id=2090984&use=l&cat=p&typeid=i","cat":312392},{"id":108988,"n":"Whisky Chivas Regal XV Blended Scotch 40% vol - 70cl","p":37.9,"pp":34.11,"u":"48,73 €/L","img":"https://fd13-photos.leclercdrive.fr/image.ashx?id=2877028&use=l&cat=p&typeid=i","cat":284547},{"id":108997,"n":"Crème dessert Danette vanille chocolat -16x115g","p":4.84,"u":"2,63 €/KG","img":"https://fd13-photos.leclercdrive.fr/image.ashx?id=2949850&use=l&cat=p&typeid=i","cat":285041},{"id":108998,"n":"liégeois chocolat danette - 12x100g","p":4.93,"u":"4,11 €/KG","img":"https://fd13-photos.leclercdrive.fr/image.ashx?id=2907842&use=l&cat=p&typeid=i","cat":285042},{"id":109111,"n":"Calculette Texas Instrument TI-83 premium - Noir/Blanc","p":84.77,"u":"Dont 0,07 € d'éco-part.","img":"https://fd13-photos.leclercdrive.fr/image.ashx?id=2593974&use=l&cat=p&typeid=i","cat":334133},{"id":109271,"n":"Yaourt à boire Yop Aromatisé Coco - 825g","p":1.96,"u":"2,38 €/KG","img":"https://fd13-photos.leclercdrive.fr/image.ashx?id=2855576&use=l&cat=p&typeid=i","cat":284415},{"id":109274,"n":"Yaourt Enfant Petits Filous Aromatisé à la Fraise - 6x100g","p":2.9,"u":"4,83 €/KG","img":"https://fd13-photos.leclercdrive.fr/image.ashx?id=2748434&use=l&cat=p&typeid=i","cat":284415},{"id":109309,"n":"Bol semoule 8 mois Bio Village Bio Patate douce lait - 2x200g","p":2.49,"u":"6,23 €/KG","img":"https://fd13-photos.leclercdrive.fr/image.ashx?id=2704807&use=l&cat=p&typeid=i","cat":312239},{"id":109310,"n":"Bol Bio Village 6 mois bio Petits pois Riz Maïs - 2x200g","p":2.21,"u":"5,53 €/KG","img":"https://fd13-photos.leclercdrive.fr/image.ashx?id=2704819&use=l&cat=p&typeid=i","cat":312239},{"id":109317,"n":"Bol Bio village 6 mois Bio Ratatouille Quinoa - 2x200g","p":2.45,"u":"6,13 €/KG","img":"https://fd13-photos.leclercdrive.fr/image.ashx?id=2704822&use=l&cat=p&typeid=i","cat":312239},{"id":109323,"n":"Rillettes thon blanc tomséchées Les Mouettes d'Arvor - 125g","p":2.98,"u":"23,84 €/KG","img":"https://fd13-photos.leclercdrive.fr/image.ashx?id=1901269&use=l&cat=p&typeid=i","cat":303867},{"id":109328,"n":"Rillettes Les Mouettes d'Arvor Thon poivre vert- 125g","p":3.03,"u":"24,24 €/KG","img":"https://fd13-photos.leclercdrive.fr/image.ashx?id=1901272&use=l&cat=p&typeid=i","cat":303867},{"id":109348,"n":"Panaché Falsbourg <0.5% vol. Canettes - 6x33cl","p":3.11,"u":"1,57 €/L","img":"https://fd13-photos.leclercdrive.fr/image.ashx?id=2637958&use=l&cat=p&typeid=i","cat":334853},{"id":109369,"n":"Panaché Falsbourg  <0.5% vol. - 10X25cl","p":2.99,"u":"1,20 €/L","img":"https://fd13-photos.leclercdrive.fr/image.ashx?id=2637967&use=l&cat=p&typeid=i","cat":334877},{"id":109387,"n":"Pur jus Tropicana Réveil des Tropiques 90cl","p":2.88,"u":"3,20 €/L","img":"https://fd13-photos.leclercdrive.fr/image.ashx?id=2529279&use=l&cat=p&typeid=i","cat":285435},{"id":109437,"n":"Repas bébé Blédichef 12 mois  Couscous - 2x230g","p":3.6,"u":"7,83 €/KG","img":"https://fd13-photos.leclercdrive.fr/image.ashx?id=2479706&use=l&cat=p&typeid=i","cat":312237},{"id":109441,"n":"Thon entier MSC Pêche Océan Naturel - 140g","p":2.17,"u":"15,50 €/KG","img":"https://fd13-photos.leclercdrive.fr/image.ashx?id=1725344&use=l&cat=p&typeid=i","cat":303867},{"id":109444,"n":"Bol brocolis Bio Village Pomme de terre bio 4mois 2x120g","p":1.45,"u":"6,04 €/KG","img":"https://fd13-photos.leclercdrive.fr/image.ashx?id=1694704&use=l&cat=p&typeid=i","cat":312234},{"id":109449,"n":"Jus innocent ananas 900ml","p":3.35,"u":"3,72 €/L","img":"https://fd13-photos.leclercdrive.fr/image.ashx?id=2184732&use=l&cat=p&typeid=i","cat":285435},{"id":109455,"n":"Boisson lactée Danao Orange Banane Fraise - 900ml","p":2.2,"u":"2,44 €/L","img":"https://fd13-photos.leclercdrive.fr/image.ashx?id=2609908&use=l&cat=p&typeid=i","cat":285435},{"id":109457,"n":"Boisson lactée Danao Pêche Abricot - 900ml","p":2.2,"u":"2,44 €/L","img":"https://fd13-photos.leclercdrive.fr/image.ashx?id=2606367&use=l&cat=p&typeid=i","cat":285435},{"id":109499,"n":"crème dessert caramel beurre salé danette - 4x125g","p":1.57,"u":"3,14 €/KG","img":"https://fd13-photos.leclercdrive.fr/image.ashx?id=1987455&use=l&cat=p&typeid=i","cat":285041},{"id":109509,"n":"crème dessert café danette - 4x125g","p":1.65,"u":"3,30 €/KG","img":"https://fd13-photos.leclercdrive.fr/image.ashx?id=2961867&use=l&cat=p&typeid=i","cat":285041},{"id":109548,"n":"Olives vertes bio Bio Village - 160g","p":2.79,"u":"17,44 €/KG","img":"https://fd13-photos.leclercdrive.fr/image.ashx?id=2552448&use=l&cat=p&typeid=i","cat":284450},{"id":109567,"n":"AdBlue Diframa avec flexible 5L","p":6.9,"u":"1,38 €/L","img":"https://fd13-photos.leclercdrive.fr/image.ashx?id=1867723&use=l&cat=p&typeid=i","cat":298253},{"id":109589,"n":"Mouchoirs Balsam Kleenex® Etuis regular x10","p":2.09,"u":"0,21 €/P","img":"https://fd13-photos.leclercdrive.fr/image.ashx?id=2840304&use=l&cat=p&typeid=i","cat":284638},{"id":109607,"n":"Skyr Danone nature 0%mg - 480g","p":3.36,"u":"7,00 €/KG","img":"https://fd13-photos.leclercdrive.fr/image.ashx?id=2810615&use=l&cat=p&typeid=i","cat":284409},{"id":109609,"n":"Petit suisse nature Gervais 3,9% MG - 12x60g","p":2.77,"u":"3,85 €/KG","img":"https://fd13-photos.leclercdrive.fr/image.ashx?id=2256757&use=l&cat=p&typeid=i","cat":284409},{"id":109627,"n":"Crème dessert Danette vanille lit de chocolat -4x125g","p":1.62,"u":"3,24 €/KG","img":"https://fd13-photos.leclercdrive.fr/image.ashx?id=2939187&use=l&cat=p&typeid=i","cat":285041},{"id":109643,"n":"Pois chiches Notre Jardin Bocal 570g","p":1.1,"u":"1,93 €/KG","img":"https://fd13-photos.leclercdrive.fr/image.ashx?id=2578499&use=l&cat=p&typeid=i","cat":312609},{"id":109647,"n":"Lupins extra 870g","p":2.65,"u":"5,30 €/KG","img":"https://fd13-photos.leclercdrive.fr/image.ashx?id=2304914&use=l&cat=p&typeid=i","cat":312611},{"id":109651,"n":"Haricots blancs Bocal - 570g","p":1.1,"u":"1,93 €/KG","img":"https://fd13-photos.leclercdrive.fr/image.ashx?id=2578493&use=l&cat=p&typeid=i","cat":312606},{"id":109666,"n":"Café en grains L'OR Sélection 100% Arabica N° 6 1kg","p":18.26,"u":"18,26 €/KG","img":"https://fd13-photos.leclercdrive.fr/image.ashx?id=3000483&use=l&cat=p&typeid=i","cat":293237},{"id":109670,"n":"Compotes Pom'Potes Gourdes  Mix de Pommes - 20x90g","p":7.38,"u":"4,10 €/KG","img":"https://fd13-photos.leclercdrive.fr/image.ashx?id=2563349&use=l&cat=p&typeid=i","cat":284508},{"id":109742,"n":"Jus pour bébé NATURNES BIO Poire Abricot 6M+ - 20cl","p":0.92,"u":"4,60 €/L","img":"https://fd13-photos.leclercdrive.fr/image.ashx?id=2532258&use=l&cat=p&typeid=i","cat":312388},{"id":109749,"n":"Liquide de rinçage Uni Vert Lave-vaisselle Ecologique-750ml","p":1.99,"u":"2,65 €/L","img":"https://fd13-photos.leclercdrive.fr/image.ashx?id=2184134&use=l&cat=p&typeid=i","cat":284657},{"id":109753,"n":"Sauce crudité Amora Nature - 380ml","p":1.92,"u":"5,05 €/KG","img":"https://fd13-photos.leclercdrive.fr/image.ashx?id=2644995&use=l&cat=p&typeid=i","cat":284456},{"id":109873,"n":"Pur jus de pomme Jafaden Douceur - 1L","p":1.5,"u":"1,50 €/L","img":"https://fd13-photos.leclercdrive.fr/image.ashx?id=2863178&use=l&cat=p&typeid=i","cat":284522},{"id":109892,"n":"Soda Coca-Cola Cherry Bouteille - 1,25L","p":1.8,"u":"1,44 €/L","img":"https://fd13-photos.leclercdrive.fr/image.ashx?id=2678161&use=l&cat=p&typeid=i","cat":284530},{"id":109893,"n":"Soda Coca-Cola Vanille Bouteille - 1,25L","p":1.98,"u":"1,58 €/L","img":"https://fd13-photos.leclercdrive.fr/image.ashx?id=2678164&use=l&cat=p&typeid=i","cat":284530},{"id":109929,"n":"Stylo-bille 4 couleurs Bic Métallique - Shine - x1","p":1.78,"img":"https://fd13-photos.leclercdrive.fr/image.ashx?id=1555207&use=l&cat=p&typeid=i","cat":284696},{"id":109997,"n":"Boite de classement Esquisse Vert - Dos 4cm","p":2.55,"img":"https://fd13-photos.leclercdrive.fr/image.ashx?id=1181758&use=l&cat=p&typeid=i","cat":284745},{"id":110000,"n":"Cornichons fins AMORA Bocal - 540g","p":3.89,"u":"7,20 €/KG","img":"https://fd13-photos.leclercdrive.fr/image.ashx?id=2672710&use=l&cat=p&typeid=i","cat":284458},{"id":110005,"n":"Repas bébé Blédichef 12 mois  Riz légumes poulet - 2x230g","p":3.62,"u":"7,87 €/KG","img":"https://fd13-photos.leclercdrive.fr/image.ashx?id=2361843&use=l&cat=p&typeid=i","cat":312237},{"id":110007,"n":"Tam Tam l'Original Saint-Michel - 275g","p":1.96,"u":"7,13 €/KG","img":"https://fd13-photos.leclercdrive.fr/image.ashx?id=2936239&use=l&cat=p&typeid=i","cat":284495},{"id":110009,"n":"Boisson végétale Bio Village Epeautre bio - 1l","p":1.9,"u":"1,90 €/L","img":"https://fd13-photos.leclercdrive.fr/image.ashx?id=2384935&use=l&cat=p&typeid=i","cat":316067},{"id":110039,"n":"Boisson amande Nat & Vie Sans sucre - 1L","p":1.36,"u":"1,36 €/L","img":"https://fd13-photos.leclercdrive.fr/image.ashx?id=2882340&use=l&cat=p&typeid=i","cat":316067},{"id":110048,"n":"Tendres effilés Chats Felix Encore plus de sauce 12x85g","p":4.97,"u":"4,87 €/KG","img":"https://fd13-photos.leclercdrive.fr/image.ashx?id=2957662&use=l&cat=p&typeid=i","cat":285286},{"id":110058,"n":"Crêpe fourrée Whaou Chocolat - x24 - 768g","p":4.05,"u":"5,27 €/KG","img":"https://fd13-photos.leclercdrive.fr/image.ashx?id=2955818&use=l&cat=p&typeid=i","cat":284494},{"id":110086,"n":"Joker Le Fruit Jus d'orange Et d'agrumes - 1L","p":2.79,"u":"2,79 €/L","img":"https://fd13-photos.leclercdrive.fr/image.ashx?id=2678960&use=l&cat=p&typeid=i","cat":284521},{"id":110087,"n":"Joker Le Fruit Jus multifruits exotiques - 1L","p":2.15,"u":"2,15 €/L","img":"https://fd13-photos.leclercdrive.fr/image.ashx?id=2826864&use=l&cat=p&typeid=i","cat":284917},{"id":110089,"n":"Croquettes chat  One Nature stérilisé boeuf - 1.4kg","p":7.77,"u":"5,55 €/KG","img":"https://fd13-photos.leclercdrive.fr/image.ashx?id=2383907&use=l&cat=p&typeid=i","cat":284680},{"id":110097,"n":"Café en grains Plantation  Noir - 500g","p":7.95,"u":"15,90 €/KG","img":"https://fd13-photos.leclercdrive.fr/image.ashx?id=1702158&use=l&cat=p&typeid=i","cat":293237},{"id":110101,"n":"Huile d'olive vierge extra 1.5L","p":12.9,"u":"8,60 €/L","img":"https://fd13-photos.leclercdrive.fr/image.ashx?id=2898035&use=l&cat=p&typeid=i","cat":284453},{"id":110103,"n":"Huile d'olive vierge extra 25cl","p":2.89,"u":"11,56 €/L","img":"https://fd13-photos.leclercdrive.fr/image.ashx?id=2892349&use=l&cat=p&typeid=i","cat":284453},{"id":110115,"n":"Cahier Esquisse - 96 p Vert - 21x29.7cm","p":1.1,"img":"https://fd13-photos.leclercdrive.fr/image.ashx?id=981962&use=l&cat=p&typeid=i","cat":284697},{"id":110119,"n":"Protège-document Esquisse Vert - A4 - 60 vues","p":1.95,"img":"https://fd13-photos.leclercdrive.fr/image.ashx?id=940827&use=l&cat=p&typeid=i","cat":284745},{"id":110121,"n":"Whisky Aberlour 10 ans Forest Single Malt Scotch 40% vol 70cl","p":25.78,"u":"36,83 €/L","img":"https://fd13-photos.leclercdrive.fr/image.ashx?id=3014871&use=l&cat=p&typeid=i","cat":284547},{"id":110122,"n":"Boîte classement Esquisse Vert -  2,5cm - x1","p":2.09,"img":"https://fd13-photos.leclercdrive.fr/image.ashx?id=713807&use=l&cat=p&typeid=i","cat":284745},{"id":110130,"n":"Dessert lacté Bio Village Bio - Abricot 6-9 mois 4x100g","p":2.04,"u":"5,10 €/KG","img":"https://fd13-photos.leclercdrive.fr/image.ashx?id=2709752&use=l&cat=p&typeid=i","cat":312392},{"id":110139,"n":"Dessert lacté bio Bio Village Brassé nature sucré - 4x100g","p":2.12,"u":"5,30 €/KG","img":"https://fd13-photos.leclercdrive.fr/image.ashx?id=2709761&use=l&cat=p&typeid=i","cat":312392},{"id":110146,"n":"Matière grasse Rustica Tournesol -60%MG -1/2 sel -500G","p":1.75,"u":"3,50 €/KG","img":"https://fd13-photos.leclercdrive.fr/image.ashx?id=2949421&use=l&cat=p&typeid=i","cat":315229},{"id":110150,"n":"Bol légumes  Bio Village Bio Poulet - 8mois - 2x200g","p":2.49,"u":"6,23 €/KG","img":"https://fd13-photos.leclercdrive.fr/image.ashx?id=2704780&use=l&cat=p&typeid=i","cat":312236},{"id":110159,"n":"Bol légumes saumon Bio Village Bio - 12 mois - 2x200g","p":2.69,"u":"6,73 €/KG","img":"https://fd13-photos.leclercdrive.fr/image.ashx?id=2704783&use=l&cat=p&typeid=i","cat":312237},{"id":110178,"n":"Radis ronds  Panier du Primeur - 250g","p":0.99,"u":"3,96 €/KG","img":"https://fd13-photos.leclercdrive.fr/image.ashx?id=3015117&use=l&cat=p&typeid=i","cat":284352},{"id":110179,"n":"Bol risotto Tomate Bio Village Aubergine bio - 2x200g","p":2.55,"u":"6,38 €/KG","img":"https://fd13-photos.leclercdrive.fr/image.ashx?id=2704825&use=l&cat=p&typeid=i","cat":312237},{"id":110182,"n":"Bol Spaghetti Bio Village 8mois Bio Bolognaise - 2x200g","p":2.59,"u":"6,48 €/KG","img":"https://fd13-photos.leclercdrive.fr/image.ashx?id=2704828&use=l&cat=p&typeid=i","cat":312236},{"id":110423,"n":"Cahier Esquisse  Bleu - 24x32cm - 96p","p":1.39,"img":"https://fd13-photos.leclercdrive.fr/image.ashx?id=1703713&use=l&cat=p&typeid=i","cat":284697},{"id":110455,"n":"Cahier Esquisse - 96 pages Vert  - 24x32cm","p":1.39,"img":"https://fd13-photos.leclercdrive.fr/image.ashx?id=1705057&use=l&cat=p&typeid=i","cat":284697},{"id":110459,"n":"Calculatrice Esquisse Noire","p":2.99,"u":"Dont 0,13 € d'éco-part.","img":"https://fd13-photos.leclercdrive.fr/image.ashx?id=1705060&use=l&cat=p&typeid=i","cat":334133},{"id":110487,"n":"Soja bio semi-épais Bjorg Offre spéciale - 2x25cl","p":2.3,"u":"4,60 €/L","img":"https://fd13-photos.leclercdrive.fr/image.ashx?id=2158986&use=l&cat=p&typeid=i","cat":316069},{"id":110509,"n":"boisson végétale lait d'amande non grillée sans sucre alpro-1l","p":2.17,"u":"2,17 €/L","img":"https://fd13-photos.leclercdrive.fr/image.ashx?id=2980085&use=l&cat=p&typeid=i","cat":316067},{"id":110526,"n":"Protège-document Bleu - A4 - 120 vues","p":3.49,"img":"https://fd13-photos.leclercdrive.fr/image.ashx?id=940847&use=l&cat=p&typeid=i","cat":284745},{"id":110527,"n":"Protège-document Vert - A4 - 120 vues","p":3.49,"img":"https://fd13-photos.leclercdrive.fr/image.ashx?id=940879&use=l&cat=p&typeid=i","cat":284745},{"id":110556,"n":"Jus innocent plus  infatigableu 750ml","p":2.97,"u":"3,96 €/L","img":"https://fd13-photos.leclercdrive.fr/image.ashx?id=2862874&use=l&cat=p&typeid=i","cat":285435},{"id":110558,"n":"Protège-document Esquisse Violet - A4 - 60 vues","p":1.95,"img":"https://fd13-photos.leclercdrive.fr/image.ashx?id=932864&use=l&cat=p&typeid=i","cat":284745},{"id":110566,"n":"Crème dépilatoire Veet Men Corps Peaux Sensibles 200ml","p":4.35,"u":"21,75 €/L","img":"https://fd13-photos.leclercdrive.fr/image.ashx?id=2965689&use=l&cat=p&typeid=i","cat":284617},{"id":110574,"n":"Culotte absorbante Chorys Plus large - x14","p":8.65,"u":"0,62 €/P","img":"https://fd13-photos.leclercdrive.fr/image.ashx?id=2458112&use=l&cat=p&typeid=i","cat":284628},{"id":110575,"n":"Dentifrice Bionaïa Coco Aloe Vera bio - 75ml","p":1.99,"u":"26,53 €/L","img":"https://fd13-photos.leclercdrive.fr/image.ashx?id=2982904&use=l&cat=p&typeid=i","cat":284612},{"id":110590,"n":"Recharge Électrique Glade Bois de Santal & Jasmin 20ml","p":3.94,"img":"https://fd13-photos.leclercdrive.fr/image.ashx?id=2600773&use=l&cat=p&typeid=i","cat":311629},{"id":110595,"n":"Gel Lave-Vaisselle Sun Tout-en-1 Expert Plus 52 Lavage","p":7.9,"u":"8,78 €/L","img":"https://fd13-photos.leclercdrive.fr/image.ashx?id=2835580&use=l&cat=p&typeid=i","cat":284656},{"id":110596,"n":"Poudre Lave Vaisselle Sun Classique 90 Lavages","p":8.84,"u":"3,10 €/KG","img":"https://fd13-photos.leclercdrive.fr/image.ashx?id=2866172&use=l&cat=p&typeid=i","cat":284656},{"id":110643,"n":"Yaourt à la Grecque Délisse Caramel beurre salé - 4x150g","p":2.59,"u":"4,32 €/KG","img":"https://fd13-photos.leclercdrive.fr/image.ashx?id=2699753&use=l&cat=p&typeid=i","cat":314999},{"id":110677,"n":"Couteau Le Couteau du chef De cuisine 17cm - 1 pièce","p":7.25,"img":"https://fd13-photos.leclercdrive.fr/image.ashx?id=1889893&use=l&cat=p&typeid=i","cat":334135},{"id":110707,"n":"Beurre gastronomique Les Croisé Doux - 82% MG - 250g","p":2.49,"u":"9,96 €/KG","img":"https://fd13-photos.leclercdrive.fr/image.ashx?id=2331883&use=l&cat=p&typeid=i","cat":284379},{"id":110712,"n":"Boisson lacté Délisse Vanille - 6x20cl","p":2.19,"u":"1,83 €/L","img":"https://fd13-photos.leclercdrive.fr/image.ashx?id=2171916&use=l&cat=p&typeid=i","cat":295246},{"id":110742,"n":"Protège-document Fuchsia - A4 - 120 vues","p":3.49,"img":"https://fd13-photos.leclercdrive.fr/image.ashx?id=1694239&use=l&cat=p&typeid=i","cat":284745},{"id":110786,"n":"Plat à cake porcelaine 1 pièce","p":5.5,"img":"https://fd13-photos.leclercdrive.fr/image.ashx?id=1704547&use=l&cat=p&typeid=i","cat":334134},{"id":110808,"n":"Protège-documents Esquisse  Fuchsia - A4 - 40 vues","p":1.79,"img":"https://fd13-photos.leclercdrive.fr/image.ashx?id=1690173&use=l&cat=p&typeid=i","cat":284745},{"id":110814,"n":"Classeur cahier Esquisse Turquoise - Polypro - 21x29.7cm","p":1.89,"img":"https://fd13-photos.leclercdrive.fr/image.ashx?id=1698745&use=l&cat=p&typeid=i","cat":284745},{"id":110817,"n":"Classeur cahier Esquisse Violet - Polypro - 21x29.7cm","p":1.89,"img":"https://fd13-photos.leclercdrive.fr/image.ashx?id=932844&use=l&cat=p&typeid=i","cat":284745},{"id":110819,"n":"Protège-document Esquisse x1 Fuchsia - A4 - 80 vues","p":2.49,"img":"https://fd13-photos.leclercdrive.fr/image.ashx?id=1694269&use=l&cat=p&typeid=i","cat":284745},{"id":110849,"n":"Dentifrice Bionaïa Charbon bio - 75ml","p":1.99,"u":"26,53 €/L","img":"https://fd13-photos.leclercdrive.fr/image.ashx?id=1705150&use=l&cat=p&typeid=i","cat":284612},{"id":110858,"n":"Jus pour bébé Naturnes 6 mois Poire Banane Bio - 200ml","p":0.93,"u":"4,65 €/L","img":"https://fd13-photos.leclercdrive.fr/image.ashx?id=2406238&use=l&cat=p&typeid=i","cat":312388},{"id":110884,"n":"Viande hachée Bio Yooji Dinde - 6 mois et   - 120g","p":4.57,"u":"38,08 €/KG","img":"https://fd13-photos.leclercdrive.fr/image.ashx?id=2575738&use=l&cat=p&typeid=i","cat":290631},{"id":110914,"n":"Sirop de menthe Sport 60cl","p":2.29,"u":"3,82 €/L","img":"https://fd13-photos.leclercdrive.fr/image.ashx?id=1892345&use=l&cat=p&typeid=i","cat":295020},{"id":111207,"n":"Jenlain ambrée 75cl","p":2.89,"u":"3,85 €/L","img":"https://fd13-photos.leclercdrive.fr/image.ashx?id=2732848&use=l&cat=p&typeid=i","cat":334852},{"id":111211,"n":"Pain de mie La Boulangère Seigle graines - 500g","p":1.91,"u":"3,82 €/KG","img":"https://fd13-photos.leclercdrive.fr/image.ashx?id=2912425&use=l&cat=p&typeid=i","cat":284477},{"id":111363,"n":"Allumettes Eco+ Nature - 2x100g","p":1.17,"u":"5,85 €/KG","img":"https://fd13-photos.leclercdrive.fr/image.ashx?id=2688255&use=l&cat=p&typeid=i","cat":316011},{"id":111369,"n":"Allumettes Eco+ Fumées - 2x100g","p":1.16,"u":"5,80 €/KG","img":"https://fd13-photos.leclercdrive.fr/image.ashx?id=2688258&use=l&cat=p&typeid=i","cat":316011},{"id":111377,"n":"Piles Alcalines Energizer Max  plus AAA LR03 1.5V - x4","p":6.2,"u":"1,55 €/P","img":"https://fd13-photos.leclercdrive.fr/image.ashx?id=1709427&use=l&cat=p&typeid=i","cat":300572},{"id":111414,"n":"Repas bébé Blédichef 12 mois  Spaghetti bolognaise - 230g","p":1.75,"u":"7,61 €/KG","img":"https://fd13-photos.leclercdrive.fr/image.ashx?id=2643491&use=l&cat=p&typeid=i","cat":312237},{"id":111415,"n":"Repas bébé Blédichef 12 mois Purée épinards saumon - 230g","p":1.7,"u":"6,80 €/KG","img":"https://fd13-photos.leclercdrive.fr/image.ashx?id=1710731&use=l&cat=p&typeid=i","cat":312237},{"id":111417,"n":"Trieur Esquisse 3 rabats Vert - 12 positions","p":3.89,"img":"https://fd13-photos.leclercdrive.fr/image.ashx?id=1186006&use=l&cat=p&typeid=i","cat":284745},{"id":111418,"n":"Repas bébé Blédichef 15 mois Risotto courgette saumon - 250g","p":1.97,"u":"7,88 €/KG","img":"https://fd13-photos.leclercdrive.fr/image.ashx?id=2643488&use=l&cat=p&typeid=i","cat":312238},{"id":111420,"n":"Compotes Materne Coupelles  Pomme Nature - 12x100g","p":4.29,"u":"3,58 €/KG","img":"https://fd13-photos.leclercdrive.fr/image.ashx?id=3010867&use=l&cat=p&typeid=i","cat":284508},{"id":111422,"n":"Compotes Pom'Potes Gourdes  Pomm P. Frais P. Framb - 32x90g","p":12.51,"u":"4,34 €/KG","img":"https://fd13-photos.leclercdrive.fr/image.ashx?id=2870182&use=l&cat=p&typeid=i","cat":284508},{"id":111423,"n":"Compotes Materne Coupelles  Multivariétés Jaunes - 12x100g","p":4.51,"u":"3,76 €/KG","img":"https://fd13-photos.leclercdrive.fr/image.ashx?id=3012191&use=l&cat=p&typeid=i","cat":284508},{"id":111424,"n":"Repas bébé Blédichef 12 mois  Hachis parmentier - 230g","p":1.69,"u":"7,35 €/KG","img":"https://fd13-photos.leclercdrive.fr/image.ashx?id=2478571&use=l&cat=p&typeid=i","cat":312237},{"id":111425,"n":"Chips lentilles Vico Fines herbes - 85g","p":1.69,"u":"19,88 €/KG","img":"https://fd13-photos.leclercdrive.fr/image.ashx?id=3000096&use=l&cat=p&typeid=i","cat":284447},{"id":111426,"n":"Chips lentille Vico Tomate mozzarella - 85g","p":1.87,"u":"22,00 €/KG","img":"https://fd13-photos.leclercdrive.fr/image.ashx?id=2989255&use=l&cat=p&typeid=i","cat":284447},{"id":111430,"n":"Compotes Materne Coupelles  Multivariétés Rouges - 12x100g","p":4.43,"u":"3,69 €/KG","img":"https://fd13-photos.leclercdrive.fr/image.ashx?id=3010870&use=l&cat=p&typeid=i","cat":284508},{"id":111432,"n":"Plat bébé soir Blédichef 15mois Pomme de terre chou fleur -250g","p":1.93,"u":"7,72 €/KG","img":"https://fd13-photos.leclercdrive.fr/image.ashx?id=2479018&use=l&cat=p&typeid=i","cat":312239},{"id":111435,"n":"Repas bébé Blédichef 18 mois  Ratatouille poulet - 250g","p":1.91,"u":"7,64 €/KG","img":"https://fd13-photos.leclercdrive.fr/image.ashx?id=2951596&use=l&cat=p&typeid=i","cat":312238},{"id":111463,"n":"Thé vert Menthe Bio Pagès 20 sachets - 36g","p":2.47,"u":"68,61 €/KG","img":"https://fd13-photos.leclercdrive.fr/image.ashx?id=2751090&use=l&cat=p&typeid=i","cat":293233},{"id":111464,"n":"Thé vert Bio Pages Citron Vert - 20 sachets - 36g","p":2.59,"u":"71,94 €/KG","img":"https://fd13-photos.leclercdrive.fr/image.ashx?id=2751102&use=l&cat=p&typeid=i","cat":293233},{"id":111587,"n":"Café dosettes Tassimo L'Or XL Classique x16","p":4.77,"u":"35,07 €/KG","img":"https://fd13-photos.leclercdrive.fr/image.ashx?id=2100308&use=l&cat=p&typeid=i","cat":293240},{"id":111590,"n":"Capsules café L'Or Espresso Lungo Mattinata N°5 x10","p":3.59,"u":"69,04 €/KG","img":"https://fd13-photos.leclercdrive.fr/image.ashx?id=3002309&use=l&cat=p&typeid=i","cat":284749},{"id":111641,"n":"Pur jus d'ananas Bio Village Bio - 6x20cl","p":4.98,"u":"4,15 €/L","img":"https://fd13-photos.leclercdrive.fr/image.ashx?id=2187079&use=l&cat=p&typeid=i","cat":284916},{"id":111700,"n":"Citronnade Bio Village Bio - 1L","p":1.24,"u":"1,24 €/L","img":"https://fd13-photos.leclercdrive.fr/image.ashx?id=2655719&use=l&cat=p&typeid=i","cat":295018},{"id":111729,"n":"Tomate ronde  1P","p":0.45,"img":"https://fd13-photos.leclercdrive.fr/image.ashx?id=1633361&use=l&cat=p&typeid=i","cat":284352},{"id":111785,"n":"Soda Pepsi Cola cerise sans sucres - 1.5L","p":1.64,"u":"1,09 €/L","img":"https://fd13-photos.leclercdrive.fr/image.ashx?id=2734924&use=l&cat=p&typeid=i","cat":284530},{"id":111829,"n":"Compote Charles & Alice Pommes Fraises - 4x100g","p":1.75,"u":"4,38 €/KG","img":"https://fd13-photos.leclercdrive.fr/image.ashx?id=2757338&use=l&cat=p&typeid=i","cat":284416},{"id":111832,"n":"Lotion Eau Précieuse 375ml","p":10.0,"u":"26,67 €/L","img":"https://fd13-photos.leclercdrive.fr/image.ashx?id=2057251&use=l&cat=p&typeid=i","cat":301587},{"id":111901,"n":"Coloration Permanente Olia 4.15 Marron Glacé","p":8.36,"img":"https://fd13-photos.leclercdrive.fr/image.ashx?id=2471322&use=l&cat=p&typeid=i","cat":288899},{"id":111911,"n":"Crème anti-rides Bionaïa Bio - 50ml","p":5.59,"u":"111,80 €/L","img":"https://fd13-photos.leclercdrive.fr/image.ashx?id=2946463&use=l&cat=p&typeid=i","cat":325345},{"id":111938,"n":"Bière blonde Affligem  Sans alcool - 6x25cl","p":5.01,"u":"3,34 €/L","img":"https://fd13-photos.leclercdrive.fr/image.ashx?id=2979695&use=l&cat=p&typeid=i","cat":334877},{"id":111959,"n":"Stylo plume Esquisse Tribal - Noir + 2 cartouches","p":2.19,"img":"https://fd13-photos.leclercdrive.fr/image.ashx?id=969073&use=l&cat=p&typeid=i","cat":284696},{"id":111972,"n":"Serviettes Discreet Tena Lady Extra Plus - x16","p":6.46,"u":"0,40 €/P","img":"https://fd13-photos.leclercdrive.fr/image.ashx?id=2597250&use=l&cat=p&typeid=i","cat":284628},{"id":111987,"n":"Repas bébé Blédichef 18 mois  Pâtes boeuf bourguignon - 250g","p":1.89,"u":"7,56 €/KG","img":"https://fd13-photos.leclercdrive.fr/image.ashx?id=2643746&use=l&cat=p&typeid=i","cat":312238},{"id":111988,"n":"Plat bébé soir Blédichef 18mois Pâtes carotte - 250g","p":1.71,"u":"6,84 €/KG","img":"https://fd13-photos.leclercdrive.fr/image.ashx?id=2479024&use=l&cat=p&typeid=i","cat":312239},{"id":111989,"n":"Plat bébé soir Blédichef 12mois Semoule carotte - 230g","p":1.64,"u":"7,13 €/KG","img":"https://fd13-photos.leclercdrive.fr/image.ashx?id=2852363&use=l&cat=p&typeid=i","cat":312239},{"id":111990,"n":"Plat bébé soir Blédichef 18mois Pâtes épinards carotte - 250g","p":1.69,"u":"6,76 €/KG","img":"https://fd13-photos.leclercdrive.fr/image.ashx?id=2479027&use=l&cat=p&typeid=i","cat":312239},{"id":112017,"n":"AOP Côtes du Marmandais La Vieille Eglise - 3L","p":12.1,"u":"4,03 €/L","img":"https://fd13-photos.leclercdrive.fr/image.ashx?id=2022453&use=l&cat=p&typeid=i","cat":289560},{"id":112025,"n":"Fromage St Marcellin IGP 25%mg NRT - 80g","p":1.59,"u":"19,88 €/KG","img":"https://fd13-photos.leclercdrive.fr/image.ashx?id=1963550&use=l&cat=p&typeid=i","cat":329558},{"id":112026,"n":"Fromage Saint Félicien Dauphine NRT - 180g","p":2.65,"u":"14,72 €/KG","img":"https://fd13-photos.leclercdrive.fr/image.ashx?id=2476185&use=l&cat=p&typeid=i","cat":329558},{"id":112070,"n":"Galettes bio St Michel Au bon beurre - 130g","p":1.26,"u":"9,69 €/KG","img":"https://fd13-photos.leclercdrive.fr/image.ashx?id=2936236&use=l&cat=p&typeid=i","cat":284487},{"id":112143,"n":"Oignon rouge Panier du Primeur x4","p":1.79,"u":"0,45 €/P","img":"https://fd13-photos.leclercdrive.fr/image.ashx?id=2966490&use=l&cat=p&typeid=i","cat":284352},{"id":112150,"n":"Graisse à Frire Vegétaline 100% végétale - 1kg","p":6.95,"u":"6,95 €/KG","img":"https://fd13-photos.leclercdrive.fr/image.ashx?id=1928297&use=l&cat=p&typeid=i","cat":315229},{"id":112153,"n":"Planta Fin Cuisson 79%MG - 500ml","p":2.54,"u":"5,08 €/L","img":"https://fd13-photos.leclercdrive.fr/image.ashx?id=2793083&use=l&cat=p&typeid=i","cat":315229},{"id":112163,"n":"Bière blonde 8.6 I.P.L  Blonde - 50cl","p":1.84,"u":"3,68 €/L","img":"https://fd13-photos.leclercdrive.fr/image.ashx?id=2677618&use=l&cat=p&typeid=i","cat":334853},{"id":112210,"n":"Bière blonde Affligem 6x25cl","p":5.29,"u":"3,53 €/L","img":"https://fd13-photos.leclercdrive.fr/image.ashx?id=2530323&use=l&cat=p&typeid=i","cat":334852},{"id":112211,"n":"Bière blonde Affligem Cuvée légère 4.6° - 6x25cl","p":4.69,"u":"3,13 €/L","img":"https://fd13-photos.leclercdrive.fr/image.ashx?id=2672017&use=l&cat=p&typeid=i","cat":334852},{"id":112291,"n":"Yaourt protéiné Hipro Myrtille 0%mg - 2x160g","p":2.22,"u":"6,94 €/KG","img":"https://fd13-photos.leclercdrive.fr/image.ashx?id=2800285&use=l&cat=p&typeid=i","cat":315000},{"id":112292,"n":"Yaourt protéiné Hipro Citron 0%mg - 2x160g","p":2.14,"u":"6,69 €/KG","img":"https://fd13-photos.leclercdrive.fr/image.ashx?id=2945415&use=l&cat=p&typeid=i","cat":315000},{"id":112293,"n":"Yaourt à boire protéiné Hipro Vanille cookie 0%mg - 300g","p":2.18,"u":"7,27 €/KG","img":"https://fd13-photos.leclercdrive.fr/image.ashx?id=2329753&use=l&cat=p&typeid=i","cat":315000},{"id":112294,"n":"Yaourt à boire protéiné Hipro Fraise framboise 0%mg - 300g","p":2.04,"u":"6,80 €/KG","img":"https://fd13-photos.leclercdrive.fr/image.ashx?id=2806060&use=l&cat=p&typeid=i","cat":315000},{"id":112330,"n":"Sauce soja sucre Kikkoman Carafe - 150ml","p":4.13,"u":"27,53 €/L","img":"https://fd13-photos.leclercdrive.fr/image.ashx?id=2536293&use=l&cat=p&typeid=i","cat":288992},{"id":112335,"n":"Sauce soja carafe Kikkoman 150ml","p":3.98,"u":"26,53 €/L","img":"https://fd13-photos.leclercdrive.fr/image.ashx?id=2536290&use=l&cat=p&typeid=i","cat":288992},{"id":112367,"n":"Protège matelas Tissaia Imperméable 90x190cm coton","p":15.95,"img":"https://fd13-photos.leclercdrive.fr/image.ashx?id=2380244&use=l&cat=p&typeid=i","cat":288835},{"id":112368,"n":"Protège matelas Tissaia Imperméable 140x190cm coton","p":19.85,"img":"https://fd13-photos.leclercdrive.fr/image.ashx?id=2380247&use=l&cat=p&typeid=i","cat":288835},{"id":112471,"n":"Mousse Danette  Chocolat - 4x60g","p":1.69,"u":"7,04 €/KG","img":"https://fd13-photos.leclercdrive.fr/image.ashx?id=2964923&use=l&cat=p&typeid=i","cat":284417},{"id":112503,"n":"Baume de nuit La Provençale Bio Anti-Âge regénérant - 50ml","p":7.57,"u":"151,40 €/L","img":"https://fd13-photos.leclercdrive.fr/image.ashx?id=2950360&use=l&cat=p&typeid=i","cat":325345},{"id":112557,"n":"Gnocchi à poêler Lustucru Fromage - 2x300g+ 300g offerts","p":3.19,"u":"3,54 €/KG","img":"https://fd13-photos.leclercdrive.fr/image.ashx?id=2192398&use=l&cat=p&typeid=i","cat":333682},{"id":112562,"n":"Radis ronds bio Bio Village - 250g","p":1.49,"u":"5,96 €/KG","img":"https://fd13-photos.leclercdrive.fr/image.ashx?id=3015156&use=l&cat=p&typeid=i","cat":284352},{"id":112583,"n":"Biscuits Milka Chocolat au lait - 150g","p":2.23,"u":"14,87 €/KG","img":"https://fd13-photos.leclercdrive.fr/image.ashx?id=2347326&use=l&cat=p&typeid=i","cat":284488},{"id":112621,"n":"Riz au lait La Laitière Vanille - 4x115g","p":1.59,"u":"3,46 €/KG","img":"https://fd13-photos.leclercdrive.fr/image.ashx?id=2661151&use=l&cat=p&typeid=i","cat":284418},{"id":112623,"n":"Riz au lait La Laitière Vanille - 8x115g","p":3.12,"u":"3,39 €/KG","img":"https://fd13-photos.leclercdrive.fr/image.ashx?id=2610783&use=l&cat=p&typeid=i","cat":284418},{"id":112624,"n":"Semoule au lait La Laitière Vanille - 4x115g","p":1.65,"u":"3,59 €/KG","img":"https://fd13-photos.leclercdrive.fr/image.ashx?id=2654578&use=l&cat=p&typeid=i","cat":284418},{"id":112690,"n":"Gianduiotti noir Novi 150g","p":4.49,"u":"29,93 €/KG","img":"https://fd13-photos.leclercdrive.fr/image.ashx?id=2615158&use=l&cat=p&typeid=i","cat":327595},{"id":112695,"n":"Gianduiotti chocolat Novi 160g","p":4.49,"u":"28,06 €/KG","img":"https://fd13-photos.leclercdrive.fr/image.ashx?id=2615155&use=l&cat=p&typeid=i","cat":327595},{"id":112698,"n":"yaourt bifidus activia muesli quinoa amande chia -170g","p":1.74,"u":"10,24 €/KG","img":"https://fd13-photos.leclercdrive.fr/image.ashx?id=2965885&use=l&cat=p&typeid=i","cat":315000},{"id":112699,"n":"yaourt bifidus activia muesli framboise chia - 170g","p":1.91,"u":"11,24 €/KG","img":"https://fd13-photos.leclercdrive.fr/image.ashx?id=2965888&use=l&cat=p&typeid=i","cat":315000},{"id":112806,"n":"Soupe Liquide Liebig  10 Légumes & Crème fraiche - 1L","p":2.3,"u":"2,30 €/L","img":"https://fd13-photos.leclercdrive.fr/image.ashx?id=2941484&use=l&cat=p&typeid=i","cat":284462},{"id":112807,"n":"Soupe liquide Liebig  Légumes et vermicelles - 2x30cl","p":1.99,"u":"3,32 €/L","img":"https://fd13-photos.leclercdrive.fr/image.ashx?id=2164075&use=l&cat=p&typeid=i","cat":284462},{"id":112808,"n":"Soupe liquide Liebig légumes Et vermicelles - Brique 1L","p":2.16,"u":"2,16 €/L","img":"https://fd13-photos.leclercdrive.fr/image.ashx?id=2892142&use=l&cat=p&typeid=i","cat":284462},{"id":112811,"n":"Gel Lave-Vaisselle Sun Tout-en-1 Citron 52 Lavages","p":7.9,"u":"8,78 €/L","img":"https://fd13-photos.leclercdrive.fr/image.ashx?id=2356268&use=l&cat=p&typeid=i","cat":284656},{"id":112947,"n":"Tablette de Chocolat Côte d'Or Praliné lait cajou amande 200g","p":3.96,"u":"19,80 €/KG","img":"https://fd13-photos.leclercdrive.fr/image.ashx?id=2957773&use=l&cat=p&typeid=i","cat":284497},{"id":113108,"n":"Tartine Grilletine de Pasquier Froment - x18 - 242g","p":1.63,"u":"6,74 €/KG","img":"https://fd13-photos.leclercdrive.fr/image.ashx?id=2333060&use=l&cat=p&typeid=i","cat":284479},{"id":113110,"n":"Tartine Grilletine de Pasquier Blé complet - x18 - 242g","p":1.61,"u":"6,65 €/KG","img":"https://fd13-photos.leclercdrive.fr/image.ashx?id=2333063&use=l&cat=p&typeid=i","cat":284479},{"id":113127,"n":"Groseilles Panier du Primeur 125g","p":2.89,"u":"23,12 €/KG","img":"https://fd13-photos.leclercdrive.fr/image.ashx?id=2414573&use=l&cat=p&typeid=i","cat":284356},{"id":113163,"n":"Framboises Panier du Primeur 125g","p":2.59,"u":"20,72 €/KG","img":"https://fd13-photos.leclercdrive.fr/image.ashx?id=2843800&use=l&cat=p&typeid=i","cat":284356},{"id":113287,"n":"Bière Ambree Jenlain 6x25cl","p":5.5,"u":"3,67 €/L","img":"https://fd13-photos.leclercdrive.fr/image.ashx?id=2504677&use=l&cat=p&typeid=i","cat":334852},{"id":113292,"n":"Boisson énergisante Monster Energy Punch Pipeline - 50CL","p":1.57,"u":"3,14 €/L","img":"https://fd13-photos.leclercdrive.fr/image.ashx?id=2207436&use=l&cat=p&typeid=i","cat":284533},{"id":113352,"n":"Serviettes Discreet Tena Lady Megapack - Normal - x30","p":6.94,"u":"0,23 €/P","img":"https://fd13-photos.leclercdrive.fr/image.ashx?id=2975440&use=l&cat=p&typeid=i","cat":284628},{"id":113358,"n":"Bière ambrée Leffe 6,6% - 12x25cl","p":9.41,"u":"3,14 €/L","img":"https://fd13-photos.leclercdrive.fr/image.ashx?id=2533985&use=l&cat=p&typeid=i","cat":334852},{"id":113632,"n":"Piles Duracell LR44 - x4","p":5.38,"u":"1,35 €/P","img":"https://fd13-photos.leclercdrive.fr/image.ashx?id=2328631&use=l&cat=p&typeid=i","cat":300572},{"id":113654,"n":"Xtrem Box Sodebo Radiatori Bœuf Poivre - 400g","p":3.5,"u":"8,75 €/KG","img":"https://fd13-photos.leclercdrive.fr/image.ashx?id=2643998&use=l&cat=p&typeid=i","cat":334983},{"id":113676,"n":"Dessert P'tit Brassé Nestlé bio Nature - dès 6 mois - 4x90g","p":2.15,"u":"5,97 €/KG","img":"https://fd13-photos.leclercdrive.fr/image.ashx?id=2674225&use=l&cat=p&typeid=i","cat":312392},{"id":113680,"n":"Brioche tressée Nature Harrys Sucre perlé sans additif - 500g","p":2.88,"u":"5,76 €/KG","img":"https://fd13-photos.leclercdrive.fr/image.ashx?id=2503013&use=l&cat=p&typeid=i","cat":284478},{"id":113686,"n":"Tablette de chocolat noir Lindt Citron Gingembre - 100g","p":2.45,"u":"24,50 €/KG","img":"https://fd13-photos.leclercdrive.fr/image.ashx?id=2956996&use=l&cat=p&typeid=i","cat":284956},{"id":113709,"n":"Crème dessert La Laitière Pot de crème caramel - 4x100g","p":2.35,"u":"5,88 €/KG","img":"https://fd13-photos.leclercdrive.fr/image.ashx?id=2849683&use=l&cat=p&typeid=i","cat":285041},{"id":113711,"n":"Filets de cabillaud Findus MSC - 600g","p":14.55,"u":"24,25 €/KG","img":"https://fd13-photos.leclercdrive.fr/image.ashx?id=2735350&use=l&cat=p&typeid=i","cat":319786},{"id":113743,"n":"Tenders Maître Coq Filet de poulet crusty - 380g","p":5.97,"u":"15,71 €/KG","img":"https://fd13-photos.leclercdrive.fr/image.ashx?id=2773412&use=l&cat=p&typeid=i","cat":333684},{"id":113754,"n":"Crème fraîche Yoplait Légère -12% matière grasse 450g","p":1.43,"u":"3,18 €/KG","img":"https://fd13-photos.leclercdrive.fr/image.ashx?id=2811032&use=l&cat=p&typeid=i","cat":284381},{"id":113773,"n":"Tagliatelle Gayelord Hauser Sans rinçage, Konjac - 160g","p":1.96,"u":"12,25 €/KG","img":"https://fd13-photos.leclercdrive.fr/image.ashx?id=2827086&use=l&cat=p&typeid=i","cat":318652},{"id":113779,"n":"Assiette bio Bio Village Haricot vert dinde 12 mois 230g","p":1.45,"u":"6,30 €/KG","img":"https://fd13-photos.leclercdrive.fr/image.ashx?id=2900217&use=l&cat=p&typeid=i","cat":312237},{"id":113787,"n":"Assiette pâtes bio Bio Village Légumes saumon 18 mois 260g","p":1.95,"u":"7,50 €/KG","img":"https://fd13-photos.leclercdrive.fr/image.ashx?id=2900232&use=l&cat=p&typeid=i","cat":312238},{"id":113792,"n":"Assiette bio 15mois Bio Village Legumes volaille basquaise 250g","p":1.79,"u":"7,16 €/KG","img":"https://fd13-photos.leclercdrive.fr/image.ashx?id=2900244&use=l&cat=p&typeid=i","cat":312238},{"id":113794,"n":"Assiette bio Bio Village Tomate aubergine 18 mois 260g","p":1.85,"u":"7,12 €/KG","img":"https://fd13-photos.leclercdrive.fr/image.ashx?id=2900247&use=l&cat=p&typeid=i","cat":312238},{"id":113808,"n":"Crème dessert La Laitière Pot de crème vanille - 4x100g","p":2.28,"u":"5,70 €/KG","img":"https://fd13-photos.leclercdrive.fr/image.ashx?id=2875969&use=l&cat=p&typeid=i","cat":285041},{"id":113811,"n":"Crème dessert La Laitière Pot de crème chocolat - 4x100g","p":2.23,"u":"5,58 €/KG","img":"https://fd13-photos.leclercdrive.fr/image.ashx?id=2875966&use=l&cat=p&typeid=i","cat":285041},{"id":113813,"n":"Crème dessert La Laitière Pot de crème café - 4x100g","p":2.41,"u":"6,03 €/KG","img":"https://fd13-photos.leclercdrive.fr/image.ashx?id=2875963&use=l&cat=p&typeid=i","cat":285041},{"id":113855,"n":"Boisson thé Fresh Tea Pêche abricot - 1.5L","p":1.82,"u":"1,21 €/L","img":"https://fd13-photos.leclercdrive.fr/image.ashx?id=2622281&use=l&cat=p&typeid=i","cat":295019},{"id":113858,"n":"Yaourt à la grecque YAOS Nature - 8x125g","p":3.35,"u":"3,35 €/KG","img":"https://fd13-photos.leclercdrive.fr/image.ashx?id=2418462&use=l&cat=p&typeid=i","cat":314999},{"id":113899,"n":"Sérum concentré La Roche-Posay Anti-rides Hyalu B5 - 30ml","p":35.61,"img":"https://fd13-photos.leclercdrive.fr/image.ashx?id=2087011&use=l&cat=p&typeid=i","cat":291168},{"id":113902,"n":"Gel lavant quotidien Hydralin Hypoallergénique - 2x400ml","p":14.99,"u":"18,74 €/L","img":"https://fd13-photos.leclercdrive.fr/image.ashx?id=2905426&use=l&cat=p&typeid=i","cat":301348},{"id":113910,"n":"Euphytose nuit Bayer x30","p":9.78,"u":"0,33 €/P","img":"https://fd13-photos.leclercdrive.fr/image.ashx?id=1975676&use=l&cat=p&typeid=i","cat":301265},{"id":113913,"n":"Eau micellaire douceur Jonzac Nettoyante bébé bio - 500ml","p":7.9,"u":"15,80 €/L","img":"https://fd13-photos.leclercdrive.fr/image.ashx?id=2461033&use=l&cat=p&typeid=i","cat":290425},{"id":113929,"n":"Soin anti-âge Normaderm Vichy 50ml","p":16.0,"u":"320,00 €/L","img":"https://fd13-photos.leclercdrive.fr/image.ashx?id=1950329&use=l&cat=p&typeid=i","cat":291168},{"id":113930,"n":"Déodorant bille 48h Vichy Anti-transpirant - 2x50ml","p":12.52,"u":"125,20 €/L","img":"https://fd13-photos.leclercdrive.fr/image.ashx?id=1971470&use=l&cat=p&typeid=i","cat":301593},{"id":113945,"n":"Déodorant Vichy Homme Vaporisateur Fraîcheur -2x100ml","p":12.53,"u":"62,65 €/L","img":"https://fd13-photos.leclercdrive.fr/image.ashx?id=2277557&use=l&cat=p&typeid=i","cat":301593},{"id":113947,"n":"Déodorant anti-traces Vichy Anti-transpirant bille - 2x50ml","p":12.52,"u":"125,20 €/L","img":"https://fd13-photos.leclercdrive.fr/image.ashx?id=1886058&use=l&cat=p&typeid=i","cat":301593},{"id":113973,"n":"Biscuits Baiocchi Mulino Bianco Chocolat noisette - 260g","p":2.48,"u":"9,54 €/KG","img":"https://fd13-photos.leclercdrive.fr/image.ashx?id=2787968&use=l&cat=p&typeid=i","cat":284488},{"id":113979,"n":"Dentifrice Parodontax Protection complète - 2x75ml","p":8.29,"u":"55,27 €/L","img":"https://fd13-photos.leclercdrive.fr/image.ashx?id=2537246&use=l&cat=p&typeid=i","cat":290419},{"id":113980,"n":"Café dosettes Tassimo Grand-mère - Expresso x16","p":4.29,"u":"41,25 €/KG","img":"https://fd13-photos.leclercdrive.fr/image.ashx?id=1749617&use=l&cat=p&typeid=i","cat":293240},{"id":113985,"n":"Dentifrice Sensodyne Traitement sensibilité - 2x75ml","p":6.49,"u":"43,27 €/L","img":"https://fd13-photos.leclercdrive.fr/image.ashx?id=1734721&use=l&cat=p&typeid=i","cat":290419},{"id":113990,"n":"Shampooing quotidien Pouxdoux Bio Puressentiel - 200ml","p":6.89,"u":"34,45 €/L","img":"https://fd13-photos.leclercdrive.fr/image.ashx?id=2988514&use=l&cat=p&typeid=i","cat":301248},{"id":113991,"n":"Répulsif poux Puressentiel Spray - 200ml","p":15.11,"u":"75,55 €/L","img":"https://fd13-photos.leclercdrive.fr/image.ashx?id=2057035&use=l&cat=p&typeid=i","cat":301248},{"id":113994,"n":"Lotion Anti-Poux&Lentes Pouxit XF - 200ml","p":18.63,"u":"93,15 €/L","img":"https://fd13-photos.leclercdrive.fr/image.ashx?id=2022027&use=l&cat=p&typeid=i","cat":301248},{"id":113998,"n":"Girasoli Lustucru Selection  Ricotta Epinard - 250g","p":2.59,"u":"10,36 €/KG","img":"https://fd13-photos.leclercdrive.fr/image.ashx?id=2974351&use=l&cat=p&typeid=i","cat":333682},{"id":114017,"n":"Bière blonde Heineken 5%vol - 12x33cl","p":9.36,"u":"2,36 €/L","img":"https://fd13-photos.leclercdrive.fr/image.ashx?id=3008125&use=l&cat=p&typeid=i","cat":334853},{"id":114091,"n":"Lait corps satinant Inell 250ml","p":2.5,"u":"10,00 €/L","img":"https://fd13-photos.leclercdrive.fr/image.ashx?id=2691697&use=l&cat=p&typeid=i","cat":325349},{"id":114096,"n":"Culotte Chorys Taille XL - x10","p":10.31,"u":"1,03 €/P","img":"https://fd13-photos.leclercdrive.fr/image.ashx?id=2623016&use=l&cat=p&typeid=i","cat":284628},{"id":114102,"n":"Change culottes Mots d'enfants T5 : 12/18kg - x40","p":9.75,"u":"0,24 €/P","img":"https://fd13-photos.leclercdrive.fr/image.ashx?id=2907237&use=l&cat=p&typeid=i","cat":290633},{"id":114103,"n":"Change culottes Mots d'enfants T6 : +16kg - x36","p":9.75,"u":"0,27 €/P","img":"https://fd13-photos.leclercdrive.fr/image.ashx?id=2907240&use=l&cat=p&typeid=i","cat":290633},{"id":114242,"n":"Taboulé Oriental Pierre Martinet - 510g","p":2.18,"u":"4,27 €/KG","img":"https://fd13-photos.leclercdrive.fr/image.ashx?id=2684491&use=l&cat=p&typeid=i","cat":333657},{"id":114375,"n":"AOP Clairette de Die Jaillance Brut - Esprit de Terroir - 75cl","p":5.95,"u":"7,93 €/L","img":"https://fd13-photos.leclercdrive.fr/image.ashx?id=2656781&use=l&cat=p&typeid=i","cat":284544},{"id":114406,"n":"Taboulé Pierre Martinet Oriental à l'huile d'olive 310g","p":1.45,"u":"4,68 €/KG","img":"https://fd13-photos.leclercdrive.fr/image.ashx?id=2432241&use=l&cat=p&typeid=i","cat":333657},{"id":114433,"n":"Cocktail Old Nick Punch des îles 16%vol - 70cl","p":5.53,"u":"7,90 €/L","img":"https://fd13-photos.leclercdrive.fr/image.ashx?id=2926203&use=l&cat=p&typeid=i","cat":284551},{"id":114486,"n":"Boisson énergisante Crazy Tiger 1.5L","p":2.98,"u":"1,99 €/L","img":"https://fd13-photos.leclercdrive.fr/image.ashx?id=2735968&use=l&cat=p&typeid=i","cat":284533},{"id":114522,"n":"Bière blonde Leffe Triple 8,5% - 12x25cl","p":10.17,"u":"3,39 €/L","img":"https://fd13-photos.leclercdrive.fr/image.ashx?id=2548294&use=l&cat=p&typeid=i","cat":334852},{"id":114805,"n":"Coeur Coulant Bonne Maman Chocolat - 2x80g","p":2.89,"u":"18,06 €/KG","img":"https://fd13-photos.leclercdrive.fr/image.ashx?id=2912326&use=l&cat=p&typeid=i","cat":284419},{"id":114807,"n":"Dessert Fruitier Andros Poire Williams morceaux 4x100g","p":3.19,"u":"7,98 €/KG","img":"https://fd13-photos.leclercdrive.fr/image.ashx?id=2908198&use=l&cat=p&typeid=i","cat":284416},{"id":114901,"n":"Plat bébé Blédina 12 mois  Artichaut dinde - 2x200g","p":2.8,"u":"7,00 €/KG","img":"https://fd13-photos.leclercdrive.fr/image.ashx?id=2975089&use=l&cat=p&typeid=i","cat":312237},{"id":115011,"n":"Lingettes bébé Mots d'enfants à l'eau - x60","p":1.66,"u":"0,03 €/P","img":"https://fd13-photos.leclercdrive.fr/image.ashx?id=2856582&use=l&cat=p&typeid=i","cat":284738},{"id":115013,"n":"Liquide vaisselle Uni Vert Ecologique citron - 750ml","p":1.59,"u":"2,12 €/L","img":"https://fd13-photos.leclercdrive.fr/image.ashx?id=2028543&use=l&cat=p&typeid=i","cat":284655},{"id":115072,"n":"Girasoli Lustucru Selection  Cèpes Ricotta - 250g","p":2.72,"u":"10,88 €/KG","img":"https://fd13-photos.leclercdrive.fr/image.ashx?id=2974599&use=l&cat=p&typeid=i","cat":333682},{"id":115113,"n":"Tirlibibi Haribo Boîte bonbons - 750g","p":4.53,"u":"6,04 €/KG","img":"https://fd13-photos.leclercdrive.fr/image.ashx?id=2806922&use=l&cat=p&typeid=i","cat":304250},{"id":115114,"n":"Polka Haribo Sachet bonbons - 300g","p":1.38,"u":"4,60 €/KG","img":"https://fd13-photos.leclercdrive.fr/image.ashx?id=2982414&use=l&cat=p&typeid=i","cat":304250},{"id":115116,"n":"Chamallows Haribo Guimauves   - 300g","p":1.48,"u":"4,93 €/KG","img":"https://fd13-photos.leclercdrive.fr/image.ashx?id=2984937&use=l&cat=p&typeid=i","cat":304250},{"id":115158,"n":"Gelée bio Bio Naïa A l'aloe vera bio - 200ml","p":3.99,"u":"19,95 €/L","img":"https://fd13-photos.leclercdrive.fr/image.ashx?id=1874036&use=l&cat=p&typeid=i","cat":325350},{"id":115161,"n":"Infusion Bio La Tisanière Nuit Oranger - x20 Sachets","p":2.81,"u":"93,67 €/KG","img":"https://fd13-photos.leclercdrive.fr/image.ashx?id=2477061&use=l&cat=p&typeid=i","cat":293234},{"id":115163,"n":"Infusion Twinings Ayurveda gingembre miel et citron x20","p":2.86,"u":"89,38 €/KG","img":"https://fd13-photos.leclercdrive.fr/image.ashx?id=2893036&use=l&cat=p&typeid=i","cat":293234},{"id":115252,"n":"Soin yeux La Provençale Bio  Anti-Âge Hydratant - 15ml","p":9.79,"u":"652,67 €/L","img":"https://fd13-photos.leclercdrive.fr/image.ashx?id=3014560&use=l&cat=p&typeid=i","cat":325345},{"id":115274,"n":"Masque tissu Inell Coup d'éclat - 1 pièce","p":1.82,"img":"https://fd13-photos.leclercdrive.fr/image.ashx?id=2691691&use=l&cat=p&typeid=i","cat":325346},{"id":115276,"n":"Crèmes main Inell Anti-taches - 75ml","p":2.99,"u":"39,87 €/L","img":"https://fd13-photos.leclercdrive.fr/image.ashx?id=1755952&use=l&cat=p&typeid=i","cat":325354},{"id":115278,"n":"Gressins traditionnels Artesani 300g","p":2.23,"u":"7,43 €/KG","img":"https://fd13-photos.leclercdrive.fr/image.ashx?id=2475852&use=l&cat=p&typeid=i","cat":289010},{"id":115320,"n":"Capsules café Plantation Equilibré n°6 - x10 - 52g","p":2.19,"u":"42,12 €/KG","img":"https://fd13-photos.leclercdrive.fr/image.ashx?id=2891785&use=l&cat=p&typeid=i","cat":284749},{"id":115321,"n":"Capsules café Plantation Intense n°10 - x10 - 52g","p":2.19,"u":"42,12 €/KG","img":"https://fd13-photos.leclercdrive.fr/image.ashx?id=2908855&use=l&cat=p&typeid=i","cat":284749},{"id":115323,"n":"Capsules café Plantation Subtil n°5 - x10 - 52g","p":2.25,"u":"43,27 €/KG","img":"https://fd13-photos.leclercdrive.fr/image.ashx?id=2943106&use=l&cat=p&typeid=i","cat":284749},{"id":115326,"n":"Capsules café Plantation Lungo Délicat n°4 - x10 - 52g","p":2.35,"u":"45,19 €/KG","img":"https://fd13-photos.leclercdrive.fr/image.ashx?id=2943109&use=l&cat=p&typeid=i","cat":284749},{"id":115345,"n":"Capsules café Plantation Café vanille n°6 - x10 - 52g","p":2.39,"u":"45,96 €/KG","img":"https://fd13-photos.leclercdrive.fr/image.ashx?id=2918475&use=l&cat=p&typeid=i","cat":284749},{"id":115348,"n":"Capsules café Plantation Noisette n°7 - x10 - 52g","p":2.39,"u":"45,96 €/KG","img":"https://fd13-photos.leclercdrive.fr/image.ashx?id=2908858&use=l&cat=p&typeid=i","cat":284749},{"id":115349,"n":"Capsules café Plantation Intense n°10 - x30 - 156g","p":5.19,"u":"33,27 €/KG","img":"https://fd13-photos.leclercdrive.fr/image.ashx?id=2865095&use=l&cat=p&typeid=i","cat":284749},{"id":115350,"n":"Capsules café Plantation Equilibré N°6 - x30 - 156g","p":5.19,"u":"33,27 €/KG","img":"https://fd13-photos.leclercdrive.fr/image.ashx?id=2852249&use=l&cat=p&typeid=i","cat":284749},{"id":115351,"n":"Capsules café Plantation Espresso Forte n°8 - x10 - 52g","p":2.35,"u":"45,19 €/KG","img":"https://fd13-photos.leclercdrive.fr/image.ashx?id=2418143&use=l&cat=p&typeid=i","cat":284749},{"id":115354,"n":"Morilles Borde bocal 150g","p":14.99,"pp":9.89,"u":"65,93 €/KG","img":"https://fd13-photos.leclercdrive.fr/image.ashx?id=2731093&use=l&cat=p&typeid=i","cat":312610},{"id":115359,"n":"Pancakes Nature Epi d'Or x18 - 360g","p":1.69,"u":"4,69 €/KG","img":"https://fd13-photos.leclercdrive.fr/image.ashx?id=2068025&use=l&cat=p&typeid=i","cat":284495},{"id":115363,"n":"Lait bébé en poudre Blédilait 1er âge 0-6 mois 900g","p":14.63,"u":"16,26 €/KG","img":"https://fd13-photos.leclercdrive.fr/image.ashx?id=2855052&use=l&cat=p&typeid=i","cat":284726},{"id":115364,"n":"Lait bébé en poudre Blédilait 2e âge 6-12 mois 900g","p":13.6,"u":"15,11 €/KG","img":"https://fd13-photos.leclercdrive.fr/image.ashx?id=2616853&use=l&cat=p&typeid=i","cat":284727},{"id":115367,"n":"Biscuits roses de Reims NRT 200g","p":3.69,"u":"18,45 €/KG","img":"https://fd13-photos.leclercdrive.fr/image.ashx?id=2663860&use=l&cat=p&typeid=i","cat":284487},{"id":115409,"n":"Confit de canard Monfort Cuisses - 400g","p":6.8,"u":"17,00 €/KG","img":"https://fd13-photos.leclercdrive.fr/image.ashx?id=2324585&use=l&cat=p&typeid=i","cat":284339},{"id":115442,"n":"IGP Pays d'Oc Vin rouge Bleu de Mer - B. Magrez - 75cl","p":6.01,"u":"8,01 €/L","img":"https://fd13-photos.leclercdrive.fr/image.ashx?id=2867629&use=l&cat=p&typeid=i","cat":289556},{"id":115457,"n":"Frites de Patate Douce McCain 500g","p":4.44,"u":"8,88 €/KG","img":"https://fd13-photos.leclercdrive.fr/image.ashx?id=2840632&use=l&cat=p&typeid=i","cat":319791},{"id":115463,"n":"Litière chats Tranquille Carbonite - 7.1kg","p":6.05,"u":"0,85 €/KG","img":"https://fd13-photos.leclercdrive.fr/image.ashx?id=2421871&use=l&cat=p&typeid=i","cat":284683},{"id":115488,"n":"Bière blonde 1664 5,5° - 12x25cl","p":7.59,"u":"2,53 €/L","img":"https://fd13-photos.leclercdrive.fr/image.ashx?id=2215566&use=l&cat=p&typeid=i","cat":334873},{"id":115492,"n":"Bière blonde 1664 5,5° - 6x25cl","p":4.14,"u":"2,76 €/L","img":"https://fd13-photos.leclercdrive.fr/image.ashx?id=2215572&use=l&cat=p&typeid=i","cat":334873},{"id":115505,"n":"Fromage Fourme d'Ambert NRT  AOP - 250g","p":3.23,"u":"12,92 €/KG","img":"https://fd13-photos.leclercdrive.fr/image.ashx?id=2459397&use=l&cat=p&typeid=i","cat":314032},{"id":115689,"n":"La Grillée Garden Gourmet Soja et Blé 150g","p":3.04,"u":"20,27 €/KG","img":"https://fd13-photos.leclercdrive.fr/image.ashx?id=2988689&use=l&cat=p&typeid=i","cat":316036},{"id":115761,"n":"Tablette de chocolat Lindt Noir 100% Cacao - 50g","p":2.56,"u":"51,20 €/KG","img":"https://fd13-photos.leclercdrive.fr/image.ashx?id=2397773&use=l&cat=p&typeid=i","cat":284956},{"id":115771,"n":"Lait bébé en poudre Gallia Calisma 2e âge 6-12mois 2x600g","p":20.62,"u":"17,18 €/KG","img":"https://fd13-photos.leclercdrive.fr/image.ashx?id=2935750&use=l&cat=p&typeid=i","cat":284727},{"id":115773,"n":"Lait bébé en poudre Gallia Calisma 1er âge 0-6 mois 2x600g","p":23.88,"u":"19,90 €/KG","img":"https://fd13-photos.leclercdrive.fr/image.ashx?id=2953755&use=l&cat=p&typeid=i","cat":284726},{"id":115787,"n":"AOC Coteaux d'Aix-en-Provence vin rosé Terres Ocrées - 75cl","p":4.49,"u":"5,99 €/L","img":"https://fd13-photos.leclercdrive.fr/image.ashx?id=2460458&use=l&cat=p&typeid=i","cat":289558},{"id":115821,"n":"Confiture mirabelle Bonne Maman Intense - 335g","p":2.38,"u":"7,10 €/KG","img":"https://fd13-photos.leclercdrive.fr/image.ashx?id=2341026&use=l&cat=p&typeid=i","cat":284480},{"id":115850,"n":"Compote Charles & Alice Pommes Passion - 4x97g","p":1.82,"u":"4,69 €/KG","img":"https://fd13-photos.leclercdrive.fr/image.ashx?id=2757692&use=l&cat=p&typeid=i","cat":284416},{"id":115868,"n":"Confiture rhubarbe Bonne Maman Allégée - 335g","p":2.3,"u":"6,87 €/KG","img":"https://fd13-photos.leclercdrive.fr/image.ashx?id=2341029&use=l&cat=p&typeid=i","cat":284480},{"id":115905,"n":"Yaourt brassé Perle de Lait Coco - 8x125g","p":3.65,"u":"3,65 €/KG","img":"https://fd13-photos.leclercdrive.fr/image.ashx?id=2989204&use=l&cat=p&typeid=i","cat":314999},{"id":115906,"n":"Yaourt aromatisé Perle de Lait sur Lit de Framboise - 4x125g","p":2.31,"u":"5,02 €/P","img":"https://fd13-photos.leclercdrive.fr/image.ashx?id=2989207&use=l&cat=p&typeid=i","cat":314999},{"id":115910,"n":"Yaourt brassé Perle de Lait Vanille - 8x125g","p":3.32,"u":"3,32 €/KG","img":"https://fd13-photos.leclercdrive.fr/image.ashx?id=2990568&use=l&cat=p&typeid=i","cat":314999},{"id":115958,"n":"Poelée de cèpes Magda Au beurre persillé - 300g","p":3.98,"pp":2.63,"u":"8,77 €/KG","img":"https://fd13-photos.leclercdrive.fr/image.ashx?id=2790015&use=l&cat=p&typeid=i","cat":319823},{"id":115970,"n":"Girolles à la crème Magda 300g","p":3.98,"pp":2.63,"u":"8,77 €/KG","img":"https://fd13-photos.leclercdrive.fr/image.ashx?id=2411117&use=l&cat=p&typeid=i","cat":319805},{"id":115986,"n":"Pain surprise de campagne Côté Table x32 - 460g","p":8.5,"u":"18,48 €/KG","img":"https://fd13-photos.leclercdrive.fr/image.ashx?id=2776466&use=l&cat=p&typeid=i","cat":319774},{"id":115989,"n":"Pain Surprise Suédois  x32 - 360g","p":7.11,"u":"19,75 €/KG","img":"https://fd13-photos.leclercdrive.fr/image.ashx?id=2598710&use=l&cat=p&typeid=i","cat":319774},{"id":115991,"n":"Squidgies Haribo Sachet bonbons - 200g","p":1.75,"u":"8,75 €/KG","img":"https://fd13-photos.leclercdrive.fr/image.ashx?id=2984934&use=l&cat=p&typeid=i","cat":304250},{"id":116002,"n":"Porto Cruz Blanc - 18%vol - 75cl","p":7.7,"u":"10,27 €/L","img":"https://fd13-photos.leclercdrive.fr/image.ashx?id=2535822&use=l&cat=p&typeid=i","cat":284913},{"id":116010,"n":"Biscotte Pasquier Blé sans sucre ajoutés - 300g","p":1.8,"u":"6,00 €/KG","img":"https://fd13-photos.leclercdrive.fr/image.ashx?id=2507952&use=l&cat=p&typeid=i","cat":284479},{"id":116011,"n":"Biscotte Pasquier Froment sans sucre - 300g","p":1.87,"u":"6,23 €/KG","img":"https://fd13-photos.leclercdrive.fr/image.ashx?id=2507955&use=l&cat=p&typeid=i","cat":284479},{"id":116199,"n":"Vin blanc pétillant Roche Mazet Brut Chardonnay - 75cl","p":4.5,"pp":2.97,"u":"3,96 €/L","img":"https://fd13-photos.leclercdrive.fr/image.ashx?id=2475615&use=l&cat=p&typeid=i","cat":284544},{"id":116215,"n":"Porto Cruz Rosé - 18%vol - 75cl","p":8.23,"u":"10,97 €/L","img":"https://fd13-photos.leclercdrive.fr/image.ashx?id=3003167&use=l&cat=p&typeid=i","cat":284913},{"id":116221,"n":"Crème de jour L'Oréal Paris  Revitalift Anti-âge - 50ml","p":13.88,"u":"277,60 €/L","img":"https://fd13-photos.leclercdrive.fr/image.ashx?id=2926581&use=l&cat=p&typeid=i","cat":325345},{"id":116224,"n":"Porto Tawny Cruz 18%vol - 75cl","p":7.28,"u":"9,71 €/L","img":"https://fd13-photos.leclercdrive.fr/image.ashx?id=2536373&use=l&cat=p&typeid=i","cat":284913},{"id":116240,"n":"Lait bébé liquide Blédilait croissance 1-3 ans 6x1L","p":12.24,"u":"2,04 €/L","img":"https://fd13-photos.leclercdrive.fr/image.ashx?id=2685799&use=l&cat=p&typeid=i","cat":284728},{"id":116254,"n":"Lait bébé en poudre Calisma Bio Gallia croissance 10 mois 800g","p":17.41,"u":"21,76 €/KG","img":"https://fd13-photos.leclercdrive.fr/image.ashx?id=2760325&use=l&cat=p&typeid=i","cat":290219},{"id":116284,"n":"Tablette de chocolat Côte d'Or Lait coeur coulant caramel 200g","p":3.96,"u":"19,80 €/KG","img":"https://fd13-photos.leclercdrive.fr/image.ashx?id=1925405&use=l&cat=p&typeid=i","cat":284497},{"id":116321,"n":"Soupe liquide Liebig tomates  Et vermicelles - Brique 1L","p":2.12,"u":"2,12 €/L","img":"https://fd13-photos.leclercdrive.fr/image.ashx?id=2941481&use=l&cat=p&typeid=i","cat":284462},{"id":116387,"n":"Pâte à tartiner Poulain  Cacao noisette - 400g","p":2.94,"u":"7,35 €/KG","img":"https://fd13-photos.leclercdrive.fr/image.ashx?id=2806354&use=l&cat=p&typeid=i","cat":284481},{"id":116431,"n":"Parmentier de boeuf Charolais Fleury Michon - 300g","p":3.06,"u":"10,20 €/KG","img":"https://fd13-photos.leclercdrive.fr/image.ashx?id=2662346&use=l&cat=p&typeid=i","cat":333665},{"id":116432,"n":"Parmentier de saumon Fleury Michon - 300g","p":3.06,"u":"10,20 €/KG","img":"https://fd13-photos.leclercdrive.fr/image.ashx?id=2662349&use=l&cat=p&typeid=i","cat":333665},{"id":116506,"n":"Fromage à raclette Bio Bio Village - 250g","p":3.56,"u":"14,24 €/KG","img":"https://fd13-photos.leclercdrive.fr/image.ashx?id=1790984&use=l&cat=p&typeid=i","cat":314037},{"id":116528,"n":"Soin puissant Liftactiv Vichy Re-tenseur anti-rides yeux-15ml","p":19.99,"img":"https://fd13-photos.leclercdrive.fr/image.ashx?id=1975619&use=l&cat=p&typeid=i","cat":291172},{"id":116532,"n":"Soin concentré La Roche-Posay Hydraphase intense yeux - 15ml","p":12.49,"u":"832,67 €/L","img":"https://fd13-photos.leclercdrive.fr/image.ashx?id=2086975&use=l&cat=p&typeid=i","cat":291172},{"id":116552,"n":"Soin hydratant quotidien Vichy Minéral 89 - 50ml","p":19.78,"u":"395,60 €/L","img":"https://fd13-photos.leclercdrive.fr/image.ashx?id=1975625&use=l&cat=p&typeid=i","cat":291171},{"id":116557,"n":"Mouche bébé Prohinel  x2 embouts jetables","p":6.31,"img":"https://fd13-photos.leclercdrive.fr/image.ashx?id=2918817&use=l&cat=p&typeid=i","cat":289435},{"id":116561,"n":"Déodorant bille Vichy Anti-transpirant 48H - 2x50ml","p":12.52,"u":"125,20 €/L","img":"https://fd13-photos.leclercdrive.fr/image.ashx?id=2352795&use=l&cat=p&typeid=i","cat":301593},{"id":116569,"n":"Huile lavante Xémose Uriage Apaisante - 1L","p":15.05,"u":"15,05 €/L","img":"https://fd13-photos.leclercdrive.fr/image.ashx?id=2967283&use=l&cat=p&typeid=i","cat":301591},{"id":116584,"n":"Confiture extra bio Bio Village Framboises - 370g","p":2.79,"u":"7,54 €/KG","img":"https://fd13-photos.leclercdrive.fr/image.ashx?id=2965635&use=l&cat=p&typeid=i","cat":284480},{"id":116610,"n":"Pains au lait bio Pasquier x8 - 280g","p":1.98,"u":"7,07 €/KG","img":"https://fd13-photos.leclercdrive.fr/image.ashx?id=2858210&use=l&cat=p&typeid=i","cat":293505},{"id":116985,"n":"Parmesan Râpé Giovanni Ferrari  22 mois AOP - 60g","p":1.81,"u":"30,17 €/KG","img":"https://fd13-photos.leclercdrive.fr/image.ashx?id=3002297&use=l&cat=p&typeid=i","cat":314035},{"id":117132,"n":"Bouillon kub légumes Maggi -25% sel - 120g","p":1.51,"u":"12,58 €/KG","img":"https://fd13-photos.leclercdrive.fr/image.ashx?id=2758443&use=l&cat=p&typeid=i","cat":288379},{"id":117225,"n":"Sirop Moulin de Valdonne Grenadine - 70cl","p":3.06,"u":"4,37 €/L","img":"https://fd13-photos.leclercdrive.fr/image.ashx?id=2170610&use=l&cat=p&typeid=i","cat":295020},{"id":117235,"n":"Sirop Moulin de Valdonne Pêche abricot - 70cl","p":3.46,"u":"4,94 €/L","img":"https://fd13-photos.leclercdrive.fr/image.ashx?id=2170613&use=l&cat=p&typeid=i","cat":295020},{"id":117239,"n":"Tablette de chocolat noir Lindt Eclat caramel - 70% - 100g","p":2.94,"u":"29,40 €/KG","img":"https://fd13-photos.leclercdrive.fr/image.ashx?id=2423358&use=l&cat=p&typeid=i","cat":284956},{"id":117242,"n":"Biscuit coco pavot GERBLE BIO  Bio - 4x3, 132g","p":2.0,"u":"15,15 €/KG","img":"https://fd13-photos.leclercdrive.fr/image.ashx?id=2664052&use=l&cat=p&typeid=i","cat":284487},{"id":117246,"n":"Biscuits Gerblé Bio Citron gingembre - 132g","p":2.0,"u":"15,15 €/KG","img":"https://fd13-photos.leclercdrive.fr/image.ashx?id=2662871&use=l&cat=p&typeid=i","cat":318651},{"id":117248,"n":"Biscuits Gerblé Bio Amande cranberry - 132g","p":2.01,"u":"15,23 €/KG","img":"https://fd13-photos.leclercdrive.fr/image.ashx?id=2662868&use=l&cat=p&typeid=i","cat":318651},{"id":117252,"n":"Mouliné Régal Soupe Légumes d'autrefois - 1L","p":1.65,"u":"1,65 €/L","img":"https://fd13-photos.leclercdrive.fr/image.ashx?id=2607590&use=l&cat=p&typeid=i","cat":284462},{"id":117283,"n":"Petits pois Notre Jardin Sans sel ajouté - 280g","p":0.9,"u":"3,21 €/KG","img":"https://fd13-photos.leclercdrive.fr/image.ashx?id=3002638&use=l&cat=p&typeid=i","cat":312607},{"id":117297,"n":"Haricots verts Notre Jardin Sans sel ajouté - 225g","p":0.88,"u":"3,91 €/KG","img":"https://fd13-photos.leclercdrive.fr/image.ashx?id=3002644&use=l&cat=p&typeid=i","cat":312606},{"id":117330,"n":"Champignon Notre Jardin Emincé Sans sel ajouté - 230g","p":1.18,"u":"5,13 €/KG","img":"https://fd13-photos.leclercdrive.fr/image.ashx?id=1792507&use=l&cat=p&typeid=i","cat":312610},{"id":117400,"n":"Yaourt Grec Delta 10% MG Nature - 1kg","p":5.84,"u":"5,84 €/KG","img":"https://fd13-photos.leclercdrive.fr/image.ashx?id=2532189&use=l&cat=p&typeid=i","cat":314999},{"id":117403,"n":"Poêlée de légumes Bonduelle La Parisienne - 750g","p":3.51,"u":"4,68 €/KG","img":"https://fd13-photos.leclercdrive.fr/image.ashx?id=2907908&use=l&cat=p&typeid=i","cat":319823},{"id":117404,"n":"La Poêlée Rustique Bonduelle 750g","p":3.5,"u":"4,67 €/KG","img":"https://fd13-photos.leclercdrive.fr/image.ashx?id=2910055&use=l&cat=p&typeid=i","cat":319823},{"id":117407,"n":"Poêlée à la paysanne Bonduelle 750g","p":3.48,"u":"4,64 €/KG","img":"https://fd13-photos.leclercdrive.fr/image.ashx?id=2907911&use=l&cat=p&typeid=i","cat":319823},{"id":117457,"n":"Eau aromatisée Cristaline Jus de fruits citron - 1.5L","p":1.11,"u":"0,74 €/L","img":"https://fd13-photos.leclercdrive.fr/image.ashx?id=2386623&use=l&cat=p&typeid=i","cat":284537},{"id":117668,"n":"Pizza Dolce Sodebo Margherita Tomate Marinées 400g","p":4.29,"u":"10,73 €/KG","img":"https://fd13-photos.leclercdrive.fr/image.ashx?id=2921642&use=l&cat=p&typeid=i","cat":333679},{"id":117705,"n":"Ras El Hanout Ducros Epices couscous - 38g","p":1.93,"u":"50,79 €/KG","img":"https://fd13-photos.leclercdrive.fr/image.ashx?id=2559490&use=l&cat=p&typeid=i","cat":298297},{"id":117719,"n":"Mini blinis Bio Village Bio - x16 - 135g","p":1.65,"u":"12,22 €/KG","img":"https://fd13-photos.leclercdrive.fr/image.ashx?id=1907492&use=l&cat=p&typeid=i","cat":315999},{"id":117828,"n":"Lardons fumés au bois CharcuFine du Forez - 140g","p":1.29,"u":"9,21 €/KG","img":"https://fd13-photos.leclercdrive.fr/image.ashx?id=2913268&use=l&cat=p&typeid=i","cat":316011},{"id":118024,"n":"Champagne Piper Heidsieck Rosé sauvage 12% Vol - 75 cl","p":29.5,"u":"39,33 €/L","img":"https://fd13-photos.leclercdrive.fr/image.ashx?id=2103247&use=l&cat=p&typeid=i","cat":284542},{"id":118113,"n":"Sauce soja Bio Village Bio - 150ml","p":1.99,"u":"13,27 €/L","img":"https://fd13-photos.leclercdrive.fr/image.ashx?id=2913772&use=l&cat=p&typeid=i","cat":288992},{"id":118116,"n":"Sauce soja sucrée Bio Village Bio - 150ml","p":1.99,"u":"13,27 €/L","img":"https://fd13-photos.leclercdrive.fr/image.ashx?id=2913775&use=l&cat=p&typeid=i","cat":288992},{"id":118117,"n":"Riz cuisiné Teppanyaki Poulet et légumes - 300g","p":5.42,"u":"18,07 €/KG","img":"https://fd13-photos.leclercdrive.fr/image.ashx?id=2533901&use=l&cat=p&typeid=i","cat":284254},{"id":118217,"n":"Mini coquilles Saint-Jacques  Tipiak x8 - 100g","p":3.75,"u":"37,50 €/KG","img":"https://fd13-photos.leclercdrive.fr/image.ashx?id=2484212&use=l&cat=p&typeid=i","cat":319775},{"id":118220,"n":"Mini croustillants Tipiak Saint Jacques - x10 - 120g","p":3.75,"u":"31,25 €/KG","img":"https://fd13-photos.leclercdrive.fr/image.ashx?id=2484209&use=l&cat=p&typeid=i","cat":319774},{"id":118226,"n":"Couronne d'Occitanie NRT Anis -175g","p":1.95,"u":"11,14 €/KG","img":"https://fd13-photos.leclercdrive.fr/image.ashx?id=2622344&use=l&cat=p&typeid=i","cat":284487},{"id":118227,"n":"Couronne d'Occitanie NRT Abricot -175g","p":1.95,"u":"11,14 €/KG","img":"https://fd13-photos.leclercdrive.fr/image.ashx?id=2704909&use=l&cat=p&typeid=i","cat":284487},{"id":118230,"n":"Bouchée à la reine Bigard x2 - 260g","p":4.5,"u":"17,31 €/KG","img":"https://fd13-photos.leclercdrive.fr/image.ashx?id=2732905&use=l&cat=p&typeid=i","cat":333671},{"id":118231,"n":"Bouchée  Bigard aux fruits de mer - x2 - 260g","p":4.5,"u":"17,31 €/KG","img":"https://fd13-photos.leclercdrive.fr/image.ashx?id=2732902&use=l&cat=p&typeid=i","cat":333671},{"id":118318,"n":"Fromage Raclette Les Croisés Truffe - 200g","p":4.7,"u":"23,50 €/KG","img":"https://fd13-photos.leclercdrive.fr/image.ashx?id=2793290&use=l&cat=p&typeid=i","cat":314037},{"id":118349,"n":"Légumes et céréales Bonduelle Patates douces boulgour 500g","p":3.21,"u":"6,42 €/KG","img":"https://fd13-photos.leclercdrive.fr/image.ashx?id=2876170&use=l&cat=p&typeid=i","cat":319823},{"id":118350,"n":"Crème texturisante Syoss Taft pure Style - 2x100ml","p":9.39,"u":"46,95 €/L","img":"https://fd13-photos.leclercdrive.fr/image.ashx?id=1861152&use=l&cat=p&typeid=i","cat":284609},{"id":118351,"n":"Gel crème Taft pure Style Syoss Tenue légère - 2x150ml","p":10.33,"u":"34,43 €/L","img":"https://fd13-photos.leclercdrive.fr/image.ashx?id=2153516&use=l&cat=p&typeid=i","cat":284609},{"id":118352,"n":"Crème coiffante Syoss Taft Pure Style - 2x100ml","p":10.33,"u":"51,65 €/L","img":"https://fd13-photos.leclercdrive.fr/image.ashx?id=1861158&use=l&cat=p&typeid=i","cat":284609},{"id":118408,"n":"Lait bébé en poudre Galliagest 1er âge 0-6 mois 820g","p":19.59,"u":"23,89 €/KG","img":"https://fd13-photos.leclercdrive.fr/image.ashx?id=2983054&use=l&cat=p&typeid=i","cat":284726},{"id":118412,"n":"Lait bébé en poudre Galliagest 2 âge 6-12 mois 820g","p":18.61,"u":"22,70 €/KG","img":"https://fd13-photos.leclercdrive.fr/image.ashx?id=2771666&use=l&cat=p&typeid=i","cat":284727},{"id":118414,"n":"Lait bébé en poudre Blédilait 1er âge 0-6 mois 820g","p":15.18,"u":"18,51 €/KG","img":"https://fd13-photos.leclercdrive.fr/image.ashx?id=2500051&use=l&cat=p&typeid=i","cat":284726},{"id":118426,"n":"Lait bébé en poudre Blédilait 2e âge 6-12 mois 820g","p":15.01,"u":"18,30 €/KG","img":"https://fd13-photos.leclercdrive.fr/image.ashx?id=2500054&use=l&cat=p&typeid=i","cat":284727},{"id":118442,"n":"Bonbons Tic Tac Menthe extra fraîche x100 - 49g","p":1.61,"u":"32,86 €/KG","img":"https://fd13-photos.leclercdrive.fr/image.ashx?id=2737243&use=l&cat=p&typeid=i","cat":304256},{"id":118447,"n":"Soupe deshydratée Knorr Tomate mozzarella - 75cl","p":1.56,"u":"2,08 €/L","img":"https://fd13-photos.leclercdrive.fr/image.ashx?id=2788919&use=l&cat=p&typeid=i","cat":284463},{"id":118516,"n":"Mini quenelle nature 300g","p":4.2,"u":"14,00 €/KG","img":"https://fd13-photos.leclercdrive.fr/image.ashx?id=2104291&use=l&cat=p&typeid=i","cat":333682},{"id":118536,"n":"Boules inox Eco+ x2","p":0.24,"u":"0,12 €/P","img":"https://fd13-photos.leclercdrive.fr/image.ashx?id=2984483&use=l&cat=p&typeid=i","cat":284667},{"id":118574,"n":"Saumon fumé de Norvège Petit Navire 10 tranches - 325g","p":10.7,"u":"32,92 €/KG","img":"https://fd13-photos.leclercdrive.fr/image.ashx?id=2159949&use=l&cat=p&typeid=i","cat":285188},{"id":118583,"n":"Tampons Uni Vert Normal digital - x16","p":1.63,"u":"0,10 €/P","img":"https://fd13-photos.leclercdrive.fr/image.ashx?id=2896901&use=l&cat=p&typeid=i","cat":284626},{"id":118593,"n":"Serviettes Love & Green Incontinence Normal - x12","p":4.33,"u":"0,36 €/P","img":"https://fd13-photos.leclercdrive.fr/image.ashx?id=1866320&use=l&cat=p&typeid=i","cat":284628},{"id":118595,"n":"Serviettes Love & Green Incontinence maxi nuit - x12","p":8.77,"u":"0,73 €/P","img":"https://fd13-photos.leclercdrive.fr/image.ashx?id=2407691&use=l&cat=p&typeid=i","cat":284628},{"id":118597,"n":"Diffuseur Automatique Glade Bois de Santal & Jasmin 269ml","p":8.81,"u":"Dont 0,02 € d'éco-part.","img":"https://fd13-photos.leclercdrive.fr/image.ashx?id=1858577&use=l&cat=p&typeid=i","cat":311629},{"id":118623,"n":"Blinis Cocktail L'Atelier Blini x20 - 170g","p":1.1,"u":"6,47 €/KG","img":"https://fd13-photos.leclercdrive.fr/image.ashx?id=2032159&use=l&cat=p&typeid=i","cat":315999},{"id":118669,"n":"Câpres surfines Jardin d'Orante Citron et thym - Bio - 60g","p":2.48,"u":"41,33 €/KG","img":"https://fd13-photos.leclercdrive.fr/image.ashx?id=2883113&use=l&cat=p&typeid=i","cat":284458},{"id":119105,"n":"Nouille de riz Suzi Wan 160g","p":1.95,"u":"12,19 €/KG","img":"https://fd13-photos.leclercdrive.fr/image.ashx?id=3002180&use=l&cat=p&typeid=i","cat":288992},{"id":119264,"n":"Sauce Bolognaise Panzani 100% Pur Bœuf - 650G","p":3.51,"u":"5,40 €/KG","img":"https://fd13-photos.leclercdrive.fr/image.ashx?id=2977933&use=l&cat=p&typeid=i","cat":287599},{"id":119290,"n":"Serviette incontinence Uni Vert Ecolo Normale - x12","p":2.9,"u":"0,24 €/P","img":"https://fd13-photos.leclercdrive.fr/image.ashx?id=1880545&use=l&cat=p&typeid=i","cat":284628},{"id":119294,"n":"Serviette incontinence Uni Vert Ecolo super - x10","p":2.9,"u":"0,29 €/P","img":"https://fd13-photos.leclercdrive.fr/image.ashx?id=1880548&use=l&cat=p&typeid=i","cat":284628},{"id":119331,"n":"Serviette incontinence Uni Vert Ecolo maxi nuit - x12","p":4.4,"u":"0,37 €/P","img":"https://fd13-photos.leclercdrive.fr/image.ashx?id=1880551&use=l&cat=p&typeid=i","cat":284628},{"id":119427,"n":"Capsules Café Royal  Lungo - x36 - 190g","p":8.8,"u":"46,32 €/KG","img":"https://fd13-photos.leclercdrive.fr/image.ashx?id=2787809&use=l&cat=p&typeid=i","cat":284749},{"id":119428,"n":"Capsules Café Royal Lungo Forte - x36 - 190g","p":9.69,"u":"51,00 €/KG","img":"https://fd13-photos.leclercdrive.fr/image.ashx?id=2787812&use=l&cat=p&typeid=i","cat":284749},{"id":119429,"n":"Capsules Café Royal  Espresso Forte - x36 - 190g","p":9.43,"u":"49,63 €/KG","img":"https://fd13-photos.leclercdrive.fr/image.ashx?id=2787818&use=l&cat=p&typeid=i","cat":284749},{"id":119432,"n":"Capsules Café Royal  Espresso - x36 - 190g","p":8.8,"u":"46,32 €/KG","img":"https://fd13-photos.leclercdrive.fr/image.ashx?id=2787815&use=l&cat=p&typeid=i","cat":284749},{"id":119510,"n":"Blancs de poireaux filière Panier du Primeur - 500g","p":2.99,"u":"5,98 €/KG","img":"https://fd13-photos.leclercdrive.fr/image.ashx?id=2930894&use=l&cat=p&typeid=i","cat":284352},{"id":119556,"n":"Compotes Materne Coupelles  Pomme Châtaigne - 4x100g","p":1.83,"u":"4,58 €/KG","img":"https://fd13-photos.leclercdrive.fr/image.ashx?id=3007915&use=l&cat=p&typeid=i","cat":284508},{"id":119558,"n":"Compotes Materne Coupelles Pomme Nature - 16x100g","p":4.32,"u":"2,70 €/KG","img":"https://fd13-photos.leclercdrive.fr/image.ashx?id=3010840&use=l&cat=p&typeid=i","cat":284508},{"id":119559,"n":"Compotes Materne Coupelles  Multivariétés Rouges - 16x100g","p":4.94,"u":"3,09 €/KG","img":"https://fd13-photos.leclercdrive.fr/image.ashx?id=3010843&use=l&cat=p&typeid=i","cat":284508},{"id":119560,"n":"Compotes Materne Coupelles  Multivariétés Jaunes - 16x100g","p":4.81,"u":"3,01 €/KG","img":"https://fd13-photos.leclercdrive.fr/image.ashx?id=3010846&use=l&cat=p&typeid=i","cat":284508},{"id":119571,"n":"Douceur de Brebis vanille 4x100g - Le Petit Basque","p":2.76,"u":"6,90 €/KG","img":"https://fd13-photos.leclercdrive.fr/image.ashx?id=2248093&use=l&cat=p&typeid=i","cat":314998},{"id":119634,"n":"Gourmet Gold Régal de sauce  x12 - 85g","p":7.12,"u":"6,98 €/KG","img":"https://fd13-photos.leclercdrive.fr/image.ashx?id=2902364&use=l&cat=p&typeid=i","cat":285286},{"id":119709,"n":"Fromage Persillée Saint Agur  125g","p":2.35,"u":"18,80 €/KG","img":"https://fd13-photos.leclercdrive.fr/image.ashx?id=2981515&use=l&cat=p&typeid=i","cat":314032},{"id":119743,"n":"Emmental français Entremont Portion - 500g","p":6.16,"u":"12,32 €/KG","img":"https://fd13-photos.leclercdrive.fr/image.ashx?id=2966980&use=l&cat=p&typeid=i","cat":314034},{"id":119797,"n":"Comté fromage bloc Les Croisés 200g","p":2.85,"u":"14,25 €/KG","img":"https://fd13-photos.leclercdrive.fr/image.ashx?id=1865280&use=l&cat=p&typeid=i","cat":314034},{"id":119893,"n":"Skyr Nature Délisse 450g","p":1.89,"u":"4,20 €/KG","img":"https://fd13-photos.leclercdrive.fr/image.ashx?id=2992549&use=l&cat=p&typeid=i","cat":315000},{"id":119913,"n":"Yaourt à boire Yop Yoplait Chocolat - 850g","p":1.74,"u":"2,05 €/KG","img":"https://fd13-photos.leclercdrive.fr/image.ashx?id=2855534&use=l&cat=p&typeid=i","cat":295246},{"id":119941,"n":"Fromage à Tartiner Tartare Ail et Fines Herbes 10P - 160g","p":2.08,"u":"13,00 €/KG","img":"https://fd13-photos.leclercdrive.fr/image.ashx?id=2867410&use=l&cat=p&typeid=i","cat":314029},{"id":119943,"n":"Soupe 10 légumes Liebig A la crème - x2 - 60cl","p":2.22,"u":"3,70 €/L","img":"https://fd13-photos.leclercdrive.fr/image.ashx?id=2892139&use=l&cat=p&typeid=i","cat":284462},{"id":119956,"n":"Filets de limande du Nord MSC L'Atelier Poissonnerie x2 200g","p":3.39,"u":"16,95 €/KG","img":"https://fd13-photos.leclercdrive.fr/image.ashx?id=2652101&use=l&cat=p&typeid=i","cat":284344},{"id":119957,"n":"Acras de morue Maison Briau A la créole ciboule piment 200g","p":2.86,"u":"14,30 €/KG","img":"https://fd13-photos.leclercdrive.fr/image.ashx?id=2959469&use=l&cat=p&typeid=i","cat":333673},{"id":119958,"n":"Filets de colin d'Alaska Meunière MSC x2 - 200g","p":2.49,"u":"12,45 €/KG","img":"https://fd13-photos.leclercdrive.fr/image.ashx?id=2652107&use=l&cat=p&typeid=i","cat":284344},{"id":119960,"n":"Filets de colin pané d'Alaska MSC sans arrêtes x2 - 220g","p":2.99,"u":"13,59 €/KG","img":"https://fd13-photos.leclercdrive.fr/image.ashx?id=2652110&use=l&cat=p&typeid=i","cat":284344},{"id":119963,"n":"Pavés de saumon de Norvège ASC L'Atelier Poissonnerie x2 250g","p":5.99,"u":"23,96 €/KG","img":"https://fd13-photos.leclercdrive.fr/image.ashx?id=2340590&use=l&cat=p&typeid=i","cat":284342},{"id":119965,"n":"Pavés de saumon ASC Norvège L'Atelier Poissonnerie x4 -500g","p":11.49,"u":"22,98 €/KG","img":"https://fd13-photos.leclercdrive.fr/image.ashx?id=2349926&use=l&cat=p&typeid=i","cat":284342},{"id":120224,"n":"Cristaux de soude Clair 500g","p":1.93,"u":"3,86 €/KG","img":"https://fd13-photos.leclercdrive.fr/image.ashx?id=1874057&use=l&cat=p&typeid=i","cat":325365},{"id":120225,"n":"Percarbonate de sodium Clair 500g","p":2.99,"u":"5,98 €/KG","img":"https://fd13-photos.leclercdrive.fr/image.ashx?id=1874054&use=l&cat=p&typeid=i","cat":325365},{"id":120227,"n":"Poulet rôti              1P","p":9.95,"img":"https://fd13-photos.leclercdrive.fr/image.ashx?id=1648983&use=l&cat=p&typeid=i","cat":284336},{"id":120261,"n":"Lessive liquide Epsil Anti-transfert - 40 lavages 2L","p":5.99,"u":"3,00 €/L","img":"https://fd13-photos.leclercdrive.fr/image.ashx?id=2450092&use=l&cat=p&typeid=i","cat":284640},{"id":120266,"n":"Galettes de riz Tanoshi Vietnam x10 - 100g","p":3.02,"u":"3,02 €/KG","img":"https://fd13-photos.leclercdrive.fr/image.ashx?id=2999982&use=l&cat=p&typeid=i","cat":288992},{"id":120267,"n":"Tablette chocolat noir Lindt Sésame grillé - 2x100g","p":5.92,"u":"29,60 €/KG","img":"https://fd13-photos.leclercdrive.fr/image.ashx?id=2230893&use=l&cat=p&typeid=i","cat":284956},{"id":120285,"n":"Tablette Excellence Lindt Chocolat noir framboise -2x100g","p":5.92,"u":"29,60 €/KG","img":"https://fd13-photos.leclercdrive.fr/image.ashx?id=2230890&use=l&cat=p&typeid=i","cat":284956},{"id":120295,"n":"Mascara Waterproof Maybelline  Cils Sensational Extra-noir","p":7.64,"img":"https://fd13-photos.leclercdrive.fr/image.ashx?id=2377781&use=l&cat=p&typeid=i","cat":287029},{"id":120331,"n":"Eau gazeuse minérale Salvetat Pauvre en sodium - 6x1,15L","p":3.04,"u":"0,44 €/L","img":"https://fd13-photos.leclercdrive.fr/image.ashx?id=2578693&use=l&cat=p&typeid=i","cat":284536},{"id":120348,"n":"Purée 4 mois Bio Village Pomme pruneaux bio - 4x100g","p":1.69,"u":"4,23 €/KG","img":"https://fd13-photos.leclercdrive.fr/image.ashx?id=2704837&use=l&cat=p&typeid=i","cat":312387},{"id":120349,"n":"Purée 4 mois Bio Village Pomme Abricot bio - 4x100g","p":1.89,"u":"4,73 €/KG","img":"https://fd13-photos.leclercdrive.fr/image.ashx?id=2704690&use=l&cat=p&typeid=i","cat":312387},{"id":120350,"n":"Purée 4 mois Bio Village Pomme coing bio - 4x100g","p":1.79,"u":"4,48 €/KG","img":"https://fd13-photos.leclercdrive.fr/image.ashx?id=2704840&use=l&cat=p&typeid=i","cat":312387},{"id":120351,"n":"Purée 4 mois Bio Village Pomme myrtilles bio - 4x100g","p":1.99,"u":"4,98 €/KG","img":"https://fd13-photos.leclercdrive.fr/image.ashx?id=1870912&use=l&cat=p&typeid=i","cat":312387},{"id":120389,"n":"Sablé  La mère poulard Pur beurre - 3x125g","p":3.33,"u":"8,88 €/KG","img":"https://fd13-photos.leclercdrive.fr/image.ashx?id=2990682&use=l&cat=p&typeid=i","cat":284487},{"id":120392,"n":"Palets pur beurre mère poulard Lot de 3 - 375g","p":3.34,"u":"8,91 €/KG","img":"https://fd13-photos.leclercdrive.fr/image.ashx?id=2912248&use=l&cat=p&typeid=i","cat":284487},{"id":120403,"n":"Adoucissant L'Arbre Vert Souffle de pureté x53 - 800ml","p":2.69,"u":"3,36 €/L","img":"https://fd13-photos.leclercdrive.fr/image.ashx?id=3001386&use=l&cat=p&typeid=i","cat":284650},{"id":120421,"n":"Crème de coco Real Thai 200ml","p":1.82,"u":"9,10 €/L","img":"https://fd13-photos.leclercdrive.fr/image.ashx?id=2857944&use=l&cat=p&typeid=i","cat":288992},{"id":120422,"n":"Lait de coco uht Real Thai 200ml","p":1.6,"u":"8,00 €/L","img":"https://fd13-photos.leclercdrive.fr/image.ashx?id=2872249&use=l&cat=p&typeid=i","cat":288992},{"id":120426,"n":"Protège slip écolo Uni vert Normal - x30","p":2.12,"u":"0,07 €/P","img":"https://fd13-photos.leclercdrive.fr/image.ashx?id=2799787&use=l&cat=p&typeid=i","cat":284625},{"id":120427,"n":"Lait de coco UHT  Real Thai - 500ml","p":3.36,"u":"6,72 €/L","img":"https://fd13-photos.leclercdrive.fr/image.ashx?id=2857941&use=l&cat=p&typeid=i","cat":288992},{"id":120485,"n":"Mascara Volume L'Oréal Paris Millions de Cils Extra Black","p":10.79,"pp":7.12,"img":"https://fd13-photos.leclercdrive.fr/image.ashx?id=2419170&use=l&cat=p&typeid=i","cat":287029},{"id":120488,"n":"Riz parfumé Comptoir du Grain Basmati -1kg","p":2.48,"u":"2,48 €/KG","img":"https://fd13-photos.leclercdrive.fr/image.ashx?id=2923399&use=l&cat=p&typeid=i","cat":284428},{"id":120492,"n":"Céréales fourrées P'tit Déli Chocolat noisette - 450g","p":2.19,"u":"4,87 €/KG","img":"https://fd13-photos.leclercdrive.fr/image.ashx?id=2819636&use=l&cat=p&typeid=i","cat":309513},{"id":120505,"n":"Mascara Waterproof L'OréalParis Millions de Cils Noir","p":13.38,"u":"495,56 €/KG","img":"https://fd13-photos.leclercdrive.fr/image.ashx?id=2278076&use=l&cat=p&typeid=i","cat":287029},{"id":120512,"n":"Fond de Teint L'Oréal Paris Accord Parfait 4.N Beige","p":13.76,"img":"https://fd13-photos.leclercdrive.fr/image.ashx?id=2937352&use=l&cat=p&typeid=i","cat":287029},{"id":120517,"n":"Crayon khôl L'Oréal Paris Paradise 101 Midnight Black","p":5.2,"img":"https://fd13-photos.leclercdrive.fr/image.ashx?id=2340981&use=l&cat=p&typeid=i","cat":287029},{"id":120519,"n":"Correcteur anticerne Maybelline Instant Anti-Age 02 Beige Nu","p":8.49,"img":"https://fd13-photos.leclercdrive.fr/image.ashx?id=2423172&use=l&cat=p&typeid=i","cat":287029},{"id":120520,"n":"Mascara Maybelline  Cils Sensational Extra-noir","p":8.38,"img":"https://fd13-photos.leclercdrive.fr/image.ashx?id=2377784&use=l&cat=p&typeid=i","cat":287029},{"id":120659,"n":"Poivron Orange 1p","p":0.6,"img":"https://fd13-photos.leclercdrive.fr/image.ashx?id=1872154&use=l&cat=p&typeid=i","cat":284352},{"id":120660,"n":"Purée 4 mois Bio Village Fruits verger bio - 4x100g","p":1.89,"u":"4,73 €/KG","img":"https://fd13-photos.leclercdrive.fr/image.ashx?id=2704846&use=l&cat=p&typeid=i","cat":312387},{"id":120663,"n":"Purée 6 mois Bio Village Pomme carotte mangue bio-4x100g","p":1.79,"u":"4,48 €/KG","img":"https://fd13-photos.leclercdrive.fr/image.ashx?id=2704852&use=l&cat=p&typeid=i","cat":312388},{"id":120665,"n":"Purée 6 mois Bio Village Pomme Biscuit bio - 4x100g","p":1.79,"u":"4,48 €/KG","img":"https://fd13-photos.leclercdrive.fr/image.ashx?id=2704855&use=l&cat=p&typeid=i","cat":312388},{"id":120679,"n":"Petits pots bébé P'TIT SOUPER Petits pois pâtes 12M+ - 2x200g","p":1.73,"u":"4,33 €/KG","img":"https://fd13-photos.leclercdrive.fr/image.ashx?id=2526517&use=l&cat=p&typeid=i","cat":312239},{"id":120681,"n":"Petits pots bébé P'TIT SOUPER Légumes Pâtes 8M+ - 2x200g","p":2.1,"u":"5,25 €/KG","img":"https://fd13-photos.leclercdrive.fr/image.ashx?id=2526520&use=l&cat=p&typeid=i","cat":312239},{"id":120683,"n":"Petits pots bébé P'TITE RECETTE Bœuf bourguignon 12M+ - 2x200g","p":2.21,"u":"5,53 €/KG","img":"https://fd13-photos.leclercdrive.fr/image.ashx?id=2525714&use=l&cat=p&typeid=i","cat":312237},{"id":120684,"n":"Perfect Mousse Schwarzkopf 465 Châtain - Lot de 2","p":18.5,"u":"13,18 €/KG","img":"https://fd13-photos.leclercdrive.fr/image.ashx?id=1919477&use=l&cat=p&typeid=i","cat":288899},{"id":120686,"n":"Biphase micellaire So Bio Etic Bamboo bio - 500ml","p":6.93,"u":"13,86 €/L","img":"https://fd13-photos.leclercdrive.fr/image.ashx?id=2680221&use=l&cat=p&typeid=i","cat":284603},{"id":120692,"n":"Pur jus d'orange Bio Village Bio - 2L","p":4.75,"u":"2,38 €/L","img":"https://fd13-photos.leclercdrive.fr/image.ashx?id=2751922&use=l&cat=p&typeid=i","cat":284521},{"id":120694,"n":"Jus de pomme bio Bio Village 1L","p":1.29,"u":"1,29 €/L","img":"https://fd13-photos.leclercdrive.fr/image.ashx?id=2958780&use=l&cat=p&typeid=i","cat":284522},{"id":120741,"n":"Jus d'orange Bio Village Bio A base de concentré - 1L","p":2.19,"u":"2,19 €/L","img":"https://fd13-photos.leclercdrive.fr/image.ashx?id=2958777&use=l&cat=p&typeid=i","cat":284521},{"id":120744,"n":"Barre de céréales Nature Valley Sweet & Salty cacahuète x5-150g","p":2.79,"u":"18,60 €/KG","img":"https://fd13-photos.leclercdrive.fr/image.ashx?id=2737711&use=l&cat=p&typeid=i","cat":285869},{"id":120800,"n":"Filet de poulet blanc Volandrie Extra tendre - 300g","p":3.8,"u":"12,67 €/KG","img":"https://fd13-photos.leclercdrive.fr/image.ashx?id=2647904&use=l&cat=p&typeid=i","cat":284336},{"id":120822,"n":"Tablette de chocolat noir Lindt Croquant Noisette - 150g","p":4.24,"u":"28,27 €/KG","img":"https://fd13-photos.leclercdrive.fr/image.ashx?id=1877963&use=l&cat=p&typeid=i","cat":284956},{"id":120823,"n":"Tablette de chocolat noir Lindt Excellence Figue intense - 100g","p":2.83,"u":"28,30 €/KG","img":"https://fd13-photos.leclercdrive.fr/image.ashx?id=2209206&use=l&cat=p&typeid=i","cat":284956},{"id":120829,"n":"Poêle 28cm Easy Cook'n Clean Tous feux sauf induction","p":19.9,"img":"https://fd13-photos.leclercdrive.fr/image.ashx?id=2531859&use=l&cat=p&typeid=i","cat":298490},{"id":120832,"n":"Casserole Easy Cook'n Clean 20cm Tous feux sauf induction","p":16.9,"img":"https://fd13-photos.leclercdrive.fr/image.ashx?id=2606921&use=l&cat=p&typeid=i","cat":298490},{"id":120853,"n":"Bonbons Lutti Scoubifizz Piquants Fruits - 180g","p":1.63,"u":"9,06 €/KG","img":"https://fd13-photos.leclercdrive.fr/image.ashx?id=2964837&use=l&cat=p&typeid=i","cat":304250},{"id":120857,"n":"Bonbons Carambar Mini Fête Assortiment - 326g","p":3.1,"u":"9,51 €/KG","img":"https://fd13-photos.leclercdrive.fr/image.ashx?id=2972035&use=l&cat=p&typeid=i","cat":304250},{"id":120906,"n":"Crevette cuite 60/80 Equat ASC L'Atelier Poissonnerie - 500g","p":4.99,"u":"9,98 €/KG","img":"https://fd13-photos.leclercdrive.fr/image.ashx?id=2652116&use=l&cat=p&typeid=i","cat":284343},{"id":120940,"n":"Solution micellaire Bioderma ABCDerm H2O - 1L","p":9.99,"u":"9,99 €/L","img":"https://fd13-photos.leclercdrive.fr/image.ashx?id=2956514&use=l&cat=p&typeid=i","cat":290425},{"id":121085,"n":"Boîte classement Esquisse Vert anis - Polypro 2.5cm","p":2.1,"img":"https://fd13-photos.leclercdrive.fr/image.ashx?id=1874783&use=l&cat=p&typeid=i","cat":284745},{"id":121086,"n":"Boîte classement Esquisse Noir - Polypro 2.5cm","p":2.1,"img":"https://fd13-photos.leclercdrive.fr/image.ashx?id=1874786&use=l&cat=p&typeid=i","cat":284745},{"id":121087,"n":"Boîte classement Esquisse Rose - Polypro 2.5cm","p":2.1,"img":"https://fd13-photos.leclercdrive.fr/image.ashx?id=1874789&use=l&cat=p&typeid=i","cat":284745},{"id":121088,"n":"Boîte classement Esquisse Bleu ciel - Polypro 2.5cm","p":2.1,"img":"https://fd13-photos.leclercdrive.fr/image.ashx?id=1874792&use=l&cat=p&typeid=i","cat":284745},{"id":121188,"n":"Tablette de chocolat noir Lindt Eclat Orange - 70% - 100g","p":3.19,"u":"31,90 €/KG","img":"https://fd13-photos.leclercdrive.fr/image.ashx?id=2209215&use=l&cat=p&typeid=i","cat":284956},{"id":121268,"n":"Miel d'acacia Lune de miel 500g","p":6.87,"u":"13,74 €/KG","img":"https://fd13-photos.leclercdrive.fr/image.ashx?id=3004837&use=l&cat=p&typeid=i","cat":287643},{"id":121274,"n":"Compotes Pom'Potes Gourdes  Pomme Fraise - 4x90g","p":2.04,"u":"5,67 €/KG","img":"https://fd13-photos.leclercdrive.fr/image.ashx?id=3010897&use=l&cat=p&typeid=i","cat":284508},{"id":121315,"n":"Haché Happy Family Charal 20x80g - 1,6kg","p":17.89,"u":"11,18 €/KG","img":"https://fd13-photos.leclercdrive.fr/image.ashx?id=2739776&use=l&cat=p&typeid=i","cat":319778},{"id":121356,"n":"Dentifrice Original Parodontax Complete protect - 75ml","p":5.55,"u":"74,00 €/L","img":"https://fd13-photos.leclercdrive.fr/image.ashx?id=2546749&use=l&cat=p&typeid=i","cat":284612},{"id":121358,"n":"Dentifrice Blancheur Parodontax Complete protect - 75ml","p":5.29,"u":"70,53 €/L","img":"https://fd13-photos.leclercdrive.fr/image.ashx?id=2896393&use=l&cat=p&typeid=i","cat":284612},{"id":121387,"n":"Lingettes Mots d'Enfants Toilettes bio - x60","p":2.17,"u":"0,04 €/P","img":"https://fd13-photos.leclercdrive.fr/image.ashx?id=2856579&use=l&cat=p&typeid=i","cat":284738},{"id":121388,"n":"Sacs poubelle 20L Elembal Poignées coulissantes - x20","p":2.05,"u":"0,10 €/P","img":"https://fd13-photos.leclercdrive.fr/image.ashx?id=2958753&use=l&cat=p&typeid=i","cat":285168},{"id":121392,"n":"Sauce tomate Lucien Georgelin Au piment D'espelette - 300g","p":2.61,"u":"8,70 €/KG","img":"https://fd13-photos.leclercdrive.fr/image.ashx?id=2015666&use=l&cat=p&typeid=i","cat":288384},{"id":121412,"n":"Sérum Anti-rides L'Oréal Paris Revitalift Peau Neuve - 30ml","p":15.24,"u":"508,00 €/L","img":"https://fd13-photos.leclercdrive.fr/image.ashx?id=2879730&use=l&cat=p&typeid=i","cat":325345},{"id":121436,"n":"Crème anti-âge L'Oréal Paris Revitalift SPF 25 - 50ml","p":14.77,"u":"295,40 €/L","img":"https://fd13-photos.leclercdrive.fr/image.ashx?id=2853230&use=l&cat=p&typeid=i","cat":325345},{"id":121438,"n":"Sérum repulpant L'Oréal Paris Revitalift Anti-rides - 30ml","p":13.98,"u":"466,00 €/L","img":"https://fd13-photos.leclercdrive.fr/image.ashx?id=2926584&use=l&cat=p&typeid=i","cat":325345},{"id":121447,"n":"Flanbolo Haribo Sachet bonbons - 200g","p":1.87,"u":"9,35 €/KG","img":"https://fd13-photos.leclercdrive.fr/image.ashx?id=2806117&use=l&cat=p&typeid=i","cat":304250},{"id":121708,"n":"Céréales fourrées P'tit Déli Chocolat noisette - 650g","p":3.08,"u":"4,74 €/KG","img":"https://fd13-photos.leclercdrive.fr/image.ashx?id=2840740&use=l&cat=p&typeid=i","cat":309513},{"id":121739,"n":"Lentilles cuisinées Raynal Et Roquelaure - 2x200g","p":2.02,"u":"5,05 €/KG","img":"https://fd13-photos.leclercdrive.fr/image.ashx?id=2928381&use=l&cat=p&typeid=i","cat":312609},{"id":121864,"n":"Thé Earl Grey Yaté x25- 45g","p":0.82,"u":"18,22 €/KG","img":"https://fd13-photos.leclercdrive.fr/image.ashx?id=2952400&use=l&cat=p&typeid=i","cat":293233},{"id":121992,"n":"Secret de mousse La laitière Chocolat Lait et Blanc - 4x59 g","p":1.59,"u":"6,74 €/KG","img":"https://fd13-photos.leclercdrive.fr/image.ashx?id=2729782&use=l&cat=p&typeid=i","cat":284417},{"id":122089,"n":"Mini lunettes bio Bio Village  Fraise - 156g","p":1.99,"u":"12,76 €/KG","img":"https://fd13-photos.leclercdrive.fr/image.ashx?id=2353381&use=l&cat=p&typeid=i","cat":284489},{"id":122092,"n":"Goûter bio Bio Village Fourrage cacao - 185g","p":2.06,"u":"11,14 €/KG","img":"https://fd13-photos.leclercdrive.fr/image.ashx?id=1879942&use=l&cat=p&typeid=i","cat":284488},{"id":122094,"n":"Barre bio Bio village Chocolat coeur au lait - 125g","p":3.35,"u":"26,80 €/KG","img":"https://fd13-photos.leclercdrive.fr/image.ashx?id=2176095&use=l&cat=p&typeid=i","cat":284488},{"id":122231,"n":"Jambon supérieur Bio Village découenné 4 Tranches bio - 140g","p":4.02,"u":"28,71 €/KG","img":"https://fd13-photos.leclercdrive.fr/image.ashx?id=1959610&use=l&cat=p&typeid=i","cat":316009},{"id":122419,"n":"Skyr Siggi's  Nature 0% MG - 2x140g","p":2.19,"u":"7,82 €/KG","img":"https://fd13-photos.leclercdrive.fr/image.ashx?id=2372412&use=l&cat=p&typeid=i","cat":315000},{"id":122420,"n":"Skyr Siggi's  Vanille - 2x140g","p":2.12,"u":"7,57 €/KG","img":"https://fd13-photos.leclercdrive.fr/image.ashx?id=2646119&use=l&cat=p&typeid=i","cat":315000},{"id":122437,"n":"Verrines saumon fromage Concombre x4 - 160g","p":3.5,"u":"21,88 €/KG","img":"https://fd13-photos.leclercdrive.fr/image.ashx?id=2519615&use=l&cat=p&typeid=i","cat":316003},{"id":122450,"n":"Pain façon Bretzel Pasquier Nature - x6 + 2 offerts - 360g","p":2.2,"u":"6,11 €/KG","img":"https://fd13-photos.leclercdrive.fr/image.ashx?id=2132673&use=l&cat=p&typeid=i","cat":325069},{"id":122451,"n":"Pain façon Bretzel Pasquier Céréales x6+2 offerts - 360g","p":2.2,"u":"6,11 €/KG","img":"https://fd13-photos.leclercdrive.fr/image.ashx?id=2132676&use=l&cat=p&typeid=i","cat":325069},{"id":122528,"n":"Skyr Siggi's  Framboise - 2x140g","p":2.11,"u":"7,54 €/KG","img":"https://fd13-photos.leclercdrive.fr/image.ashx?id=2692095&use=l&cat=p&typeid=i","cat":315000},{"id":122529,"n":"Skyr Siggi's  Myrtille - 2x140g","p":2.17,"u":"7,75 €/KG","img":"https://fd13-photos.leclercdrive.fr/image.ashx?id=2692098&use=l&cat=p&typeid=i","cat":315000},{"id":122539,"n":"Débouche-évier Homeside 1 pièce","p":1.47,"img":"https://fd13-photos.leclercdrive.fr/image.ashx?id=2081104&use=l&cat=p&typeid=i","cat":284669},{"id":122790,"n":"Chips Tuiles Pringles Hot Spicy - 175g","p":1.74,"u":"9,94 €/KG","img":"https://fd13-photos.leclercdrive.fr/image.ashx?id=2902295&use=l&cat=p&typeid=i","cat":287899},{"id":122792,"n":"Chips Tuiles Pringles Crème et Oignon - 175g","p":1.7,"u":"9,71 €/KG","img":"https://fd13-photos.leclercdrive.fr/image.ashx?id=2902292&use=l&cat=p&typeid=i","cat":287899},{"id":122810,"n":"Kakis Panier du Primeur Barquette 1kg","p":2.99,"u":"2,99 €/KG","img":"https://fd13-photos.leclercdrive.fr/image.ashx?id=2402798&use=l&cat=p&typeid=i","cat":284356},{"id":122895,"n":"Chips Tuiles Pringles Original - 175g","p":1.67,"u":"9,54 €/KG","img":"https://fd13-photos.leclercdrive.fr/image.ashx?id=2902298&use=l&cat=p&typeid=i","cat":287899},{"id":122928,"n":"Sauce apéritif Old El Paso Mexicanita medium - 335g","p":2.82,"u":"8,42 €/KG","img":"https://fd13-photos.leclercdrive.fr/image.ashx?id=2737609&use=l&cat=p&typeid=i","cat":288993},{"id":122929,"n":"Sauces Old El Paso Guacamole Salsa et Poivrons - 575g","p":4.53,"u":"7,88 €/KG","img":"https://fd13-photos.leclercdrive.fr/image.ashx?id=2765399&use=l&cat=p&typeid=i","cat":288993},{"id":122930,"n":"Tortillas Old El Paso sans gluten x6 - 216g","p":3.1,"u":"14,35 €/KG","img":"https://fd13-photos.leclercdrive.fr/image.ashx?id=2737666&use=l&cat=p&typeid=i","cat":288993},{"id":122973,"n":"Jambon de Paris Tradilège Découenné - 2 tranches - 80g","p":1.2,"u":"15,00 €/KG","img":"https://fd13-photos.leclercdrive.fr/image.ashx?id=2404175&use=l&cat=p&typeid=i","cat":316009},{"id":122993,"n":"Quenelles de brochet Forestière Petit Jean - 2+1offert","p":4.1,"u":"3,42 €/KG","img":"https://fd13-photos.leclercdrive.fr/image.ashx?id=2953869&use=l&cat=p&typeid=i","cat":284441},{"id":123029,"n":"Poisson pané Colin Findus Extra croustillant - x2 250g","p":2.94,"u":"11,76 €/KG","img":"https://fd13-photos.leclercdrive.fr/image.ashx?id=3014548&use=l&cat=p&typeid=i","cat":319788},{"id":123062,"n":"Jambon de Paris Tradilège A l'étouffé - 160g","p":1.69,"u":"10,56 €/KG","img":"https://fd13-photos.leclercdrive.fr/image.ashx?id=2951143&use=l&cat=p&typeid=i","cat":316009},{"id":123063,"n":"Jambon de Paris Tradilège Découenné dégraissé x6 - 240g","p":2.39,"u":"9,96 €/KG","img":"https://fd13-photos.leclercdrive.fr/image.ashx?id=2951146&use=l&cat=p&typeid=i","cat":316009},{"id":123065,"n":"Jambon de Paris Tradilège À l'étouffée x8 - 320g","p":3.13,"u":"9,78 €/KG","img":"https://fd13-photos.leclercdrive.fr/image.ashx?id=2994387&use=l&cat=p&typeid=i","cat":316009},{"id":123067,"n":"Jambon de Paris Tradilège Découenné dégraissé x10 - 400g","p":3.86,"u":"9,65 €/KG","img":"https://fd13-photos.leclercdrive.fr/image.ashx?id=2930787&use=l&cat=p&typeid=i","cat":316009},{"id":123070,"n":"Jambon de Paris Tradilège -25% de sel - 4 tranches - 140g","p":2.05,"u":"14,64 €/KG","img":"https://fd13-photos.leclercdrive.fr/image.ashx?id=2991527&use=l&cat=p&typeid=i","cat":316009},{"id":123071,"n":"Jambon de Paris Tradilège -25% de sel - 6 tranches - 210g","p":2.49,"u":"11,86 €/KG","img":"https://fd13-photos.leclercdrive.fr/image.ashx?id=2994390&use=l&cat=p&typeid=i","cat":316009},{"id":123074,"n":"Jambon supérieur Tradilège Découenné dégraissé x4 - 160g","p":2.21,"u":"13,81 €/KG","img":"https://fd13-photos.leclercdrive.fr/image.ashx?id=2984194&use=l&cat=p&typeid=i","cat":316009},{"id":123076,"n":"Jambon supérieur Tradilège Découenné dégraissé x6 - 240g","p":3.25,"u":"13,54 €/KG","img":"https://fd13-photos.leclercdrive.fr/image.ashx?id=2974879&use=l&cat=p&typeid=i","cat":316009},{"id":123103,"n":"Jambon supérieur Tradilège Sans couenne x8 - 320g","p":4.29,"u":"13,41 €/KG","img":"https://fd13-photos.leclercdrive.fr/image.ashx?id=2943692&use=l&cat=p&typeid=i","cat":316009},{"id":123105,"n":"Jambon supérieur Tradilège Avec couenne 4 tranches - 160g","p":2.06,"u":"12,88 €/KG","img":"https://fd13-photos.leclercdrive.fr/image.ashx?id=2925756&use=l&cat=p&typeid=i","cat":316009},{"id":123106,"n":"Jambon supérieur Tradilège Avec couenne 6 tranches - 240g","p":3.08,"u":"12,83 €/KG","img":"https://fd13-photos.leclercdrive.fr/image.ashx?id=2404193&use=l&cat=p&typeid=i","cat":316009},{"id":123107,"n":"Jambon supérieur Tradilège Avec couenne 8 tranches - 320g","p":4.09,"u":"12,78 €/KG","img":"https://fd13-photos.leclercdrive.fr/image.ashx?id=2979586&use=l&cat=p&typeid=i","cat":316009},{"id":123108,"n":"Jambon supérieur Tradilège Label rouge découenné x4 - 160g","p":2.59,"u":"16,19 €/KG","img":"https://fd13-photos.leclercdrive.fr/image.ashx?id=2943698&use=l&cat=p&typeid=i","cat":316009},{"id":123121,"n":"Oeufs Marque rèpere De Nos Régions - x20","p":4.29,"u":"0,21 €/P","img":"https://fd13-photos.leclercdrive.fr/image.ashx?id=2969809&use=l&cat=p&typeid=i","cat":284378},{"id":123254,"n":"Rhum Blanc agricole Dillon  Martinique - 70cl","p":12.36,"u":"17,66 €/L","img":"https://fd13-photos.leclercdrive.fr/image.ashx?id=2650949&use=l&cat=p&typeid=i","cat":284550},{"id":123257,"n":"Capsules café Plantation Lungo forte n°7 - x16 - 105g","p":3.35,"u":"31,90 €/KG","img":"https://fd13-photos.leclercdrive.fr/image.ashx?id=2649744&use=l&cat=p&typeid=i","cat":293239},{"id":123358,"n":"Cordon bleu Marie 2x280g","p":5.99,"u":"10,70 €/KG","img":"https://fd13-photos.leclercdrive.fr/image.ashx?id=2331807&use=l&cat=p&typeid=i","cat":333665},{"id":123360,"n":"Pétales Tables du Monde A la crevette ASC - 50g","p":0.65,"u":"13,00 €/KG","img":"https://fd13-photos.leclercdrive.fr/image.ashx?id=1929618&use=l&cat=p&typeid=i","cat":288992},{"id":123375,"n":"Gel Toilette Intime Neutre Intima Natural 200ml","p":3.15,"u":"15,75 €/L","img":"https://fd13-photos.leclercdrive.fr/image.ashx?id=2959865&use=l&cat=p&typeid=i","cat":284627},{"id":123397,"n":"Bière sans alcool Tourtel Twist Framboise 0,0° - 6x27,5cl","p":4.14,"u":"2,51 €/L","img":"https://fd13-photos.leclercdrive.fr/image.ashx?id=2886705&use=l&cat=p&typeid=i","cat":334877},{"id":123407,"n":"Bière sans alcool Tourtel Twist Citron 0,0° - 6x27,5cl","p":3.85,"u":"2,33 €/L","img":"https://fd13-photos.leclercdrive.fr/image.ashx?id=2886702&use=l&cat=p&typeid=i","cat":334877},{"id":123416,"n":"Soda Coca-Cola Original Bouteille - Pack 6x1,75L","p":14.26,"u":"1,36 €/L","img":"https://fd13-photos.leclercdrive.fr/image.ashx?id=2878333&use=l&cat=p&typeid=i","cat":284530},{"id":123418,"n":"Bière blonde Leffe sans alcool 0,0% - 6x25cl","p":4.69,"u":"3,13 €/L","img":"https://fd13-photos.leclercdrive.fr/image.ashx?id=2548303&use=l&cat=p&typeid=i","cat":334877},{"id":123436,"n":"Boisson fruit shoot Teisseire Tropical - 6x20cl","p":2.65,"u":"2,21 €/L","img":"https://fd13-photos.leclercdrive.fr/image.ashx?id=2858204&use=l&cat=p&typeid=i","cat":295018},{"id":123437,"n":"Boisson Fruit shoot Teisseire Multivamine - 6x20cl","p":2.68,"u":"2,23 €/L","img":"https://fd13-photos.leclercdrive.fr/image.ashx?id=2858201&use=l&cat=p&typeid=i","cat":295018},{"id":123441,"n":"Mascara Maybelline  Colossal Go volume extrême Noir","p":8.75,"u":"380,43 €/L","img":"https://fd13-photos.leclercdrive.fr/image.ashx?id=2344162&use=l&cat=p&typeid=i","cat":287029},{"id":123448,"n":"Biscuits cacao Kinder Cards Au lait et au cacao 2x5 - 128g","p":3.57,"u":"13,95 €/KG","img":"https://fd13-photos.leclercdrive.fr/image.ashx?id=2672608&use=l&cat=p&typeid=i","cat":284488},{"id":123491,"n":"Crêpe fourrée Whaou Chocolat - x8 - 256g","p":2.08,"u":"8,13 €/KG","img":"https://fd13-photos.leclercdrive.fr/image.ashx?id=2962863&use=l&cat=p&typeid=i","cat":284494},{"id":123492,"n":"Crêpes Whaou! Chocolat x15 - 480g","p":3.66,"u":"7,63 €/KG","img":"https://fd13-photos.leclercdrive.fr/image.ashx?id=2986449&use=l&cat=p&typeid=i","cat":284494},{"id":123504,"n":"Yaourt fjord fromage blanc Nature - 8x125g","p":3.4,"u":"3,40 €/KG","img":"https://fd13-photos.leclercdrive.fr/image.ashx?id=2653222&use=l&cat=p&typeid=i","cat":284409},{"id":123523,"n":"Tubes Copains Copines Arc-en-ciel - 200g","p":1.13,"u":"5,65 €/KG","img":"https://fd13-photos.leclercdrive.fr/image.ashx?id=2589864&use=l&cat=p&typeid=i","cat":304250},{"id":123538,"n":"Eau gazeuse aromatisée Salvetat clementine  - 1,15L","p":0.8,"u":"0,70 €/L","img":"https://fd13-photos.leclercdrive.fr/image.ashx?id=2259478&use=l&cat=p&typeid=i","cat":284537},{"id":123545,"n":"Quiche lorraine Marie Pur beurre - 400g","p":3.34,"u":"8,35 €/KG","img":"https://fd13-photos.leclercdrive.fr/image.ashx?id=2318546&use=l&cat=p&typeid=i","cat":333680},{"id":123550,"n":"Yaourt aux fruits brassés Velouté fruix Danone - 16x125g","p":4.34,"u":"2,17 €/KG","img":"https://fd13-photos.leclercdrive.fr/image.ashx?id=2912923&use=l&cat=p&typeid=i","cat":284410},{"id":123551,"n":"Yaourt aux fruits brassés Velouté fruix Danone - 12x125g","p":3.9,"u":"2,60 €/KG","img":"https://fd13-photos.leclercdrive.fr/image.ashx?id=2912929&use=l&cat=p&typeid=i","cat":284410},{"id":123552,"n":"Yaourt fruits rouges brassés Velouté fruix Danone - 8x125g","p":2.69,"u":"2,69 €/KG","img":"https://fd13-photos.leclercdrive.fr/image.ashx?id=2912932&use=l&cat=p&typeid=i","cat":284410},{"id":123553,"n":"Yaourt aux fruits velouté fruix Danone brassé fraise - 4x125g","p":1.84,"u":"3,68 €/KG","img":"https://fd13-photos.leclercdrive.fr/image.ashx?id=2911855&use=l&cat=p&typeid=i","cat":284410},{"id":123555,"n":"Yaourt fruits jaunes brassés Velouté fruix Danone - 8x125g","p":2.7,"u":"2,70 €/KG","img":"https://fd13-photos.leclercdrive.fr/image.ashx?id=2912926&use=l&cat=p&typeid=i","cat":284410},{"id":123563,"n":"Filet de poulet blanc Maître Coq - 1kg","p":10.56,"u":"10,56 €/KG","img":"https://fd13-photos.leclercdrive.fr/image.ashx?id=2551132&use=l&cat=p&typeid=i","cat":284336},{"id":123622,"n":"Lait poudre Optima 2 Babybio  Bio 6 mois à 1an - 800g","p":18.68,"u":"23,35 €/KG","img":"https://fd13-photos.leclercdrive.fr/image.ashx?id=2988436&use=l&cat=p&typeid=i","cat":284727},{"id":123687,"n":"Lait de croissance Bio BabyBio 6x1L","p":13.43,"u":"2,24 €/L","img":"https://fd13-photos.leclercdrive.fr/image.ashx?id=2953875&use=l&cat=p&typeid=i","cat":284728},{"id":123695,"n":"Lait Primea 1 Bio BabyBio 800g","p":16.9,"u":"21,13 €/KG","img":"https://fd13-photos.leclercdrive.fr/image.ashx?id=2911327&use=l&cat=p&typeid=i","cat":284726},{"id":123710,"n":"Tomato Ketchup Zéro Heinz sans sucre ni sel - 425g","p":2.63,"u":"6,19 €/KG","img":"https://fd13-photos.leclercdrive.fr/image.ashx?id=2927723&use=l&cat=p&typeid=i","cat":284455},{"id":123924,"n":"Barres choco caram biscuit 348g","p":1.97,"u":"5,66 €/KG","img":"https://fd13-photos.leclercdrive.fr/image.ashx?id=2739721&use=l&cat=p&typeid=i","cat":284498},{"id":123960,"n":"Bière sans alcool Desperados Virgin - Agrumes 3x33cl","p":3.91,"u":"3,95 €/L","img":"https://fd13-photos.leclercdrive.fr/image.ashx?id=2977966&use=l&cat=p&typeid=i","cat":334877},{"id":124052,"n":"Nouilles de riz Table du monde 250g","p":1.99,"u":"7,96 €/KG","img":"https://fd13-photos.leclercdrive.fr/image.ashx?id=2679780&use=l&cat=p&typeid=i","cat":288992},{"id":124478,"n":"IGP Méditérranée rosé Les Calandières - 75cl","p":3.8,"u":"5,07 €/L","img":"https://fd13-photos.leclercdrive.fr/image.ashx?id=2996608&use=l&cat=p&typeid=i","cat":289558},{"id":124496,"n":"Crème glacée Ben & Jerry's Choco Fudge Brownie - 408g","p":3.82,"u":"9,36 €/KG","img":"https://fd13-photos.leclercdrive.fr/image.ashx?id=2738050&use=l&cat=p&typeid=i","cat":284725},{"id":124498,"n":"Glace en Pot BEN & JERRY'S Cookie Dough - 465ml","p":3.58,"u":"8,82 €/KG","img":"https://fd13-photos.leclercdrive.fr/image.ashx?id=2738056&use=l&cat=p&typeid=i","cat":284725},{"id":124500,"n":"Crème glacée Ben & Jerry's Peanut butter - 425g","p":3.58,"u":"8,42 €/KG","img":"https://fd13-photos.leclercdrive.fr/image.ashx?id=3001524&use=l&cat=p&typeid=i","cat":284725},{"id":124533,"n":"Confiture extra bio Bio Village Rhubarbe - 370g","p":2.59,"u":"7,00 €/KG","img":"https://fd13-photos.leclercdrive.fr/image.ashx?id=1910053&use=l&cat=p&typeid=i","cat":284480},{"id":124585,"n":"Black spiced \"The kraken\" 40° - 70cl","p":27.57,"u":"39,39 €/L","img":"https://fd13-photos.leclercdrive.fr/image.ashx?id=2550940&use=l&cat=p&typeid=i","cat":284550},{"id":124594,"n":"Capsules Nescafé Dolce Gusto Espresso - x16","p":4.44,"u":"50,45 €/KG","img":"https://fd13-photos.leclercdrive.fr/image.ashx?id=2952025&use=l&cat=p&typeid=i","cat":293239},{"id":124595,"n":"Nutella Biscuit pâte à tartiner Cacao Noisettes - 166g","p":1.89,"u":"11,39 €/KG","img":"https://fd13-photos.leclercdrive.fr/image.ashx?id=2922200&use=l&cat=p&typeid=i","cat":284488},{"id":124655,"n":"Bac sorbet Eskiss Mangue - 650g","p":2.49,"u":"3,83 €/KG","img":"https://fd13-photos.leclercdrive.fr/image.ashx?id=2982673&use=l&cat=p&typeid=i","cat":284263},{"id":124670,"n":"Pain de mie complet Jacquet Maxi - Sans sucre ajouté - 550g","p":1.6,"u":"2,91 €/KG","img":"https://fd13-photos.leclercdrive.fr/image.ashx?id=2935708&use=l&cat=p&typeid=i","cat":284477},{"id":124671,"n":"Pain de mie Sans croûte Jacquet Sans sucre ajouté - 475g","p":1.74,"u":"3,66 €/KG","img":"https://fd13-photos.leclercdrive.fr/image.ashx?id=2919754&use=l&cat=p&typeid=i","cat":284477},{"id":124694,"n":"Saucisson Mini Justin Bridou  Bâton de Berger nature - 160g","p":3.29,"u":"20,56 €/KG","img":"https://fd13-photos.leclercdrive.fr/image.ashx?id=2921786&use=l&cat=p&typeid=i","cat":316006},{"id":124696,"n":"Accras de morue MSC Table du Monde - 200g","p":2.29,"u":"11,45 €/KG","img":"https://fd13-photos.leclercdrive.fr/image.ashx?id=1959049&use=l&cat=p&typeid=i","cat":333673},{"id":124723,"n":"Champignon Bonduelle Emincé - 3x115g","p":2.71,"u":"7,86 €/KG","img":"https://fd13-photos.leclercdrive.fr/image.ashx?id=2913121&use=l&cat=p&typeid=i","cat":312610},{"id":124762,"n":"Biscuit Milka Chocolat pause - 3x260g","p":4.41,"pp":3.09,"u":"3,96 €/KG","img":"https://fd13-photos.leclercdrive.fr/image.ashx?id=2680377&use=l&cat=p&typeid=i","cat":284488},{"id":124787,"n":"Shampooing sec Batiste Volume - 200ml","p":4.66,"u":"23,30 €/L","img":"https://fd13-photos.leclercdrive.fr/image.ashx?id=2557979&use=l&cat=p&typeid=i","cat":289143},{"id":124874,"n":"Crème glacée Ben & Jerry's  Caramel Brownie Party - 405g","p":3.91,"u":"9,65 €/KG","img":"https://fd13-photos.leclercdrive.fr/image.ashx?id=2773889&use=l&cat=p&typeid=i","cat":284725},{"id":124901,"n":"Pâte à tartiner Nutella 630g","p":4.79,"u":"7,60 €/KG","img":"https://fd13-photos.leclercdrive.fr/image.ashx?id=2968841&use=l&cat=p&typeid=i","cat":284481},{"id":124902,"n":"Eponges végétales Eco+ x2","p":0.46,"u":"0,23 €/P","img":"https://fd13-photos.leclercdrive.fr/image.ashx?id=2770242&use=l&cat=p&typeid=i","cat":284667},{"id":124906,"n":"Sacs poubelle Eco+ 50L Coulissants - x25","p":2.33,"u":"0,09 €/P","img":"https://fd13-photos.leclercdrive.fr/image.ashx?id=1916286&use=l&cat=p&typeid=i","cat":285168},{"id":124927,"n":"Sacs gravats Elembal 50L - X5","p":4.24,"u":"0,02 €/L","img":"https://fd13-photos.leclercdrive.fr/image.ashx?id=2793278&use=l&cat=p&typeid=i","cat":285168},{"id":124962,"n":"Sacs poubelle Elembal Salle de bain 5L - x40","p":1.26,"u":"0,03 €/P","img":"https://fd13-photos.leclercdrive.fr/image.ashx?id=2793284&use=l&cat=p&typeid=i","cat":285168},{"id":125220,"n":"Snacks Eco+ Gôut bacon - 100g","p":0.72,"u":"7,20 €/KG","img":"https://fd13-photos.leclercdrive.fr/image.ashx?id=2287233&use=l&cat=p&typeid=i","cat":284449},{"id":125223,"n":"Pistaches grillées à sec Eco+ 200g","p":2.58,"u":"12,90 €/KG","img":"https://fd13-photos.leclercdrive.fr/image.ashx?id=2746784&use=l&cat=p&typeid=i","cat":284448},{"id":125227,"n":"Mini cookies P'tit Déli 160g","p":1.49,"u":"9,31 €/KG","img":"https://fd13-photos.leclercdrive.fr/image.ashx?id=2932426&use=l&cat=p&typeid=i","cat":325066},{"id":125235,"n":"Tartelette framboise P'tit Déli 150g","p":1.3,"u":"8,67 €/KG","img":"https://fd13-photos.leclercdrive.fr/image.ashx?id=2683922&use=l&cat=p&typeid=i","cat":284489},{"id":125238,"n":"Cookies P'tit Déli Chocolat noisette - 200g","p":1.69,"u":"8,45 €/KG","img":"https://fd13-photos.leclercdrive.fr/image.ashx?id=1943253&use=l&cat=p&typeid=i","cat":325066},{"id":125328,"n":"Ketchup Rustica Nature - 560g","p":1.25,"u":"2,23 €/KG","img":"https://fd13-photos.leclercdrive.fr/image.ashx?id=2870050&use=l&cat=p&typeid=i","cat":284455},{"id":125339,"n":"Eponge gratounett Spontex 4+2 gratuit","p":3.47,"u":"0,58 €/P","img":"https://fd13-photos.leclercdrive.fr/image.ashx?id=1904252&use=l&cat=p&typeid=i","cat":284667},{"id":125373,"n":"Plateau de chiffonnade Giganta 280g","p":11.39,"u":"40,68 €/KG","img":"https://fd13-photos.leclercdrive.fr/image.ashx?id=2187604&use=l&cat=p&typeid=i","cat":316007},{"id":125383,"n":"Comté fromage râpé Les Croisés 130g","p":1.95,"u":"15,00 €/KG","img":"https://fd13-photos.leclercdrive.fr/image.ashx?id=2897820&use=l&cat=p&typeid=i","cat":314035},{"id":125531,"n":"Choco 100% cacao Lindt Orange Amande - 50g","p":2.58,"u":"51,60 €/KG","img":"https://fd13-photos.leclercdrive.fr/image.ashx?id=2310797&use=l&cat=p&typeid=i","cat":284956},{"id":125571,"n":"Yaourt bifidus Activia muesli Chocolat noisette - 170g","p":1.89,"img":"https://fd13-photos.leclercdrive.fr/image.ashx?id=2965891&use=l&cat=p&typeid=i","cat":315000},{"id":125723,"n":"Céréales fourées P'tit Déli Tout chocolat - 650g","p":2.89,"u":"4,45 €/KG","img":"https://fd13-photos.leclercdrive.fr/image.ashx?id=2568337&use=l&cat=p&typeid=i","cat":309513},{"id":125915,"n":"Yaourts allégés Sveltesse   Caramel - 4x125g","p":1.61,"u":"3,22 €/KG","img":"https://fd13-photos.leclercdrive.fr/image.ashx?id=2561601&use=l&cat=p&typeid=i","cat":315000},{"id":125916,"n":"Fromages frais Pat'Patrouille Yoplait goûts fruits - 24x50g","p":3.34,"u":"2,78 €/KG","img":"https://fd13-photos.leclercdrive.fr/image.ashx?id=2733688&use=l&cat=p&typeid=i","cat":284414},{"id":125919,"n":"Boisson végétale Alpro Lait d'amande vanille - 1L","p":3.09,"u":"3,09 €/L","img":"https://fd13-photos.leclercdrive.fr/image.ashx?id=2981671&use=l&cat=p&typeid=i","cat":316067},{"id":125953,"n":"Chips Vico La vicoise - 150g","p":1.95,"u":"13,00 €/KG","img":"https://fd13-photos.leclercdrive.fr/image.ashx?id=2733940&use=l&cat=p&typeid=i","cat":284447},{"id":125958,"n":"Chips Bret's Saveur vinaigre - 125g","p":1.19,"u":"9,52 €/KG","img":"https://fd13-photos.leclercdrive.fr/image.ashx?id=1925081&use=l&cat=p&typeid=i","cat":284447},{"id":125966,"n":"Chips Tyrrell's Sel et poivre - 150g","p":2.19,"u":"14,60 €/KG","img":"https://fd13-photos.leclercdrive.fr/image.ashx?id=2884777&use=l&cat=p&typeid=i","cat":284447},{"id":126139,"n":"Chips  Sel de mer Tyrell's Saveur vinaigre - 150g","p":2.19,"u":"14,60 €/KG","img":"https://fd13-photos.leclercdrive.fr/image.ashx?id=2941865&use=l&cat=p&typeid=i","cat":284447},{"id":126140,"n":"Chips Tyrells Piment doux et poivron - 150g","p":2.19,"u":"14,60 €/KG","img":"https://fd13-photos.leclercdrive.fr/image.ashx?id=2225657&use=l&cat=p&typeid=i","cat":284447},{"id":126163,"n":"Galette St michel Au bon chocolat - 121g","p":1.17,"u":"9,67 €/KG","img":"https://fd13-photos.leclercdrive.fr/image.ashx?id=2949955&use=l&cat=p&typeid=i","cat":284487},{"id":126178,"n":"Riz long thaï Eco+ 1kg","p":1.61,"u":"1,61 €/KG","img":"https://fd13-photos.leclercdrive.fr/image.ashx?id=2027886&use=l&cat=p&typeid=i","cat":284428},{"id":126187,"n":"Biscuits Lotus Biscoff Fourré Crème saveur chocolat 150g","p":1.78,"u":"11,87 €/KG","img":"https://fd13-photos.leclercdrive.fr/image.ashx?id=2859818&use=l&cat=p&typeid=i","cat":284487},{"id":126206,"n":"Galettes La mère poulard Grande - beurre - 135g","p":1.67,"u":"12,37 €/KG","img":"https://fd13-photos.leclercdrive.fr/image.ashx?id=2905465&use=l&cat=p&typeid=i","cat":284487},{"id":126207,"n":"Galette St Michel 520g","p":3.35,"u":"6,44 €/KG","img":"https://fd13-photos.leclercdrive.fr/image.ashx?id=2936221&use=l&cat=p&typeid=i","cat":284487},{"id":126310,"n":"Crème dépilatoire Pure Veet Corps Peaux normales 200ml","p":4.44,"u":"22,20 €/L","img":"https://fd13-photos.leclercdrive.fr/image.ashx?id=3014437&use=l&cat=p&typeid=i","cat":325351},{"id":126314,"n":"Crème dépilatoire Pure Veet Corps Peaux sensibles 200ml","p":4.36,"u":"21,80 €/L","img":"https://fd13-photos.leclercdrive.fr/image.ashx?id=2965692&use=l&cat=p&typeid=i","cat":325351},{"id":126316,"n":"Cire Chaude au Sucre Pure Veet 100% d'Origine Naturelle 250ml","p":4.9,"u":"19,60 €/L","img":"https://fd13-photos.leclercdrive.fr/image.ashx?id=2990430&use=l&cat=p&typeid=i","cat":325351},{"id":126421,"n":"Biscuits Figolu LU Figue - 192g","p":1.42,"u":"7,40 €/KG","img":"https://fd13-photos.leclercdrive.fr/image.ashx?id=2967950&use=l&cat=p&typeid=i","cat":284489},{"id":126422,"n":"Dinosaurus Lotus Chocolat au lait - 2x225g","p":4.1,"u":"9,11 €/KG","img":"https://fd13-photos.leclercdrive.fr/image.ashx?id=2694992&use=l&cat=p&typeid=i","cat":284488},{"id":126424,"n":"Biscuits Sprits sablés Delacre Chocolat au lait - 200g","p":1.7,"u":"8,50 €/KG","img":"https://fd13-photos.leclercdrive.fr/image.ashx?id=2855873&use=l&cat=p&typeid=i","cat":284488},{"id":126430,"n":"Dosettes café Senseo Milka x8","p":3.0,"u":"26,79 €/KG","img":"https://fd13-photos.leclercdrive.fr/image.ashx?id=2127012&use=l&cat=p&typeid=i","cat":293238},{"id":126436,"n":"Amandes Benenuts-Plaisir Brut Non salées - 145g","p":4.04,"u":"27,86 €/KG","img":"https://fd13-photos.leclercdrive.fr/image.ashx?id=3014470&use=l&cat=p&typeid=i","cat":284448},{"id":126478,"n":"Morceaux Thon PETIT NAVIRE 160g Nature Démarche Responsable","p":1.99,"u":"17,77 €/KG","img":"https://fd13-photos.leclercdrive.fr/image.ashx?id=2549453&use=l&cat=p&typeid=i","cat":303867},{"id":126519,"n":"Bloc WC Bref Color Activ+  Marine toilettes - 50g x1","p":1.95,"u":"390,00 €/KG","img":"https://fd13-photos.leclercdrive.fr/image.ashx?id=2890112&use=l&cat=p&typeid=i","cat":284662},{"id":126540,"n":"Citron jaune Eco+  Filet 500g","p":0.99,"u":"1,98 €/KG","img":"https://fd13-photos.leclercdrive.fr/image.ashx?id=2619807&use=l&cat=p&typeid=i","cat":284356},{"id":126562,"n":"Noix de cajou Plaisir Brut Non salées - 145g","p":3.89,"u":"29,92 €/KG","img":"https://fd13-photos.leclercdrive.fr/image.ashx?id=2622552&use=l&cat=p&typeid=i","cat":284448},{"id":126570,"n":"Soda Sprite Original  Bouteille  - 1.25L","p":1.32,"u":"1,06 €/L","img":"https://fd13-photos.leclercdrive.fr/image.ashx?id=2796989&use=l&cat=p&typeid=i","cat":284531},{"id":126571,"n":"Gaufres de Liège Lotus 315g","p":1.94,"u":"6,16 €/KG","img":"https://fd13-photos.leclercdrive.fr/image.ashx?id=2694995&use=l&cat=p&typeid=i","cat":294777},{"id":126581,"n":"Pommes jaunes Eco+ Sachet 2kg","p":2.99,"u":"1,50 €/KG","img":"https://fd13-photos.leclercdrive.fr/image.ashx?id=2441890&use=l&cat=p&typeid=i","cat":284356},{"id":126586,"n":"Tomate cerise Eco+ Barquette 250g","p":0.99,"u":"3,96 €/KG","img":"https://fd13-photos.leclercdrive.fr/image.ashx?id=2968067&use=l&cat=p&typeid=i","cat":284352},{"id":126589,"n":"Endives Eco+ Sachet 500g","p":1.49,"u":"2,98 €/KG","img":"https://fd13-photos.leclercdrive.fr/image.ashx?id=2922917&use=l&cat=p&typeid=i","cat":284352},{"id":126590,"n":"Ail Eco+ Filet 250g","p":1.99,"u":"7,96 €/KG","img":"https://fd13-photos.leclercdrive.fr/image.ashx?id=2919586&use=l&cat=p&typeid=i","cat":284352},{"id":126622,"n":"Mascara paradise primer white 01 White nu - x1","p":10.89,"img":"https://fd13-photos.leclercdrive.fr/image.ashx?id=2833738&use=l&cat=p&typeid=i","cat":287029},{"id":126643,"n":"Gaufres de liège Lotus Chocolat - 363g","p":3.01,"u":"8,29 €/KG","img":"https://fd13-photos.leclercdrive.fr/image.ashx?id=2859824&use=l&cat=p&typeid=i","cat":294777},{"id":126646,"n":"Gaufres de liège Lotus Chocolat au lait - 363g","p":2.98,"u":"8,21 €/KG","img":"https://fd13-photos.leclercdrive.fr/image.ashx?id=2859827&use=l&cat=p&typeid=i","cat":294777},{"id":126658,"n":"Poisson pané Colin Alaska  Findus MSC herbes ail x2 - 225g","p":2.87,"u":"12,76 €/KG","img":"https://fd13-photos.leclercdrive.fr/image.ashx?id=2650699&use=l&cat=p&typeid=i","cat":319788},{"id":126659,"n":"Fromage fondu Eco+ 24 portions - 400g","p":2.45,"u":"6,13 €/KG","img":"https://fd13-photos.leclercdrive.fr/image.ashx?id=2415746&use=l&cat=p&typeid=i","cat":314030},{"id":126765,"n":"Mascara Maybelline New York Big Shot Daring Black nu - x1","p":8.0,"img":"https://fd13-photos.leclercdrive.fr/image.ashx?id=2344165&use=l&cat=p&typeid=i","cat":287029},{"id":126814,"n":"Filet de poulet Le Gaulois Non OGM Cuisson express 280g","p":4.44,"u":"15,86 €/KG","img":"https://fd13-photos.leclercdrive.fr/image.ashx?id=2304716&use=l&cat=p&typeid=i","cat":284336},{"id":126816,"n":"Escalope de poulet Le Gaulois 240g","p":3.29,"u":"13,71 €/KG","img":"https://fd13-photos.leclercdrive.fr/image.ashx?id=2304713&use=l&cat=p&typeid=i","cat":284336},{"id":126836,"n":"Éponge Bébé Ultra-Douce Tigex - 1pièce","p":3.0,"img":"https://fd13-photos.leclercdrive.fr/image.ashx?id=2689841&use=l&cat=p&typeid=i","cat":289435},{"id":126848,"n":"Batonnets Smicy Vanille - x12 - 456g","p":4.02,"u":"8,82 €/KG","img":"https://fd13-photos.leclercdrive.fr/image.ashx?id=1936704&use=l&cat=p&typeid=i","cat":284265},{"id":126849,"n":"Batonnets Smicy Vanille chocolat - x12 - 456g","p":3.53,"u":"7,74 €/KG","img":"https://fd13-photos.leclercdrive.fr/image.ashx?id=2051843&use=l&cat=p&typeid=i","cat":284265},{"id":126850,"n":"Batonnets Smicy Pistache chocolat - x12 - 456g","p":3.53,"u":"7,74 €/KG","img":"https://fd13-photos.leclercdrive.fr/image.ashx?id=2051846&use=l&cat=p&typeid=i","cat":284265},{"id":126914,"n":"Lorina limonade artisanale 6x20cl","p":4.59,"u":"3,83 €/L","img":"https://fd13-photos.leclercdrive.fr/image.ashx?id=2735140&use=l&cat=p&typeid=i","cat":284531},{"id":126918,"n":"Kaki 1p","p":0.89,"img":"https://fd13-photos.leclercdrive.fr/image.ashx?id=1628367&use=l&cat=p&typeid=i","cat":284356},{"id":126960,"n":"Cheeseburgers Côté Croc x6 - 780g","p":6.29,"u":"8,06 €/KG","img":"https://fd13-photos.leclercdrive.fr/image.ashx?id=2077373&use=l&cat=p&typeid=i","cat":319822},{"id":126974,"n":"Café moulu bio Bio Village Mexique - 250g","p":4.95,"u":"19,80 €/KG","img":"https://fd13-photos.leclercdrive.fr/image.ashx?id=2468882&use=l&cat=p&typeid=i","cat":284750},{"id":126985,"n":"Concombre Noa 1p","p":0.89,"img":"https://fd13-photos.leclercdrive.fr/image.ashx?id=2115890&use=l&cat=p&typeid=i","cat":284352},{"id":126990,"n":"Carottes Eco+ Sachet de 2kg","p":1.89,"u":"0,95 €/KG","img":"https://fd13-photos.leclercdrive.fr/image.ashx?id=2922376&use=l&cat=p&typeid=i","cat":284352},{"id":126994,"n":"Céleri rave 1p","p":2.49,"img":"https://fd13-photos.leclercdrive.fr/image.ashx?id=1631904&use=l&cat=p&typeid=i","cat":284352},{"id":127014,"n":"Carottes fanes botte x1","p":1.99,"img":"https://fd13-photos.leclercdrive.fr/image.ashx?id=1632623&use=l&cat=p&typeid=i","cat":284352},{"id":127017,"n":"Butternut 1p","p":1.99,"img":"https://fd13-photos.leclercdrive.fr/image.ashx?id=1631577&use=l&cat=p&typeid=i","cat":284352},{"id":127021,"n":"Chou blanc 1p","p":1.99,"img":"https://fd13-photos.leclercdrive.fr/image.ashx?id=560849&use=l&cat=p&typeid=i","cat":284352},{"id":127026,"n":"Chou frisé 1p","p":1.99,"img":"https://fd13-photos.leclercdrive.fr/image.ashx?id=560851&use=l&cat=p&typeid=i","cat":284352},{"id":127215,"n":"Litière chats Tranquille Cristaux fins - 3.7L","p":5.65,"u":"1,53 €/L","img":"https://fd13-photos.leclercdrive.fr/image.ashx?id=1934850&use=l&cat=p&typeid=i","cat":284683},{"id":127325,"n":"Bière Pale Ale Ninkasi 33cl","p":2.11,"u":"6,39 €/L","img":"https://fd13-photos.leclercdrive.fr/image.ashx?id=2498988&use=l&cat=p&typeid=i","cat":334852},{"id":127326,"n":"Bière Triple Ninkasi 33cl","p":2.38,"u":"7,21 €/L","img":"https://fd13-photos.leclercdrive.fr/image.ashx?id=1914666&use=l&cat=p&typeid=i","cat":334872},{"id":127389,"n":"Cire divine rituel douceur Nair huile argan et onagre - 400g","p":6.37,"u":"15,93 €/KG","img":"https://fd13-photos.leclercdrive.fr/image.ashx?id=2904790&use=l&cat=p&typeid=i","cat":325351},{"id":127430,"n":"Céréales fourrées P'tit Déli Chocolat au lait - 450g","p":2.58,"u":"5,73 €/KG","img":"https://fd13-photos.leclercdrive.fr/image.ashx?id=2824713&use=l&cat=p&typeid=i","cat":309513},{"id":127475,"n":"Lait bébé en poudre Blédilait croissance 1-3 ans 900g","p":10.88,"u":"12,09 €/KG","img":"https://fd13-photos.leclercdrive.fr/image.ashx?id=2848587&use=l&cat=p&typeid=i","cat":290219},{"id":127552,"n":"Tofu fumé Céréal Bio Bio - 200g","p":2.89,"u":"14,45 €/KG","img":"https://fd13-photos.leclercdrive.fr/image.ashx?id=2890097&use=l&cat=p&typeid=i","cat":316036},{"id":127647,"n":"Règle triple décimetre Maped Aluminium","p":3.09,"img":"https://fd13-photos.leclercdrive.fr/image.ashx?id=3003173&use=l&cat=p&typeid=i","cat":334133},{"id":127648,"n":"Taille-crayons Maped Globe - 1 trou","p":1.44,"img":"https://fd13-photos.leclercdrive.fr/image.ashx?id=2508951&use=l&cat=p&typeid=i","cat":334133},{"id":127655,"n":"Perforatrice Maped 4 trous - 10/12 feuilles","p":10.19,"img":"https://fd13-photos.leclercdrive.fr/image.ashx?id=2013974&use=l&cat=p&typeid=i","cat":334133},{"id":127659,"n":"Feutres de coloriage Maped Color'peps - x12","p":2.78,"img":"https://fd13-photos.leclercdrive.fr/image.ashx?id=2384295&use=l&cat=p&typeid=i","cat":284696},{"id":127666,"n":"Règle Maped 30cm - Aluminium","p":3.09,"img":"https://fd13-photos.leclercdrive.fr/image.ashx?id=2013944&use=l&cat=p&typeid=i","cat":334133},{"id":127679,"n":"Feutres Original Papermate Noir - pointe moyenne - x5","p":4.34,"u":"0,87 €/P","img":"https://fd13-photos.leclercdrive.fr/image.ashx?id=1917389&use=l&cat=p&typeid=i","cat":284696},{"id":127683,"n":"Feutres Flair Papermate Noir - Ultra fine - x2","p":2.99,"u":"1,50 €/P","img":"https://fd13-photos.leclercdrive.fr/image.ashx?id=1917383&use=l&cat=p&typeid=i","cat":284696},{"id":127684,"n":"Marqueur Sharpie Noir - Pointe fine","p":1.25,"img":"https://fd13-photos.leclercdrive.fr/image.ashx?id=1917926&use=l&cat=p&typeid=i","cat":284696},{"id":127686,"n":"Stylos bille Inkjoy Papermate Noir, Bleu, Rouge, Vert - x4","p":1.4,"u":"0,35 €/P","img":"https://fd13-photos.leclercdrive.fr/image.ashx?id=1930746&use=l&cat=p&typeid=i","cat":284696},{"id":127688,"n":"Feutres Papermate Flair Tropical - x6","p":7.71,"u":"1,29 €/P","img":"https://fd13-photos.leclercdrive.fr/image.ashx?id=1917386&use=l&cat=p&typeid=i","cat":284696},{"id":127689,"n":"Stylos Inkjoy Papermate Pointe fine standard - x5","p":1.8,"img":"https://fd13-photos.leclercdrive.fr/image.ashx?id=2509613&use=l&cat=p&typeid=i","cat":284696},{"id":127694,"n":"Trieur A4 Exacompta 13 compartiments","p":7.37,"img":"https://fd13-photos.leclercdrive.fr/image.ashx?id=1917626&use=l&cat=p&typeid=i","cat":284745},{"id":127695,"n":"Bloc reliure intégrale Rhodia Spirale - 160pages","p":1.85,"img":"https://fd13-photos.leclercdrive.fr/image.ashx?id=3008029&use=l&cat=p&typeid=i","cat":284697},{"id":127700,"n":"Stylos Roller V5 Pilot x4","p":6.21,"img":"https://fd13-photos.leclercdrive.fr/image.ashx?id=2578058&use=l&cat=p&typeid=i","cat":284696},{"id":127701,"n":"Stylos Roller V BALL 05 Pilot x4","p":6.56,"img":"https://fd13-photos.leclercdrive.fr/image.ashx?id=2578061&use=l&cat=p&typeid=i","cat":284696},{"id":127703,"n":"Stylos roller FrixionBall Pilot x3","p":7.35,"img":"https://fd13-photos.leclercdrive.fr/image.ashx?id=2969076&use=l&cat=p&typeid=i","cat":284696},{"id":127705,"n":"Marqueur indélébile Pilot Noir","p":2.18,"img":"https://fd13-photos.leclercdrive.fr/image.ashx?id=2559427&use=l&cat=p&typeid=i","cat":284696},{"id":127708,"n":"Stylo roller Frixion Pilot Ball Clicker - Rouge - x1","p":2.88,"img":"https://fd13-photos.leclercdrive.fr/image.ashx?id=2558936&use=l&cat=p&typeid=i","cat":284696},{"id":127709,"n":"Recharges Frixion Point Pilot Rouge - x3","p":4.21,"img":"https://fd13-photos.leclercdrive.fr/image.ashx?id=2939301&use=l&cat=p&typeid=i","cat":284696},{"id":127713,"n":"Pochettes bulles Esquisse 25X35cm - X5","p":1.49,"img":"https://fd13-photos.leclercdrive.fr/image.ashx?id=1929783&use=l&cat=p&typeid=i","cat":284697},{"id":127716,"n":"Stylos bille Esquisse x4","p":0.79,"img":"https://fd13-photos.leclercdrive.fr/image.ashx?id=1929792&use=l&cat=p&typeid=i","cat":284696},{"id":127717,"n":"Notes adhésives Esquisse neon 75x75  - 2x100","p":1.25,"img":"https://fd13-photos.leclercdrive.fr/image.ashx?id=1929789&use=l&cat=p&typeid=i","cat":334133},{"id":127718,"n":"Cahiers Esquisse 48pages 24X32 - grands carreaux -x5","p":4.99,"img":"https://fd13-photos.leclercdrive.fr/image.ashx?id=1929798&use=l&cat=p&typeid=i","cat":284697},{"id":127722,"n":"Répertoire Esquisse 180pages Bleu - Spirale - 5X5 - 11x17cm","p":2.79,"img":"https://fd13-photos.leclercdrive.fr/image.ashx?id=1929771&use=l&cat=p&typeid=i","cat":284697},{"id":127728,"n":"Patafix Uhu invisible 56 pastilles","p":3.35,"img":"https://fd13-photos.leclercdrive.fr/image.ashx?id=1918226&use=l&cat=p&typeid=i","cat":334133},{"id":127818,"n":"Protège-documents Oxford Gris - 80 vues","p":3.9,"img":"https://fd13-photos.leclercdrive.fr/image.ashx?id=1926450&use=l&cat=p&typeid=i","cat":284745},{"id":127819,"n":"Protège-documents Oxford Bleu - 80 vues","p":3.9,"img":"https://fd13-photos.leclercdrive.fr/image.ashx?id=1926453&use=l&cat=p&typeid=i","cat":284745},{"id":127821,"n":"Protège-documents Oxford Vert - 80 vues","p":3.9,"img":"https://fd13-photos.leclercdrive.fr/image.ashx?id=1926459&use=l&cat=p&typeid=i","cat":284745},{"id":127823,"n":"Protège-documents Oxford Gris anthracite - 80 vues","p":3.9,"img":"https://fd13-photos.leclercdrive.fr/image.ashx?id=1926465&use=l&cat=p&typeid=i","cat":284745},{"id":127998,"n":"Chemise Esquisse Jaune - Polypro premium","p":2.69,"img":"https://fd13-photos.leclercdrive.fr/image.ashx?id=1935924&use=l&cat=p&typeid=i","cat":284745},{"id":127999,"n":"Chemise Esquisse Vert - Polypro premium","p":2.69,"img":"https://fd13-photos.leclercdrive.fr/image.ashx?id=1935927&use=l&cat=p&typeid=i","cat":284745},{"id":128000,"n":"Chemise Esquisse Rose - Polypro premium","p":2.69,"img":"https://fd13-photos.leclercdrive.fr/image.ashx?id=1935930&use=l&cat=p&typeid=i","cat":284745},{"id":128001,"n":"Chemise Esquisse Bleu - Polypro premium","p":2.69,"img":"https://fd13-photos.leclercdrive.fr/image.ashx?id=1935933&use=l&cat=p&typeid=i","cat":284745},{"id":128002,"n":"Chemise Esquisse Orange - Polypro fantaisie","p":1.19,"img":"https://fd13-photos.leclercdrive.fr/image.ashx?id=1935936&use=l&cat=p&typeid=i","cat":284745},{"id":128003,"n":"Chemise Esquisse Bleu - Polypro fantaisie","p":1.19,"img":"https://fd13-photos.leclercdrive.fr/image.ashx?id=1935939&use=l&cat=p&typeid=i","cat":284745},{"id":128004,"n":"Chemise Esquisse Gris - Polypro fantaisie","p":1.19,"img":"https://fd13-photos.leclercdrive.fr/image.ashx?id=1935942&use=l&cat=p&typeid=i","cat":284745},{"id":128005,"n":"Chemise Esquisse Vert - Polypro fantaisie","p":1.19,"img":"https://fd13-photos.leclercdrive.fr/image.ashx?id=1935945&use=l&cat=p&typeid=i","cat":284745},{"id":128010,"n":"Protège-documents Esquisse Orange - 60 vues","p":1.95,"img":"https://fd13-photos.leclercdrive.fr/image.ashx?id=1935960&use=l&cat=p&typeid=i","cat":284745},{"id":128011,"n":"Protège-documents Esquisse Bleu - 60 vues","p":1.95,"img":"https://fd13-photos.leclercdrive.fr/image.ashx?id=1935963&use=l&cat=p&typeid=i","cat":284745},{"id":128012,"n":"Protège-documents Esquisse Gris - 60 vues","p":1.95,"img":"https://fd13-photos.leclercdrive.fr/image.ashx?id=1935966&use=l&cat=p&typeid=i","cat":284745},{"id":128013,"n":"Protège-documents Esquisse Vert - 60 vues","p":1.95,"img":"https://fd13-photos.leclercdrive.fr/image.ashx?id=1935969&use=l&cat=p&typeid=i","cat":284745},{"id":128027,"n":"Porte-mine Esquisse Orange -0,7mm-12 mines+2 gommes","p":1.27,"img":"https://fd13-photos.leclercdrive.fr/image.ashx?id=1935886&use=l&cat=p&typeid=i","cat":284696},{"id":128028,"n":"Porte-mine Esquisse Gris -0,7mm-12 mines+2 gommes","p":1.27,"img":"https://fd13-photos.leclercdrive.fr/image.ashx?id=1935889&use=l&cat=p&typeid=i","cat":284696},{"id":128033,"n":"Cahier Esquisse 192pages Rouge -Grands carreaux- 17X22cm","p":2.99,"img":"https://fd13-photos.leclercdrive.fr/image.ashx?id=1932489&use=l&cat=p&typeid=i","cat":284697},{"id":128034,"n":"Cahier Esquisse 192pages Jaune - Grands carreaux-17X22cm","p":2.99,"img":"https://fd13-photos.leclercdrive.fr/image.ashx?id=1932492&use=l&cat=p&typeid=i","cat":284697},{"id":128035,"n":"Cahier Esquisse 192pages Bleu - Grands carreaux-17X22cm","p":2.99,"img":"https://fd13-photos.leclercdrive.fr/image.ashx?id=1932495&use=l&cat=p&typeid=i","cat":284697},{"id":128037,"n":"Règle Esquisse 30cm Rose - Incassable et flexible","p":0.99,"img":"https://fd13-photos.leclercdrive.fr/image.ashx?id=1932501&use=l&cat=p&typeid=i","cat":334133},{"id":128038,"n":"Règle Esquisse 30cm Vert - Incassable et flexible","p":0.99,"img":"https://fd13-photos.leclercdrive.fr/image.ashx?id=1932504&use=l&cat=p&typeid=i","cat":334133},{"id":128039,"n":"Règle Esquisse 30cm Bleu - Incassable et flexible","p":0.99,"img":"https://fd13-photos.leclercdrive.fr/image.ashx?id=1932507&use=l&cat=p&typeid=i","cat":334133},{"id":128040,"n":"Mini stylo-plume Esquisse Bleu - + 1 cartouche","p":1.89,"img":"https://fd13-photos.leclercdrive.fr/image.ashx?id=1932510&use=l&cat=p&typeid=i","cat":284696},{"id":128041,"n":"Mini stylo-plume Esquisse Rouge - + 1 cartouche","p":1.89,"img":"https://fd13-photos.leclercdrive.fr/image.ashx?id=1932513&use=l&cat=p&typeid=i","cat":284696},{"id":128190,"n":"Cahier classeur polypro Oxford Incolore","p":1.9,"img":"https://fd13-photos.leclercdrive.fr/image.ashx?id=1932177&use=l&cat=p&typeid=i","cat":284745},{"id":128192,"n":"Cahier classeur polypro Oxford Rose","p":1.9,"img":"https://fd13-photos.leclercdrive.fr/image.ashx?id=1932183&use=l&cat=p&typeid=i","cat":284745},{"id":128194,"n":"Cahier classeur polypro Oxford Vert","p":1.9,"img":"https://fd13-photos.leclercdrive.fr/image.ashx?id=1932189&use=l&cat=p&typeid=i","cat":284745},{"id":128229,"n":"Ardoise blanche Maped Rouge","p":2.9,"img":"https://fd13-photos.leclercdrive.fr/image.ashx?id=1925885&use=l&cat=p&typeid=i","cat":334133},{"id":128230,"n":"Ardoise blanche Maped Bleu","p":2.9,"img":"https://fd13-photos.leclercdrive.fr/image.ashx?id=1922485&use=l&cat=p&typeid=i","cat":334133},{"id":128235,"n":"Compas balustre precision Maped Bleu","p":6.97,"img":"https://fd13-photos.leclercdrive.fr/image.ashx?id=1922497&use=l&cat=p&typeid=i","cat":334133},{"id":128237,"n":"Compas balustre precision Maped Rose","p":6.97,"img":"https://fd13-photos.leclercdrive.fr/image.ashx?id=1925576&use=l&cat=p&typeid=i","cat":334133},{"id":128238,"n":"Paire de ciseaux sensoft Maped Rose","p":3.14,"img":"https://fd13-photos.leclercdrive.fr/image.ashx?id=1925579&use=l&cat=p&typeid=i","cat":334133},{"id":128239,"n":"Paire de ciseaux sensoft Maped Bleu","p":3.14,"img":"https://fd13-photos.leclercdrive.fr/image.ashx?id=1925582&use=l&cat=p&typeid=i","cat":334133},{"id":128241,"n":"Chiffonnette pour ardoise Rose","p":0.78,"img":"https://fd13-photos.leclercdrive.fr/image.ashx?id=1925585&use=l&cat=p&typeid=i","cat":334133},{"id":128242,"n":"Chiffonnette pour ardoise Bleu","p":0.78,"img":"https://fd13-photos.leclercdrive.fr/image.ashx?id=1925588&use=l&cat=p&typeid=i","cat":334133},{"id":128297,"n":"Surligneurs Grip Pastel Bic x4","p":2.85,"img":"https://fd13-photos.leclercdrive.fr/image.ashx?id=2780190&use=l&cat=p&typeid=i","cat":284696},{"id":128304,"n":"Stylos plume Bic X Pen  Décor Burger","p":2.95,"img":"https://fd13-photos.leclercdrive.fr/image.ashx?id=1917542&use=l&cat=p&typeid=i","cat":284696},{"id":128308,"n":"Crayon à papier Bic 550 2H FS - X3","p":0.94,"img":"https://fd13-photos.leclercdrive.fr/image.ashx?id=1917557&use=l&cat=p&typeid=i","cat":284696},{"id":128311,"n":"Feutres pour ardois Velleda Fins - x3","p":1.99,"img":"https://fd13-photos.leclercdrive.fr/image.ashx?id=1917539&use=l&cat=p&typeid=i","cat":334133},{"id":128316,"n":"Stylos bille Bic x4","p":2.4,"img":"https://fd13-photos.leclercdrive.fr/image.ashx?id=2718817&use=l&cat=p&typeid=i","cat":284696},{"id":128324,"n":"Marqueurs textiles Bic x2","p":3.82,"img":"https://fd13-photos.leclercdrive.fr/image.ashx?id=2350756&use=l&cat=p&typeid=i","cat":284696},{"id":128442,"n":"Paire de ciseaux zenoafit Maped Bleu","p":5.16,"img":"https://fd13-photos.leclercdrive.fr/image.ashx?id=1925684&use=l&cat=p&typeid=i","cat":334133},{"id":128443,"n":"Paire de ciseaux zenoafit Maped Gris","p":5.16,"img":"https://fd13-photos.leclercdrive.fr/image.ashx?id=1925687&use=l&cat=p&typeid=i","cat":334133},{"id":128444,"n":"Kit traçage twist'n'flex Maped Rose","p":2.43,"img":"https://fd13-photos.leclercdrive.fr/image.ashx?id=1925690&use=l&cat=p&typeid=i","cat":334133},{"id":128445,"n":"Kit traçage twist'n'flex Maped Bleu","p":2.43,"img":"https://fd13-photos.leclercdrive.fr/image.ashx?id=1925693&use=l&cat=p&typeid=i","cat":334133},{"id":128446,"n":"Kit traçage twist'n'flex Maped Vert","p":2.43,"img":"https://fd13-photos.leclercdrive.fr/image.ashx?id=1925696&use=l&cat=p&typeid=i","cat":334133},{"id":128455,"n":"Stylo plume classic Maped Rose","p":3.31,"img":"https://fd13-photos.leclercdrive.fr/image.ashx?id=1925723&use=l&cat=p&typeid=i","cat":284696},{"id":128456,"n":"Stylo plume classic Maped Bleu","p":3.31,"img":"https://fd13-photos.leclercdrive.fr/image.ashx?id=1925726&use=l&cat=p&typeid=i","cat":284696},{"id":128465,"n":"Porte mine 0,5mm Maped Vert","p":2.11,"img":"https://fd13-photos.leclercdrive.fr/image.ashx?id=1925753&use=l&cat=p&typeid=i","cat":284696},{"id":128466,"n":"Porte mine 0,5mm Maped Rose","p":2.11,"img":"https://fd13-photos.leclercdrive.fr/image.ashx?id=1925756&use=l&cat=p&typeid=i","cat":284696},{"id":128467,"n":"Porte mine 0,5mm Maped Bleu","p":2.11,"img":"https://fd13-photos.leclercdrive.fr/image.ashx?id=1925759&use=l&cat=p&typeid=i","cat":284696},{"id":128473,"n":"Taille-crayons bulbo Maped Rose","p":1.11,"img":"https://fd13-photos.leclercdrive.fr/image.ashx?id=1925777&use=l&cat=p&typeid=i","cat":334133},{"id":128474,"n":"Taille-crayons bulbo Maped Rouge","p":1.11,"img":"https://fd13-photos.leclercdrive.fr/image.ashx?id=1925780&use=l&cat=p&typeid=i","cat":334133},{"id":128522,"n":"Protège-document A4 Exacompta Orange - 120 vues","p":4.73,"img":"https://fd13-photos.leclercdrive.fr/image.ashx?id=1922671&use=l&cat=p&typeid=i","cat":284745},{"id":128748,"n":"Cahier Clairefontaine 180pages Rose-grands carreaux-17x22cm","p":3.9,"img":"https://fd13-photos.leclercdrive.fr/image.ashx?id=1923106&use=l&cat=p&typeid=i","cat":284697},{"id":128794,"n":"Bloc non perforé Rhodia classic Orange-14,8x21cm-160p","p":1.7,"img":"https://fd13-photos.leclercdrive.fr/image.ashx?id=1923244&use=l&cat=p&typeid=i","cat":284697},{"id":128795,"n":"Bloc non perforé Rhodia classic Noir -14,8x21cm -160pages- 5x5","p":1.7,"img":"https://fd13-photos.leclercdrive.fr/image.ashx?id=1923247&use=l&cat=p&typeid=i","cat":284697},{"id":128807,"n":"Taille-crayons bulbo Maped Vert","p":1.11,"img":"https://fd13-photos.leclercdrive.fr/image.ashx?id=1925846&use=l&cat=p&typeid=i","cat":334133},{"id":128887,"n":"Soda Coca-Cola Verre - 6x250ml","p":5.81,"u":"3,87 €/L","img":"https://fd13-photos.leclercdrive.fr/image.ashx?id=2444465&use=l&cat=p&typeid=i","cat":284530},{"id":128976,"n":"Sucre poudre Daddy 750g","p":1.69,"u":"2,25 €/KG","img":"https://fd13-photos.leclercdrive.fr/image.ashx?id=2944699&use=l&cat=p&typeid=i","cat":284502},{"id":129002,"n":"Crème douche Atoderm Bioderma Ultra-nourissante - 1L","p":11.5,"u":"11,50 €/L","img":"https://fd13-photos.leclercdrive.fr/image.ashx?id=2981205&use=l&cat=p&typeid=i","cat":301591},{"id":129003,"n":"Lait infantile 1er âge Babybio  Optima 1 Bio - 800g","p":18.96,"u":"23,70 €/KG","img":"https://fd13-photos.leclercdrive.fr/image.ashx?id=2988433&use=l&cat=p&typeid=i","cat":284726},{"id":129009,"n":"Lait de croissance Babybio Bio En poudre caprea 3 - 800g","p":25.2,"u":"31,50 €/KG","img":"https://fd13-photos.leclercdrive.fr/image.ashx?id=2733343&use=l&cat=p&typeid=i","cat":290219},{"id":129019,"n":"Chocolat Pâtissier Nestlé Dessert : Noir Bio - 170g","p":4.05,"u":"23,82 €/KG","img":"https://fd13-photos.leclercdrive.fr/image.ashx?id=2961245&use=l&cat=p&typeid=i","cat":285562},{"id":129038,"n":"Lait nature Croissance Eveil Bio - 6x1L","p":12.79,"u":"2,13 €/L","img":"https://fd13-photos.leclercdrive.fr/image.ashx?id=1915623&use=l&cat=p&typeid=i","cat":284728},{"id":129091,"n":"Compotes Pom'Potes Gourdes BIO  Pomme Pêche Brugnon - 4x90g","p":2.47,"u":"6,86 €/KG","img":"https://fd13-photos.leclercdrive.fr/image.ashx?id=2986140&use=l&cat=p&typeid=i","cat":284508},{"id":129106,"n":"Liqueur de Whisky Jack Daniel's Apple 70cL","p":19.95,"pp":17.95,"u":"25,64 €/L","img":"https://fd13-photos.leclercdrive.fr/image.ashx?id=2764586&use=l&cat=p&typeid=i","cat":286032},{"id":129162,"n":"Boisson énergisante Monster Mango Loco - 50cl","p":1.54,"u":"3,08 €/L","img":"https://fd13-photos.leclercdrive.fr/image.ashx?id=2433443&use=l&cat=p&typeid=i","cat":284533},{"id":129235,"n":"Soda Coca-Cola sans sucres Bouteille - 6x1.75L","p":10.2,"u":"0,97 €/L","img":"https://fd13-photos.leclercdrive.fr/image.ashx?id=2878330&use=l&cat=p&typeid=i","cat":284530},{"id":129237,"n":"Baume Barbe Gillette 100ml","p":8.5,"pp":5.1,"u":"51,00 €/L","img":"https://fd13-photos.leclercdrive.fr/image.ashx?id=2655145&use=l&cat=p&typeid=i","cat":284622},{"id":129251,"n":"Madeleine Armor Délices x16+8 offerts - 792g","p":4.81,"u":"6,07 €/KG","img":"https://fd13-photos.leclercdrive.fr/image.ashx?id=2544278&use=l&cat=p&typeid=i","cat":284492},{"id":129280,"n":"Sel équilibre Cérébos Réduit en Sodium - 350g","p":1.85,"u":"5,29 €/KG","img":"https://fd13-photos.leclercdrive.fr/image.ashx?id=2520132&use=l&cat=p&typeid=i","cat":284457},{"id":129393,"n":"Tablette Chocolat Noir Atelier Myrtille Amandes Noisettes 170g","p":3.52,"u":"20,71 €/KG","img":"https://fd13-photos.leclercdrive.fr/image.ashx?id=2663057&use=l&cat=p&typeid=i","cat":284956},{"id":129395,"n":"Tablette Chocolat Lait Nestlé  L'Atelier Cranberries 170g","p":3.72,"u":"21,88 €/KG","img":"https://fd13-photos.leclercdrive.fr/image.ashx?id=2663051&use=l&cat=p&typeid=i","cat":284497},{"id":129396,"n":"Tablette Chocolat Lait Nestlé  L'atelier Raisins Amandes 170g","p":3.43,"u":"20,18 €/KG","img":"https://fd13-photos.leclercdrive.fr/image.ashx?id=2663048&use=l&cat=p&typeid=i","cat":284497},{"id":129398,"n":"Tablette Chocolat Lait Nestlé  L'Atelier Noisettes 170g","p":4.03,"u":"23,71 €/KG","img":"https://fd13-photos.leclercdrive.fr/image.ashx?id=2663060&use=l&cat=p&typeid=i","cat":284497},{"id":129399,"n":"Tablette Chocolat Noir Nestlé L'Atelier Noisettes 170g","p":3.66,"u":"21,53 €/KG","img":"https://fd13-photos.leclercdrive.fr/image.ashx?id=2663063&use=l&cat=p&typeid=i","cat":284956},{"id":129472,"n":"Crème dessert Danette Vanille - 8x125g","p":2.77,"u":"2,77 €/KG","img":"https://fd13-photos.leclercdrive.fr/image.ashx?id=2949838&use=l&cat=p&typeid=i","cat":285041},{"id":129476,"n":"Panés au Camembert Grand Fermage - x4 - 100g","p":2.49,"u":"24,90 €/KG","img":"https://fd13-photos.leclercdrive.fr/image.ashx?id=2645203&use=l&cat=p&typeid=i","cat":314027},{"id":129544,"n":"Sardines Connetable Piment de Cayenne - 3x135g","p":6.97,"u":"17,21 €/KG","img":"https://fd13-photos.leclercdrive.fr/image.ashx?id=2983724&use=l&cat=p&typeid=i","cat":305146},{"id":129560,"n":"Filets cabillaud MSC 800g","p":11.98,"u":"14,98 €/KG","img":"https://fd13-photos.leclercdrive.fr/image.ashx?id=1983986&use=l&cat=p&typeid=i","cat":319786},{"id":129620,"n":"Bière Ambrée 3 Monts 75cl","p":2.93,"u":"3,91 €/L","img":"https://fd13-photos.leclercdrive.fr/image.ashx?id=2548186&use=l&cat=p&typeid=i","cat":334852},{"id":129635,"n":"Lait brebis demi-écrémé Lactel UHT Bouteille - 6x1l","p":21.87,"u":"3,65 €/L","img":"https://fd13-photos.leclercdrive.fr/image.ashx?id=2876629&use=l&cat=p&typeid=i","cat":295251},{"id":129752,"n":"AOP Corse vin rosé Domaine Poli Médaillé - 75cl","p":6.23,"u":"8,31 €/L","img":"https://fd13-photos.leclercdrive.fr/image.ashx?id=1934931&use=l&cat=p&typeid=i","cat":289558},{"id":129864,"n":"Crème glacée Ben and Jerry's  Half Baked - 406g","p":3.86,"u":"9,51 €/KG","img":"https://fd13-photos.leclercdrive.fr/image.ashx?id=3011941&use=l&cat=p&typeid=i","cat":284725},{"id":129933,"n":"Beignets Pasquier Pomme x6 - 270g","p":2.06,"u":"7,63 €/KG","img":"https://fd13-photos.leclercdrive.fr/image.ashx?id=2986371&use=l&cat=p&typeid=i","cat":284495},{"id":129934,"n":"Beignets Pasquier Chocolat noisette - x6 - 270g","p":2.17,"u":"8,04 €/KG","img":"https://fd13-photos.leclercdrive.fr/image.ashx?id=2986374&use=l&cat=p&typeid=i","cat":284495},{"id":129935,"n":"Beignets Pasquier Framboise x6 - 270g","p":3.07,"u":"11,37 €/KG","img":"https://fd13-photos.leclercdrive.fr/image.ashx?id=2986377&use=l&cat=p&typeid=i","cat":284495},{"id":129946,"n":"Ailes de poulet Maître Coq Rôties nature - 1kg","p":7.95,"u":"7,95 €/KG","img":"https://fd13-photos.leclercdrive.fr/image.ashx?id=2094316&use=l&cat=p&typeid=i","cat":333685},{"id":129956,"n":"IGP Pays d'Oc rosé Grenache Gris de Gris 12% vol - 75cl","p":4.04,"u":"5,39 €/L","img":"https://fd13-photos.leclercdrive.fr/image.ashx?id=2986233&use=l&cat=p&typeid=i","cat":289558},{"id":129957,"n":"AOP Côtes du Rhône rouge Combes de Saint Sauveur - BIB 3L","p":14.3,"u":"4,77 €/L","img":"https://fd13-photos.leclercdrive.fr/image.ashx?id=2985033&use=l&cat=p&typeid=i","cat":289560},{"id":129958,"n":"IGP Méditerrannée rosé Saint Sagnol 13% vol - 3L","p":12.2,"u":"4,07 €/L","img":"https://fd13-photos.leclercdrive.fr/image.ashx?id=2445106&use=l&cat=p&typeid=i","cat":289558},{"id":130134,"n":"Whisky Glen Grant Arboralis 40%vol - 70cl","p":22.79,"u":"32,56 €/L","img":"https://fd13-photos.leclercdrive.fr/image.ashx?id=1935129&use=l&cat=p&typeid=i","cat":284547},{"id":130284,"n":"Grissini artigianali Florelli Romarin - 300g","p":2.03,"u":"6,77 €/KG","img":"https://fd13-photos.leclercdrive.fr/image.ashx?id=2475855&use=l&cat=p&typeid=i","cat":297000},{"id":130285,"n":"Grissini artigianali Florelli Olives noires - 300g","p":1.95,"u":"6,50 €/KG","img":"https://fd13-photos.leclercdrive.fr/image.ashx?id=2475861&use=l&cat=p&typeid=i","cat":297000},{"id":130297,"n":"Gâche tranchée Bio La boulangère - 400g","p":2.75,"u":"6,88 €/KG","img":"https://fd13-photos.leclercdrive.fr/image.ashx?id=2912428&use=l&cat=p&typeid=i","cat":284478},{"id":130348,"n":"Bâtonnets Trium chocolat au  Lait biscuit cacaoté x4- 290g","p":2.99,"u":"10,31 €/KG","img":"https://fd13-photos.leclercdrive.fr/image.ashx?id=2602367&use=l&cat=p&typeid=i","cat":284265},{"id":130366,"n":"Protège document A4 Esquisse Transparent - 200 vues","p":4.29,"img":"https://fd13-photos.leclercdrive.fr/image.ashx?id=1932798&use=l&cat=p&typeid=i","cat":284745},{"id":130373,"n":"Protège document A4 Esquisse Fuchsia - 200 vues","p":4.29,"img":"https://fd13-photos.leclercdrive.fr/image.ashx?id=1932804&use=l&cat=p&typeid=i","cat":284745},{"id":130374,"n":"Protège document A4 Esquisse Noir - 200 vues","p":4.29,"img":"https://fd13-photos.leclercdrive.fr/image.ashx?id=1932807&use=l&cat=p&typeid=i","cat":284745},{"id":130393,"n":"Calculatrice bureau Esquisse Bleu turquoise","p":4.9,"u":"Dont 0,13 € d'éco-part.","img":"https://fd13-photos.leclercdrive.fr/image.ashx?id=1932867&use=l&cat=p&typeid=i","cat":334133},{"id":130394,"n":"Calculatrice bureau Esquisse Rouge","p":4.9,"u":"Dont 0,13 € d'éco-part.","img":"https://fd13-photos.leclercdrive.fr/image.ashx?id=1932870&use=l&cat=p&typeid=i","cat":334133},{"id":130395,"n":"Calculatrice bureau Esquisse Rose","p":4.9,"u":"Dont 0,13 € d'éco-part.","img":"https://fd13-photos.leclercdrive.fr/image.ashx?id=1932873&use=l&cat=p&typeid=i","cat":334133},{"id":130396,"n":"Calculatrice bureau Esquisse Bleu","p":4.9,"u":"Dont 0,13 € d'éco-part.","img":"https://fd13-photos.leclercdrive.fr/image.ashx?id=1932876&use=l&cat=p&typeid=i","cat":334133},{"id":130408,"n":"Cahier de musique Esquisse Orange - 48 pages 24x32cm","p":1.99,"img":"https://fd13-photos.leclercdrive.fr/image.ashx?id=1936215&use=l&cat=p&typeid=i","cat":284697},{"id":130409,"n":"Cahier de musique Esquisse Blanc - 48 pages 24x32cm","p":1.99,"img":"https://fd13-photos.leclercdrive.fr/image.ashx?id=1936218&use=l&cat=p&typeid=i","cat":284697},{"id":130450,"n":"Compas + crayon Esquisse Marine et bleu","p":0.99,"img":"https://fd13-photos.leclercdrive.fr/image.ashx?id=1936221&use=l&cat=p&typeid=i","cat":334133},{"id":130451,"n":"Compas + crayon Esquisse Rose et bleu","p":0.99,"img":"https://fd13-photos.leclercdrive.fr/image.ashx?id=1936224&use=l&cat=p&typeid=i","cat":334133},{"id":130457,"n":"Portes-mines jetables Esquisse Jaune, vert, bleu - x3","p":0.85,"img":"https://fd13-photos.leclercdrive.fr/image.ashx?id=2943304&use=l&cat=p&typeid=i","cat":284696},{"id":130459,"n":"Portes-mines jetables Esquisse Bleu, violet, turquoise - x3","p":0.85,"img":"https://fd13-photos.leclercdrive.fr/image.ashx?id=1932585&use=l&cat=p&typeid=i","cat":284696},{"id":130461,"n":"Bière blonde sans alcool 1664 0,0° - 6x25cl","p":3.78,"u":"2,52 €/L","img":"https://fd13-photos.leclercdrive.fr/image.ashx?id=2120656&use=l&cat=p&typeid=i","cat":334877},{"id":130465,"n":"Porte-mine Esquisse Bleu  - 0,7mm-12 mines+2 gommes","p":1.27,"img":"https://fd13-photos.leclercdrive.fr/image.ashx?id=1936227&use=l&cat=p&typeid=i","cat":284696},{"id":130539,"n":"Rhum brun Havana Club 7 ans - 40%vol - 70cl","p":26.18,"u":"37,40 €/L","img":"https://fd13-photos.leclercdrive.fr/image.ashx?id=2874093&use=l&cat=p&typeid=i","cat":284550},{"id":130589,"n":"Boite de classement Esquisse Jaune - Dos 4cm","p":2.55,"img":"https://fd13-photos.leclercdrive.fr/image.ashx?id=1936245&use=l&cat=p&typeid=i","cat":284745},{"id":130590,"n":"Boite de classement Esquisse Bleu - Dos 4cm","p":2.55,"img":"https://fd13-photos.leclercdrive.fr/image.ashx?id=1936248&use=l&cat=p&typeid=i","cat":284745},{"id":130591,"n":"Boite de classement Esquisse Rouge - Dos 4cm","p":2.55,"img":"https://fd13-photos.leclercdrive.fr/image.ashx?id=1936251&use=l&cat=p&typeid=i","cat":284745},{"id":130592,"n":"Boite de classement Esquisse Turquoise - Dos 4cm","p":2.55,"img":"https://fd13-photos.leclercdrive.fr/image.ashx?id=1936254&use=l&cat=p&typeid=i","cat":284745},{"id":130600,"n":"Agrafeuse Esquisse Turquoise - +400 agrafes n°10","p":1.49,"img":"https://fd13-photos.leclercdrive.fr/image.ashx?id=1936257&use=l&cat=p&typeid=i","cat":334133},{"id":130601,"n":"Agrafeuse Esquisse Rouge - +400 agrafes n°10","p":1.49,"img":"https://fd13-photos.leclercdrive.fr/image.ashx?id=1936260&use=l&cat=p&typeid=i","cat":334133},{"id":130602,"n":"Agrafeuse Esquisse Rose - +400 agrafes n°10","p":1.49,"img":"https://fd13-photos.leclercdrive.fr/image.ashx?id=1936263&use=l&cat=p&typeid=i","cat":334133},{"id":130603,"n":"Agrafeuse Esquisse Bleu - +400 agrafes n°10","p":1.49,"img":"https://fd13-photos.leclercdrive.fr/image.ashx?id=1936266&use=l&cat=p&typeid=i","cat":334133},{"id":130613,"n":"Agrafeuse Maped Argent 24/6 400 agraphes","p":6.63,"img":"https://fd13-photos.leclercdrive.fr/image.ashx?id=1938234&use=l&cat=p&typeid=i","cat":334133},{"id":130621,"n":"Agrafeuse Maped Taupe 24/6 400 agraphes","p":6.63,"img":"https://fd13-photos.leclercdrive.fr/image.ashx?id=1875164&use=l&cat=p&typeid=i","cat":334133},{"id":130666,"n":"Blanc de poulet Fleury Michon -25% de sel x8 - 240g","p":3.5,"u":"14,58 €/KG","img":"https://fd13-photos.leclercdrive.fr/image.ashx?id=2886849&use=l&cat=p&typeid=i","cat":316010},{"id":130691,"n":"Lubrifiant Total Quartz 7000 10w-40 diesel - 5L","p":26.9,"pp":18.83,"u":"Dont 0,36 € d'éco-part.","img":"https://fd13-photos.leclercdrive.fr/image.ashx?id=3014518&use=l&cat=p&typeid=i","cat":298253},{"id":130707,"n":"Feutre flair original Papermate Pointe moyenne noir - 1 pièce","p":1.56,"img":"https://fd13-photos.leclercdrive.fr/image.ashx?id=1971110&use=l&cat=p&typeid=i","cat":284696},{"id":130719,"n":"Balai d interieur vinyl 1 pièce","p":4.49,"img":"https://fd13-photos.leclercdrive.fr/image.ashx?id=1932471&use=l&cat=p&typeid=i","cat":284669},{"id":130744,"n":"Nouilles aux oeufs Suzi Wan 250g","p":1.73,"u":"6,92 €/KG","img":"https://fd13-photos.leclercdrive.fr/image.ashx?id=2892928&use=l&cat=p&typeid=i","cat":288992},{"id":130749,"n":"Yaourt à la grecque YAOS Noix de coco - 4x125g","p":2.31,"u":"4,62 €/KG","img":"https://fd13-photos.leclercdrive.fr/image.ashx?id=2213469&use=l&cat=p&typeid=i","cat":314999},{"id":130750,"n":"Boite ménagère basilic Ducros 29g","p":1.44,"u":"49,66 €/KG","img":"https://fd13-photos.leclercdrive.fr/image.ashx?id=2486587&use=l&cat=p&typeid=i","cat":298297},{"id":130755,"n":"Maquereau Moutarde PETIT NAVIRE Moutarde sans arome ajouté 169g","p":2.18,"u":"12,90 €/KG","img":"https://fd13-photos.leclercdrive.fr/image.ashx?id=2989060&use=l&cat=p&typeid=i","cat":303868},{"id":130759,"n":"Barres Nakd Cacahuètes Raw   Barres de Fruits & Noix 4x35g","p":2.86,"u":"20,43 €/KG","img":"https://fd13-photos.leclercdrive.fr/image.ashx?id=3005251&use=l&cat=p&typeid=i","cat":285869},{"id":130760,"n":"Ruban correcteur Esquisse Vert et blanc - x2","p":1.89,"u":"0,95 €/P","img":"https://fd13-photos.leclercdrive.fr/image.ashx?id=1932588&use=l&cat=p&typeid=i","cat":334133},{"id":130761,"n":"Ruban correcteur Esquisse Bleu et rose - x2","p":1.89,"u":"0,95 €/P","img":"https://fd13-photos.leclercdrive.fr/image.ashx?id=1932591&use=l&cat=p&typeid=i","cat":334133},{"id":130776,"n":"Confiture  Bonne Maman Fraise framboise intenses 335g","p":2.47,"u":"7,37 €/KG","img":"https://fd13-photos.leclercdrive.fr/image.ashx?id=2396378&use=l&cat=p&typeid=i","cat":284480},{"id":130784,"n":"Crème colorante Eugène Color N°15","p":4.34,"img":"https://fd13-photos.leclercdrive.fr/image.ashx?id=2476455&use=l&cat=p&typeid=i","cat":288899},{"id":130788,"n":"Tablette chocolat au lait Eco+ Ménage - 5x100g","p":3.49,"u":"6,98 €/KG","img":"https://fd13-photos.leclercdrive.fr/image.ashx?id=2987461&use=l&cat=p&typeid=i","cat":284497},{"id":130789,"n":"Préparation Gâteau alsa Moelleux Nature - 435g","p":2.19,"u":"5,03 €/KG","img":"https://fd13-photos.leclercdrive.fr/image.ashx?id=2996431&use=l&cat=p&typeid=i","cat":284505},{"id":130790,"n":"Préparation Gâteau alsa Moelleux Chocolat - 435g","p":2.19,"u":"5,03 €/KG","img":"https://fd13-photos.leclercdrive.fr/image.ashx?id=2996434&use=l&cat=p&typeid=i","cat":284505},{"id":130792,"n":"Préparation Gâteau alsa Moelleux Citron - 435g","p":2.39,"u":"5,49 €/KG","img":"https://fd13-photos.leclercdrive.fr/image.ashx?id=2961864&use=l&cat=p&typeid=i","cat":284505},{"id":130800,"n":"Plateau Raclette 3 fromages NRT 550g","p":10.95,"u":"19,91 €/KG","img":"https://fd13-photos.leclercdrive.fr/image.ashx?id=2321796&use=l&cat=p&typeid=i","cat":314037},{"id":130804,"n":"Préparation Gâteau alsa Fondant au Chocolat - 435g","p":2.6,"u":"8,13 €/KG","img":"https://fd13-photos.leclercdrive.fr/image.ashx?id=2996437&use=l&cat=p&typeid=i","cat":284505},{"id":130816,"n":"Dentifrice Zendium Protection complète - 75ml","p":2.98,"img":"https://fd13-photos.leclercdrive.fr/image.ashx?id=2927711&use=l&cat=p&typeid=i","cat":284612},{"id":130831,"n":"Dessert Végétal Charles & Alice Végétal Coco Marron 2X110G","p":1.62,"u":"7,36 €/KG","img":"https://fd13-photos.leclercdrive.fr/image.ashx?id=2911348&use=l&cat=p&typeid=i","cat":316071},{"id":130857,"n":"Truite fumée de france Ovive 100g","p":3.44,"u":"34,40 €/KG","img":"https://fd13-photos.leclercdrive.fr/image.ashx?id=2902061&use=l&cat=p&typeid=i","cat":285188},{"id":130881,"n":"Bâtonnets Côte d'Or Vanille x4 - 260g","p":4.25,"u":"16,35 €/KG","img":"https://fd13-photos.leclercdrive.fr/image.ashx?id=2844573&use=l&cat=p&typeid=i","cat":284265},{"id":130918,"n":"Lait bébé poudre Guigoz Evolia  2ème âge - 6-12 mois - 800g","p":14.32,"u":"17,90 €/KG","img":"https://fd13-photos.leclercdrive.fr/image.ashx?id=2737111&use=l&cat=p&typeid=i","cat":284727},{"id":130919,"n":"Cereales Bio nuit Modilac 4mois 250g","p":4.34,"u":"17,36 €/KG","img":"https://fd13-photos.leclercdrive.fr/image.ashx?id=2766006&use=l&cat=p&typeid=i","cat":312225},{"id":130935,"n":"Dés fromage Petit Marché Chèvre - 120g","p":3.19,"u":"26,58 €/KG","img":"https://fd13-photos.leclercdrive.fr/image.ashx?id=2195332&use=l&cat=p&typeid=i","cat":314027},{"id":131011,"n":"Glenmorangie Lasanta 12ans Whisky Ecossais 43° - 70cl","p":37.52,"u":"53,60 €/L","img":"https://fd13-photos.leclercdrive.fr/image.ashx?id=2393332&use=l&cat=p&typeid=i","cat":284547},{"id":131015,"n":"Compotes Materne Coupelles Pomme - 4x100g","p":1.53,"u":"3,83 €/KG","img":"https://fd13-photos.leclercdrive.fr/image.ashx?id=3010855&use=l&cat=p&typeid=i","cat":284508},{"id":131061,"n":"Chemise élastique Exacompta Violet - 3 rabats - 24x32 - x1","p":1.75,"img":"https://fd13-photos.leclercdrive.fr/image.ashx?id=1946913&use=l&cat=p&typeid=i","cat":284745},{"id":131063,"n":"Chemise élastique Exacompta Vert - 3 rabats - 24x32 - x1","p":1.75,"img":"https://fd13-photos.leclercdrive.fr/image.ashx?id=1946916&use=l&cat=p&typeid=i","cat":284745},{"id":131064,"n":"Chemise élastique Exacompta Turquoise - 3 rabats - 24x32","p":1.75,"img":"https://fd13-photos.leclercdrive.fr/image.ashx?id=1946919&use=l&cat=p&typeid=i","cat":284745},{"id":131065,"n":"Chemise élastique Exacompta Rouge - 3 rabats - 24x32","p":1.75,"img":"https://fd13-photos.leclercdrive.fr/image.ashx?id=1946922&use=l&cat=p&typeid=i","cat":284745},{"id":131066,"n":"Chemise élastique Exacompta Rose - 3 rabats - 24x32","p":1.75,"img":"https://fd13-photos.leclercdrive.fr/image.ashx?id=1946925&use=l&cat=p&typeid=i","cat":284745},{"id":131067,"n":"Chemise élastique Exacompta Orange - 3 rabats - 24x32","p":1.75,"img":"https://fd13-photos.leclercdrive.fr/image.ashx?id=1946928&use=l&cat=p&typeid=i","cat":284745},{"id":131068,"n":"Chemise élastique Exacompta Noir - 3 rabats - 24x32","p":1.75,"img":"https://fd13-photos.leclercdrive.fr/image.ashx?id=1946931&use=l&cat=p&typeid=i","cat":284745},{"id":131069,"n":"Chemise élastique Exacompta Jaune - 3 rabats - 24x32","p":1.75,"img":"https://fd13-photos.leclercdrive.fr/image.ashx?id=1946934&use=l&cat=p&typeid=i","cat":284745},{"id":131070,"n":"Chemise élastique Exacompta Bleu foncé - 3 rabats - 24x32","p":1.75,"img":"https://fd13-photos.leclercdrive.fr/image.ashx?id=1946937&use=l&cat=p&typeid=i","cat":284745},{"id":131071,"n":"Chemise élastique Exacompta Bleu - 3 rabats - 24x32","p":1.75,"img":"https://fd13-photos.leclercdrive.fr/image.ashx?id=1946940&use=l&cat=p&typeid=i","cat":284745},{"id":131137,"n":"Ensemble WC 1 pièce","p":3.45,"img":"https://fd13-photos.leclercdrive.fr/image.ashx?id=1937815&use=l&cat=p&typeid=i","cat":284669},{"id":131148,"n":"Frange absorbante spéciale 1 pièce","p":2.95,"img":"https://fd13-photos.leclercdrive.fr/image.ashx?id=1937848&use=l&cat=p&typeid=i","cat":284669},{"id":131152,"n":"Brosse effacage à sec Maped Vert - Magnétique","p":2.19,"img":"https://fd13-photos.leclercdrive.fr/image.ashx?id=1922212&use=l&cat=p&typeid=i","cat":334133},{"id":131153,"n":"Serviettes 40cm 3 plis Ardence Grises - x20","p":1.38,"u":"0,07 €/P","img":"https://fd13-photos.leclercdrive.fr/image.ashx?id=1937803&use=l&cat=p&typeid=i","cat":334134},{"id":131155,"n":"Brosse effacage à sec Maped Rouge - Magnétique","p":2.19,"img":"https://fd13-photos.leclercdrive.fr/image.ashx?id=1950633&use=l&cat=p&typeid=i","cat":334133},{"id":131257,"n":"Thon entier MSC Saupiquet Nature - 112g","p":2.26,"u":"20,18 €/KG","img":"https://fd13-photos.leclercdrive.fr/image.ashx?id=2860874&use=l&cat=p&typeid=i","cat":303867},{"id":131388,"n":"Capsules Starbucks by Nespresso  Colombia Int 7 - x10","p":3.41,"u":"59,82 €/KG","img":"https://fd13-photos.leclercdrive.fr/image.ashx?id=2868152&use=l&cat=p&typeid=i","cat":284749},{"id":131390,"n":"Capsules Starbucks by Nespresso  House Blend Int 8 - x10","p":3.36,"u":"58,95 €/KG","img":"https://fd13-photos.leclercdrive.fr/image.ashx?id=2868143&use=l&cat=p&typeid=i","cat":284749},{"id":131395,"n":"Capsules Starbucks by Nespresso  Espresso Décaf Int 11 - x10","p":3.98,"u":"0,40 €/P","img":"https://fd13-photos.leclercdrive.fr/image.ashx?id=2945778&use=l&cat=p&typeid=i","cat":284749},{"id":131399,"n":"Café Capsules NESPRESSO int 7 Starbucks Pike Place Roast x10","p":3.7,"u":"69,81 €/KG","img":"https://fd13-photos.leclercdrive.fr/image.ashx?id=2945775&use=l&cat=p&typeid=i","cat":284749},{"id":131424,"n":"Capsules Starbucks by Nespresso  Blonde Espresso Int 6 - x10","p":3.36,"u":"63,40 €/KG","img":"https://fd13-photos.leclercdrive.fr/image.ashx?id=2868146&use=l&cat=p&typeid=i","cat":284749},{"id":131426,"n":"Capsules Starbucks by Nespresso  Espresso Roast Int 11 - x10","p":3.36,"u":"58,95 €/KG","img":"https://fd13-photos.leclercdrive.fr/image.ashx?id=2868149&use=l&cat=p&typeid=i","cat":284749},{"id":131428,"n":"Capsules Starbucks by Nespresso  Verona Int 10 - x10","p":3.71,"u":"65,09 €/KG","img":"https://fd13-photos.leclercdrive.fr/image.ashx?id=2945769&use=l&cat=p&typeid=i","cat":284749},{"id":131431,"n":"Café Capsules by DOLCE GUSTO Starbucks Caramel Macchiato 2x6","p":4.39,"u":"34,57 €/KG","img":"https://fd13-photos.leclercdrive.fr/image.ashx?id=2966785&use=l&cat=p&typeid=i","cat":293239},{"id":131537,"n":"Boite de classement Esquisse Noir - Dos 4cm","p":2.55,"img":"https://fd13-photos.leclercdrive.fr/image.ashx?id=1939049&use=l&cat=p&typeid=i","cat":284745},{"id":131620,"n":"Vinaigre d'alcool blanc citron 100cl","p":1.22,"u":"1,22 €/L","img":"https://fd13-photos.leclercdrive.fr/image.ashx?id=2813938&use=l&cat=p&typeid=i","cat":325365},{"id":131644,"n":"Cahier Esquisse Grands carreaux Bleu clair 21x29.7cm 96 pages","p":1.1,"img":"https://fd13-photos.leclercdrive.fr/image.ashx?id=1940408&use=l&cat=p&typeid=i","cat":284697},{"id":131651,"n":"Cahier Esquisse Grands carreaux Bleu - 21x29.7cm 96 pages","p":1.1,"img":"https://fd13-photos.leclercdrive.fr/image.ashx?id=1940423&use=l&cat=p&typeid=i","cat":284697},{"id":131652,"n":"Cahier Esquisse Grands carreaux Jaune 21x29.7cm 96 pages","p":1.1,"img":"https://fd13-photos.leclercdrive.fr/image.ashx?id=1940426&use=l&cat=p&typeid=i","cat":284697},{"id":131653,"n":"Cahier Esquisse Grands carreaux Rouge - 21x29.7cm 96 pages","p":1.1,"img":"https://fd13-photos.leclercdrive.fr/image.ashx?id=1940429&use=l&cat=p&typeid=i","cat":284697},{"id":131742,"n":"crème dessert chocolat au lait danette - 4x125g","p":1.64,"u":"3,28 €/KG","img":"https://fd13-photos.leclercdrive.fr/image.ashx?id=2093984&use=l&cat=p&typeid=i","cat":285041},{"id":131767,"n":"Bonbons sans sucres Ricola Orange Menthe - 50g","p":1.6,"u":"32,00 €/KG","img":"https://fd13-photos.leclercdrive.fr/image.ashx?id=2382219&use=l&cat=p&typeid=i","cat":304256},{"id":131768,"n":"Bonbons sans sucres Ricola Menthe pomme - 50g","p":1.62,"u":"32,40 €/KG","img":"https://fd13-photos.leclercdrive.fr/image.ashx?id=2382995&use=l&cat=p&typeid=i","cat":304256},{"id":131786,"n":"Café Dolce Gusto Plantation Décaféiné N°5 - x16 - 106g","p":3.39,"u":"31,98 €/KG","img":"https://fd13-photos.leclercdrive.fr/image.ashx?id=2649741&use=l&cat=p&typeid=i","cat":293239},{"id":131790,"n":"Barres céréales Eco+ Chocolat & cacahuètes x6 - 126g","p":0.71,"u":"5,63 €/KG","img":"https://fd13-photos.leclercdrive.fr/image.ashx?id=2791209&use=l&cat=p&typeid=i","cat":285869},{"id":131794,"n":"Betteraves rouges 3x130g","p":1.79,"u":"4,59 €/KG","img":"https://fd13-photos.leclercdrive.fr/image.ashx?id=2537848&use=l&cat=p&typeid=i","cat":312611},{"id":131806,"n":"Céréales fourrées P'tit Déli Chocolat au lait - 450g","p":2.45,"u":"5,44 €/KG","img":"https://fd13-photos.leclercdrive.fr/image.ashx?id=2835211&use=l&cat=p&typeid=i","cat":309513},{"id":131820,"n":"Corn Flackes sucrés 400g","p":1.74,"u":"4,35 €/KG","img":"https://fd13-photos.leclercdrive.fr/image.ashx?id=2688764&use=l&cat=p&typeid=i","cat":309513},{"id":131822,"n":"Delicioso format familial x10 - 350g","p":2.52,"u":"7,20 €/KG","img":"https://fd13-photos.leclercdrive.fr/image.ashx?id=1942584&use=l&cat=p&typeid=i","cat":284495},{"id":131827,"n":"Mouliné aux 8 légumes Eco+ 1L","p":0.9,"u":"0,90 €/L","img":"https://fd13-photos.leclercdrive.fr/image.ashx?id=2768451&use=l&cat=p&typeid=i","cat":284462},{"id":131829,"n":"Noix de Muscade Ducros 18g","p":2.82,"u":"156,67 €/KG","img":"https://fd13-photos.leclercdrive.fr/image.ashx?id=2559466&use=l&cat=p&typeid=i","cat":298297},{"id":131832,"n":"Olives vertes dénoyautées 490g","p":2.52,"u":"5,14 €/KG","img":"https://fd13-photos.leclercdrive.fr/image.ashx?id=1942575&use=l&cat=p&typeid=i","cat":284458},{"id":131834,"n":"Pain de mie Epi d'Or Extra moelleux - 500g","p":0.99,"u":"1,98 €/KG","img":"https://fd13-photos.leclercdrive.fr/image.ashx?id=2331517&use=l&cat=p&typeid=i","cat":284477},{"id":131904,"n":"Cahier Oxford - 96p Lilas - 24x32 cm","p":2.68,"img":"https://fd13-photos.leclercdrive.fr/image.ashx?id=1943136&use=l&cat=p&typeid=i","cat":284697},{"id":131905,"n":"Cahier Oxford - 96p Aigue-marine - 24x32 cm","p":2.68,"img":"https://fd13-photos.leclercdrive.fr/image.ashx?id=1943139&use=l&cat=p&typeid=i","cat":284697},{"id":131906,"n":"Cahier Oxford - 96p Turquoise clair - 24x32 cm","p":2.68,"img":"https://fd13-photos.leclercdrive.fr/image.ashx?id=1943142&use=l&cat=p&typeid=i","cat":284697},{"id":131907,"n":"Cahier Oxford - 96p Menthe à l'eau - 24x32 cm","p":2.68,"img":"https://fd13-photos.leclercdrive.fr/image.ashx?id=1943145&use=l&cat=p&typeid=i","cat":284697},{"id":131928,"n":"Cahier Oxford - 96p Corail - 24x32 cm","p":2.68,"img":"https://fd13-photos.leclercdrive.fr/image.ashx?id=1943160&use=l&cat=p&typeid=i","cat":284697},{"id":131935,"n":"Bouillon Cube Bio Maggi Boeuf - 80g","p":1.8,"u":"22,50 €/KG","img":"https://fd13-photos.leclercdrive.fr/image.ashx?id=2787992&use=l&cat=p&typeid=i","cat":288379},{"id":132005,"n":"Verrines Hénaff Camp./Lapin/P.Hénaff - 3x180g","p":6.25,"u":"11,57 €/KG","img":"https://fd13-photos.leclercdrive.fr/image.ashx?id=2407628&use=l&cat=p&typeid=i","cat":305149},{"id":132067,"n":"Mayonnaise Rustica 830g","p":3.59,"u":"4,33 €/KG","img":"https://fd13-photos.leclercdrive.fr/image.ashx?id=2994827&use=l&cat=p&typeid=i","cat":298295},{"id":132088,"n":"Sauce Barilla Tomates Cuisinées - 400g","p":1.71,"u":"4,28 €/KG","img":"https://fd13-photos.leclercdrive.fr/image.ashx?id=2832527&use=l&cat=p&typeid=i","cat":287599},{"id":132180,"n":"Petits pots bébé P'TITE RECETTE Tajine de poulet 12M+ - 2x200g","p":2.17,"u":"5,43 €/KG","img":"https://fd13-photos.leclercdrive.fr/image.ashx?id=2525720&use=l&cat=p&typeid=i","cat":312237},{"id":132227,"n":"Caffe Latte Classique Lactel 3x20cl","p":3.17,"u":"5,28 €/L","img":"https://fd13-photos.leclercdrive.fr/image.ashx?id=2975308&use=l&cat=p&typeid=i","cat":295246},{"id":132234,"n":"Flocons d'avoine Grainea 500g","p":0.84,"u":"1,68 €/KG","img":"https://fd13-photos.leclercdrive.fr/image.ashx?id=1956921&use=l&cat=p&typeid=i","cat":309512},{"id":132243,"n":"Lessive liquide couleur Epsil 25 lavages - 1.25L","p":2.54,"u":"2,03 €/L","img":"https://fd13-photos.leclercdrive.fr/image.ashx?id=2933449&use=l&cat=p&typeid=i","cat":284640},{"id":132285,"n":"Feta grecque AOP Les Croisés - Tranche - 150g","p":1.84,"u":"12,27 €/KG","img":"https://fd13-photos.leclercdrive.fr/image.ashx?id=2210750&use=l&cat=p&typeid=i","cat":314026},{"id":132290,"n":"Huile d'Olive Carapelli Extra Vierge Classico - 75cl","p":10.82,"u":"14,43 €/L","img":"https://fd13-photos.leclercdrive.fr/image.ashx?id=2737480&use=l&cat=p&typeid=i","cat":284453},{"id":132330,"n":"Ail semoule Eco + 54g","p":0.79,"u":"14,63 €/KG","img":"https://fd13-photos.leclercdrive.fr/image.ashx?id=2717249&use=l&cat=p&typeid=i","cat":298297},{"id":132348,"n":"Delir' Pik Haribo Sachet bonbons acidulés - 275g","p":1.9,"u":"6,91 €/KG","img":"https://fd13-photos.leclercdrive.fr/image.ashx?id=2984904&use=l&cat=p&typeid=i","cat":304250},{"id":132368,"n":"Repas bébé Blédichef 15 mois Pâtes sauce tomate jambon -250g","p":1.88,"u":"7,52 €/KG","img":"https://fd13-photos.leclercdrive.fr/image.ashx?id=2643743&use=l&cat=p&typeid=i","cat":312238},{"id":132369,"n":"Repas bébé Blédichef 24 mois  Pâtes légumes cabillaud - 250g","p":1.92,"u":"7,68 €/KG","img":"https://fd13-photos.leclercdrive.fr/image.ashx?id=2644725&use=l&cat=p&typeid=i","cat":312238},{"id":132393,"n":"Lait croissance Guigoz Optipro En poudre - dès 18 mois - 900g","p":10.55,"u":"11,72 €/KG","img":"https://fd13-photos.leclercdrive.fr/image.ashx?id=2517589&use=l&cat=p&typeid=i","cat":290219},{"id":132540,"n":"Kit traçage Esquisse Fuchsia - 3 pièces","p":1.99,"img":"https://fd13-photos.leclercdrive.fr/image.ashx?id=1947820&use=l&cat=p&typeid=i","cat":334133},{"id":132581,"n":"Céréales soufflé P'tit Déli Au chocolat - 400g","p":2.37,"u":"5,93 €/KG","img":"https://fd13-photos.leclercdrive.fr/image.ashx?id=2811875&use=l&cat=p&typeid=i","cat":309513},{"id":132585,"n":"Skyr Yoplait  Nature 0%Mg - 4x100g","p":2.07,"u":"5,18 €/KG","img":"https://fd13-photos.leclercdrive.fr/image.ashx?id=2884435&use=l&cat=p&typeid=i","cat":315000},{"id":132600,"n":"Compotes Pom'Potes Gourdes Recette Bangkok - 4x90g","p":2.32,"u":"6,44 €/KG","img":"https://fd13-photos.leclercdrive.fr/image.ashx?id=2990427&use=l&cat=p&typeid=i","cat":284508},{"id":132601,"n":"Fan of Pik Haribo  Sachet bonbons acidulés - 200g","p":1.85,"u":"9,25 €/KG","img":"https://fd13-photos.leclercdrive.fr/image.ashx?id=2789766&use=l&cat=p&typeid=i","cat":304250},{"id":132602,"n":"Bandz Pik Haribo Sachet bonbons acidulés - 200g","p":1.68,"u":"8,40 €/KG","img":"https://fd13-photos.leclercdrive.fr/image.ashx?id=2982417&use=l&cat=p&typeid=i","cat":304250},{"id":132612,"n":"Biscuits Le petit St Michel Coeur chocolat au lait - 132g","p":1.42,"u":"10,76 €/KG","img":"https://fd13-photos.leclercdrive.fr/image.ashx?id=2949967&use=l&cat=p&typeid=i","cat":284488},{"id":132621,"n":"Tablette de chocolat noir Lindt doux 85% - 100g","p":2.61,"u":"26,10 €/KG","img":"https://fd13-photos.leclercdrive.fr/image.ashx?id=2423777&use=l&cat=p&typeid=i","cat":284956},{"id":132625,"n":"Batônnets Trium Vanille Fruits rouge x4 - 286g","p":2.64,"u":"9,23 €/KG","img":"https://fd13-photos.leclercdrive.fr/image.ashx?id=2920782&use=l&cat=p&typeid=i","cat":284265},{"id":132629,"n":"Pétales de blé P'tit Déli Au chocolat - 400g","p":2.17,"u":"5,43 €/KG","img":"https://fd13-photos.leclercdrive.fr/image.ashx?id=2765846&use=l&cat=p&typeid=i","cat":309513},{"id":132640,"n":"Batonnets Trium Citron meringue - x4 - 280g","p":2.85,"u":"10,18 €/KG","img":"https://fd13-photos.leclercdrive.fr/image.ashx?id=2120311&use=l&cat=p&typeid=i","cat":284265},{"id":132641,"n":"Mini batonnets Trium Vanille - x8 - 288g","p":2.78,"u":"9,65 €/KG","img":"https://fd13-photos.leclercdrive.fr/image.ashx?id=1948131&use=l&cat=p&typeid=i","cat":284265},{"id":132644,"n":"Huile Cadum Bébé  Huile Merveilleuse - 100ml","p":2.75,"u":"27,50 €/L","img":"https://fd13-photos.leclercdrive.fr/image.ashx?id=2518352&use=l&cat=p&typeid=i","cat":284741},{"id":132808,"n":"Skyr Yoplait  Lit Fruits Rouges 0%Mg - 4x100g","p":2.3,"u":"5,75 €/KG","img":"https://fd13-photos.leclercdrive.fr/image.ashx?id=2884438&use=l&cat=p&typeid=i","cat":315000},{"id":132811,"n":"Skyr Yoplait  Sur Lit Myrtilles 0%MG - 4x100G","p":2.29,"u":"5,73 €/KG","img":"https://fd13-photos.leclercdrive.fr/image.ashx?id=2884441&use=l&cat=p&typeid=i","cat":315000},{"id":132815,"n":"Skyr Yoplait  Sur Lit Citron 0%MG - 4x100g","p":2.25,"u":"5,63 €/KG","img":"https://fd13-photos.leclercdrive.fr/image.ashx?id=2317780&use=l&cat=p&typeid=i","cat":315000},{"id":133039,"n":"Lessive liquide noir Epsil 25 Lavages - 1.25L","p":2.54,"u":"2,03 €/L","img":"https://fd13-photos.leclercdrive.fr/image.ashx?id=2958759&use=l&cat=p&typeid=i","cat":284640},{"id":133044,"n":"Lessive laine & soie Epsil 25 lavages - 1.25L","p":2.54,"u":"2,03 €/L","img":"https://fd13-photos.leclercdrive.fr/image.ashx?id=2450089&use=l&cat=p&typeid=i","cat":284640},{"id":133071,"n":"Contour yeux bio So Bio Etic Précieux Argan -15ml","p":11.69,"u":"779,33 €/L","img":"https://fd13-photos.leclercdrive.fr/image.ashx?id=2644244&use=l&cat=p&typeid=i","cat":325345},{"id":133073,"n":"Concentré éclat bio So Bio Etic Anti-tâches Précieux Argan-40ml","p":12.66,"u":"316,50 €/L","img":"https://fd13-photos.leclercdrive.fr/image.ashx?id=2185349&use=l&cat=p&typeid=i","cat":325345},{"id":133115,"n":"Sauce Mayomix Heinz Mix mayonnaise & ketchup - 425g","p":2.7,"u":"6,35 €/KG","img":"https://fd13-photos.leclercdrive.fr/image.ashx?id=2926936&use=l&cat=p&typeid=i","cat":318431},{"id":133121,"n":"Poisson Pané Colin Alaska Findus Céréales graines - 250g","p":3.0,"u":"12,00 €/KG","img":"https://fd13-photos.leclercdrive.fr/image.ashx?id=3008764&use=l&cat=p&typeid=i","cat":319788},{"id":133173,"n":"IGP Pays d'Oc blanc Ormes De Cambras Sauvignon 12% 75cl","p":3.02,"u":"4,03 €/L","img":"https://fd13-photos.leclercdrive.fr/image.ashx?id=2105155&use=l&cat=p&typeid=i","cat":289557},{"id":133179,"n":"Yaourt protéiné Hipro Vanille 0%mg - 2x160g","p":2.14,"u":"6,69 €/KG","img":"https://fd13-photos.leclercdrive.fr/image.ashx?id=2807414&use=l&cat=p&typeid=i","cat":315000},{"id":133219,"n":"Stylo-bille 4 couleurs Bic Motif Feuilles - Velours","p":2.28,"img":"https://fd13-photos.leclercdrive.fr/image.ashx?id=1952413&use=l&cat=p&typeid=i","cat":284696},{"id":133248,"n":"Stylo-bille 4 couleurs Bic Motif Fleurs - Velours","p":2.28,"img":"https://fd13-photos.leclercdrive.fr/image.ashx?id=1952425&use=l&cat=p&typeid=i","cat":284696},{"id":133249,"n":"Stylo-bille 4 couleurs Bic Motif Lézard - Velours","p":2.28,"img":"https://fd13-photos.leclercdrive.fr/image.ashx?id=1952428&use=l&cat=p&typeid=i","cat":284696},{"id":133340,"n":"Soin barbe 3 jours Nivea Men 125ml","p":8.47,"u":"67,76 €/L","img":"https://fd13-photos.leclercdrive.fr/image.ashx?id=2225444&use=l&cat=p&typeid=i","cat":284622},{"id":133426,"n":"Capsules Nescafé Dolce Gusto Marrakech Tea - x16","p":4.42,"u":"53,25 €/KG","img":"https://fd13-photos.leclercdrive.fr/image.ashx?id=2467510&use=l&cat=p&typeid=i","cat":293239},{"id":133480,"n":"Gel-crème bio La Source Hydratation 24h - 40ml","p":12.1,"u":"302,50 €/L","img":"https://fd13-photos.leclercdrive.fr/image.ashx?id=2219309&use=l&cat=p&typeid=i","cat":325345},{"id":133527,"n":"Gel micellaire bio La Source Nettoyant toilette - 125ml","p":5.76,"u":"46,08 €/L","img":"https://fd13-photos.leclercdrive.fr/image.ashx?id=1955294&use=l&cat=p&typeid=i","cat":284603},{"id":133533,"n":"Masque Color-Vive Elsève 2x310ml","p":11.57,"u":"18,66 €/L","img":"https://fd13-photos.leclercdrive.fr/image.ashx?id=2396159&use=l&cat=p&typeid=i","cat":284608},{"id":133768,"n":"Poêle Easy Cook'n Clean Tefal Ø32cm - 1 pièce","p":22.9,"img":"https://fd13-photos.leclercdrive.fr/image.ashx?id=2531862&use=l&cat=p&typeid=i","cat":298490},{"id":133800,"n":"Whisky Taiwanais Yushan 40% vol. - 70cl + Etui","p":37.66,"u":"53,80 €/L","img":"https://fd13-photos.leclercdrive.fr/image.ashx?id=2736364&use=l&cat=p&typeid=i","cat":284547},{"id":133807,"n":"Huile auto Helix Ultra Diesel 5L","p":32.83,"u":"6,57 €/L","img":"https://fd13-photos.leclercdrive.fr/image.ashx?id=2753716&use=l&cat=p&typeid=i","cat":298253},{"id":133891,"n":"Pâte de Wasabi S&B 43g","p":2.62,"u":"60,93 €/KG","img":"https://fd13-photos.leclercdrive.fr/image.ashx?id=2537231&use=l&cat=p&typeid=i","cat":288992},{"id":133987,"n":"Oeufs La nouvelle agriculture Plein Air - x12","p":3.64,"u":"0,30 €/P","img":"https://fd13-photos.leclercdrive.fr/image.ashx?id=2465562&use=l&cat=p&typeid=i","cat":284378},{"id":134047,"n":"Barres de céréales Lion Chocolat caramel - 12x25g","p":3.62,"u":"12,07 €/KG","img":"https://fd13-photos.leclercdrive.fr/image.ashx?id=2846787&use=l&cat=p&typeid=i","cat":285869},{"id":134065,"n":"Porte-mines jetables Siplec 0.7mm - x3","p":0.85,"img":"https://fd13-photos.leclercdrive.fr/image.ashx?id=2943232&use=l&cat=p&typeid=i","cat":284696},{"id":134121,"n":"Poivre noir moulu Eco+ 44g","p":0.55,"u":"12,50 €/KG","img":"https://fd13-photos.leclercdrive.fr/image.ashx?id=1973859&use=l&cat=p&typeid=i","cat":284457},{"id":134122,"n":"Poivre noir moulu Eco+ 90g","p":1.15,"u":"12,78 €/KG","img":"https://fd13-photos.leclercdrive.fr/image.ashx?id=2836307&use=l&cat=p&typeid=i","cat":284457},{"id":134124,"n":"Velouté PurSoup' Liebig Poireaux pomme de terre - 1L","p":2.2,"u":"2,20 €/L","img":"https://fd13-photos.leclercdrive.fr/image.ashx?id=2864324&use=l&cat=p&typeid=i","cat":284462},{"id":134130,"n":"Mélange paella Ducros 20g","p":1.4,"u":"70,00 €/KG","img":"https://fd13-photos.leclercdrive.fr/image.ashx?id=2490500&use=l&cat=p&typeid=i","cat":298297},{"id":134131,"n":"Soupe liquide brique Liebig  Velouté de Tomates - 1L","p":2.18,"u":"2,18 €/L","img":"https://fd13-photos.leclercdrive.fr/image.ashx?id=2759439&use=l&cat=p&typeid=i","cat":284462},{"id":134136,"n":"Rhum Spiced Clan Caribbean 35% vol - 70cl","p":13.77,"u":"19,67 €/L","img":"https://fd13-photos.leclercdrive.fr/image.ashx?id=2516044&use=l&cat=p&typeid=i","cat":284550},{"id":134146,"n":"Biscuits Nustikao Fourrés pâte à tartiner - 200g","p":1.67,"u":"8,35 €/KG","img":"https://fd13-photos.leclercdrive.fr/image.ashx?id=2473999&use=l&cat=p&typeid=i","cat":284488},{"id":134152,"n":"Biscuits Kinder Happy Hippo Au lait et au cacao - 103,5g","p":1.66,"u":"15,96 €/KG","img":"https://fd13-photos.leclercdrive.fr/image.ashx?id=2454499&use=l&cat=p&typeid=i","cat":284488},{"id":134162,"n":"Fromage frais nature Eco+ 9%mg - 6x60g","p":0.93,"u":"2,58 €/KG","img":"https://fd13-photos.leclercdrive.fr/image.ashx?id=2722372&use=l&cat=p&typeid=i","cat":284409},{"id":134165,"n":"Yaourt à la Grecque Délisse Stracciatella - 4x150g","p":2.39,"u":"3,98 €/KG","img":"https://fd13-photos.leclercdrive.fr/image.ashx?id=2753487&use=l&cat=p&typeid=i","cat":314999},{"id":134171,"n":"Nissin soba sachet chili 111g","p":1.33,"u":"11,98 €/KG","img":"https://fd13-photos.leclercdrive.fr/image.ashx?id=2433518&use=l&cat=p&typeid=i","cat":288992},{"id":134172,"n":"Nissin soba sachet teriyaki 110g","p":1.46,"u":"13,27 €/KG","img":"https://fd13-photos.leclercdrive.fr/image.ashx?id=2433521&use=l&cat=p&typeid=i","cat":288992},{"id":134178,"n":"Sauce Sriracha Chilli Hot 215ml","p":3.19,"u":"14,84 €/L","img":"https://fd13-photos.leclercdrive.fr/image.ashx?id=2834062&use=l&cat=p&typeid=i","cat":288992},{"id":134218,"n":"Lardons fumés Tradilège Sans nitrite - 2x75g","p":1.57,"u":"10,47 €/KG","img":"https://fd13-photos.leclercdrive.fr/image.ashx?id=2965828&use=l&cat=p&typeid=i","cat":316011},{"id":134220,"n":"Allumettes nature Tradilège Sans nitrite - 2x75g","p":1.64,"u":"10,93 €/KG","img":"https://fd13-photos.leclercdrive.fr/image.ashx?id=2970486&use=l&cat=p&typeid=i","cat":316011},{"id":134223,"n":"Allumettes fumées Tradilège Sans nitrite - 2x75g","p":1.63,"u":"10,87 €/KG","img":"https://fd13-photos.leclercdrive.fr/image.ashx?id=2965825&use=l&cat=p&typeid=i","cat":316011},{"id":134257,"n":"Corn Flakes Grainéa Nature - 500g","p":2.08,"u":"4,16 €/KG","img":"https://fd13-photos.leclercdrive.fr/image.ashx?id=2617249&use=l&cat=p&typeid=i","cat":309513},{"id":134316,"n":"Goûters P'tit Déli Croc' Goût Vanille - 300g","p":1.08,"u":"3,27 €/KG","img":"https://fd13-photos.leclercdrive.fr/image.ashx?id=2391895&use=l&cat=p&typeid=i","cat":284489},{"id":134317,"n":"Biscuit Croc Break P'tit Déli Goût Chocolat - 300g","p":1.15,"u":"3,83 €/KG","img":"https://fd13-photos.leclercdrive.fr/image.ashx?id=2390431&use=l&cat=p&typeid=i","cat":284488},{"id":134318,"n":"Biscuits P'tit déli Pirates Chocolat - 2x300g","p":2.17,"u":"3,62 €/KG","img":"https://fd13-photos.leclercdrive.fr/image.ashx?id=2539460&use=l&cat=p&typeid=i","cat":284488},{"id":134319,"n":"Biscuit Croc Break P'tit Déli Goût Tout Chocolat - 300g","p":1.17,"u":"3,90 €/KG","img":"https://fd13-photos.leclercdrive.fr/image.ashx?id=2472662&use=l&cat=p&typeid=i","cat":284488},{"id":134331,"n":"Muesli croustillant Grainéa Chocolat noir - 500g","p":2.29,"u":"4,58 €/KG","img":"https://fd13-photos.leclercdrive.fr/image.ashx?id=2375858&use=l&cat=p&typeid=i","cat":309512},{"id":134333,"n":"Muesli croustillant Grainéa Noix - 500g","p":2.02,"u":"4,04 €/KG","img":"https://fd13-photos.leclercdrive.fr/image.ashx?id=2368653&use=l&cat=p&typeid=i","cat":309512},{"id":134336,"n":"Muesli croustillant Grainéa  Aux fruits - 500g","p":1.87,"u":"3,74 €/KG","img":"https://fd13-photos.leclercdrive.fr/image.ashx?id=2371557&use=l&cat=p&typeid=i","cat":309512},{"id":134352,"n":"Muesli croustillant Grainéa  Fraise - 500g","p":2.27,"u":"4,54 €/KG","img":"https://fd13-photos.leclercdrive.fr/image.ashx?id=2374600&use=l&cat=p&typeid=i","cat":309512},{"id":134353,"n":"Muesli croustillant Grainéa Chocolat lait - 500g","p":2.27,"u":"4,54 €/KG","img":"https://fd13-photos.leclercdrive.fr/image.ashx?id=2363805&use=l&cat=p&typeid=i","cat":309512},{"id":134427,"n":"Salade de betteraves Menu Fraîcheur - 500g","p":1.89,"u":"3,78 €/KG","img":"https://fd13-photos.leclercdrive.fr/image.ashx?id=2645987&use=l&cat=p&typeid=i","cat":333657},{"id":134617,"n":"Couscous parfumé Tipiak 510g","p":1.99,"u":"3,90 €/KG","img":"https://fd13-photos.leclercdrive.fr/image.ashx?id=2839187&use=l&cat=p&typeid=i","cat":284429},{"id":134618,"n":"Méli Mélo gourmand Tipiak 330g","p":1.99,"u":"6,03 €/KG","img":"https://fd13-photos.leclercdrive.fr/image.ashx?id=2314434&use=l&cat=p&typeid=i","cat":284429},{"id":134631,"n":"Pommes de terre pour four purée potage Panier du Primeur - 2kg","p":2.29,"u":"1,15 €/KG","img":"https://fd13-photos.leclercdrive.fr/image.ashx?id=2959641&use=l&cat=p&typeid=i","cat":284352},{"id":134676,"n":"Friandises chien Pedigree  Schmackos multi mix x20 - 144g","p":2.27,"u":"15,76 €/KG","img":"https://fd13-photos.leclercdrive.fr/image.ashx?id=2338579&use=l&cat=p&typeid=i","cat":294527},{"id":134677,"n":"Friandise petit chien Pedigree  Os à mâcher x4 - 160g","p":2.38,"u":"14,88 €/KG","img":"https://fd13-photos.leclercdrive.fr/image.ashx?id=2997253&use=l&cat=p&typeid=i","cat":294527},{"id":134680,"n":"Biscuits chien Pedigree Markies fourrés - 1,5kg","p":5.21,"u":"3,47 €/KG","img":"https://fd13-photos.leclercdrive.fr/image.ashx?id=2109671&use=l&cat=p&typeid=i","cat":294527},{"id":134735,"n":"Doonuts nappés Saint michel 360g","p":3.09,"u":"8,58 €/KG","img":"https://fd13-photos.leclercdrive.fr/image.ashx?id=2986275&use=l&cat=p&typeid=i","cat":284495},{"id":134744,"n":"Foie gras canard Les exquis Larnaudie - torchon - 400g","p":40.9,"pp":31.07,"u":"77,68 €/KG","img":"https://fd13-photos.leclercdrive.fr/image.ashx?id=2915781&use=l&cat=p&typeid=i","cat":316008},{"id":134745,"n":"Yaourt nature ECO+ 12x125g","p":1.69,"u":"1,13 €/KG","img":"https://fd13-photos.leclercdrive.fr/image.ashx?id=2791194&use=l&cat=p&typeid=i","cat":284409},{"id":134754,"n":"Café moulu Bio Village Guatémala Bio - 250g","p":4.9,"u":"19,60 €/KG","img":"https://fd13-photos.leclercdrive.fr/image.ashx?id=2468879&use=l&cat=p&typeid=i","cat":284750},{"id":134758,"n":"Compote Allégée en sucres Eco+ Coupelle pomme banane - 4x100g","p":0.58,"u":"1,45 €/KG","img":"https://fd13-photos.leclercdrive.fr/image.ashx?id=1965671&use=l&cat=p&typeid=i","cat":284508},{"id":134770,"n":"Compote bio Bio Village Gourdes multivariétés - 12x90g","p":6.35,"u":"5,88 €/KG","img":"https://fd13-photos.leclercdrive.fr/image.ashx?id=1965920&use=l&cat=p&typeid=i","cat":284508},{"id":134787,"n":"Ravioli bœuf Bio village Bio 700g","p":3.7,"u":"5,29 €/KG","img":"https://fd13-photos.leclercdrive.fr/image.ashx?id=2485113&use=l&cat=p&typeid=i","cat":284442},{"id":134788,"n":"Spaghetti complets Bio Village Bio - 500g","p":0.89,"u":"1,78 €/KG","img":"https://fd13-photos.leclercdrive.fr/image.ashx?id=2503308&use=l&cat=p&typeid=i","cat":284429},{"id":134796,"n":"Tomates entières pelées Eco+ 240g","p":0.55,"u":"2,29 €/KG","img":"https://fd13-photos.leclercdrive.fr/image.ashx?id=2762501&use=l&cat=p&typeid=i","cat":312608},{"id":134797,"n":"Tuiles goût barbecue Tokapi 170g","p":1.39,"u":"8,18 €/KG","img":"https://fd13-photos.leclercdrive.fr/image.ashx?id=2049091&use=l&cat=p&typeid=i","cat":287899},{"id":134798,"n":"Velouté de légumes Eco + 1L","p":0.89,"u":"0,89 €/L","img":"https://fd13-photos.leclercdrive.fr/image.ashx?id=2768448&use=l&cat=p&typeid=i","cat":284462},{"id":134811,"n":"Pur jus d'orange Eco + Brique - 2l","p":3.14,"u":"1,57 €/L","img":"https://fd13-photos.leclercdrive.fr/image.ashx?id=2751859&use=l&cat=p&typeid=i","cat":284521},{"id":134815,"n":"Pur jus 4 agrumes Eco +  1L","p":1.43,"u":"1,43 €/L","img":"https://fd13-photos.leclercdrive.fr/image.ashx?id=2762943&use=l&cat=p&typeid=i","cat":284917},{"id":134816,"n":"Jus d'orange ABC Eco + Brique - 1L","p":1.3,"u":"1,30 €/L","img":"https://fd13-photos.leclercdrive.fr/image.ashx?id=2595049&use=l&cat=p&typeid=i","cat":284521},{"id":134829,"n":"Bière forte 7.9% Millbrau 50CL","p":0.85,"u":"1,70 €/L","img":"https://fd13-photos.leclercdrive.fr/image.ashx?id=2955578&use=l&cat=p&typeid=i","cat":334853},{"id":134853,"n":"Bière speciale 4,9% Gildo 50cl","p":0.87,"u":"1,74 €/L","img":"https://fd13-photos.leclercdrive.fr/image.ashx?id=2955602&use=l&cat=p&typeid=i","cat":334853},{"id":134856,"n":"Eau de javel Eco + 2L","p":0.63,"u":"0,32 €/L","img":"https://fd13-photos.leclercdrive.fr/image.ashx?id=3007609&use=l&cat=p&typeid=i","cat":284661},{"id":134861,"n":"Maxi carré bébé Mots d'Enfants Coton bio écru - x40","p":1.37,"u":"0,03 €/P","img":"https://fd13-photos.leclercdrive.fr/image.ashx?id=3014299&use=l&cat=p&typeid=i","cat":284739},{"id":134938,"n":"Lait bébé en poudre Blédilait 2e âge 6-12 mois 1.2kg","p":16.1,"u":"13,42 €/KG","img":"https://fd13-photos.leclercdrive.fr/image.ashx?id=2674068&use=l&cat=p&typeid=i","cat":284727},{"id":134989,"n":"Amora Cornichons Extra-Fins Bocal Croq'Vert 370g","p":2.8,"u":"7,57 €/KG","img":"https://fd13-photos.leclercdrive.fr/image.ashx?id=2670911&use=l&cat=p&typeid=i","cat":284458},{"id":134999,"n":"Collant Modacolors semi opaque T3/4 Noir mat - 1 pièce","p":5.5,"img":"https://fd13-photos.leclercdrive.fr/image.ashx?id=2561682&use=l&cat=p&typeid=i","cat":334130},{"id":135081,"n":"Joker Pur Jus Engagé  Multifruits - 1,5L","p":3.45,"u":"2,30 €/L","img":"https://fd13-photos.leclercdrive.fr/image.ashx?id=3008137&use=l&cat=p&typeid=i","cat":284917},{"id":135136,"n":"Coeur fondant chocolat Equador 2x90g","p":2.13,"u":"11,83 €/KG","img":"https://fd13-photos.leclercdrive.fr/image.ashx?id=1979707&use=l&cat=p&typeid=i","cat":284419},{"id":135179,"n":"Sauce béchamel Bridélice 50cl","p":2.65,"u":"5,30 €/L","img":"https://fd13-photos.leclercdrive.fr/image.ashx?id=2904718&use=l&cat=p&typeid=i","cat":284382},{"id":135191,"n":"Yaourt aromatisé sucré Eco+ Pack 12x125g","p":1.86,"u":"1,24 €/KG","img":"https://fd13-photos.leclercdrive.fr/image.ashx?id=2759774&use=l&cat=p&typeid=i","cat":286006},{"id":135203,"n":"Yaourt nature Eco+ 4x125g","p":0.58,"u":"1,16 €/KG","img":"https://fd13-photos.leclercdrive.fr/image.ashx?id=2442473&use=l&cat=p&typeid=i","cat":284409},{"id":135245,"n":"Salade mélangée Eco+ 250g","p":0.75,"u":"3,00 €/KG","img":"https://fd13-photos.leclercdrive.fr/image.ashx?id=2113898&use=l&cat=p&typeid=i","cat":284353},{"id":135246,"n":"Crème fraiche Eco+ Légère - 15% MG - 50cl","p":1.35,"u":"2,70 €/L","img":"https://fd13-photos.leclercdrive.fr/image.ashx?id=2891869&use=l&cat=p&typeid=i","cat":284381},{"id":135247,"n":"Fromage fondu Eco+ 17%mg - x10 - 200g","p":1.08,"u":"5,40 €/KG","img":"https://fd13-photos.leclercdrive.fr/image.ashx?id=2652290&use=l&cat=p&typeid=i","cat":314028},{"id":135251,"n":"Yaourt nature sucré Yoplait - 8x125g","p":2.03,"u":"2,03 €/KG","img":"https://fd13-photos.leclercdrive.fr/image.ashx?id=2796830&use=l&cat=p&typeid=i","cat":284409},{"id":135270,"n":"Pomme de terre rouge Vapeur  Sautées Panier du Primeur - 2kg","p":2.29,"u":"1,15 €/KG","img":"https://fd13-photos.leclercdrive.fr/image.ashx?id=2959638&use=l&cat=p&typeid=i","cat":284352},{"id":135278,"n":"Fromage blanc aromatisé Eco+ 2.8%MG - 12x60g","p":1.79,"u":"2,49 €/KG","img":"https://fd13-photos.leclercdrive.fr/image.ashx?id=2794817&use=l&cat=p&typeid=i","cat":284409},{"id":135279,"n":"Ail violet Panier du Primeur x3","p":2.99,"u":"1,00 €/P","img":"https://fd13-photos.leclercdrive.fr/image.ashx?id=2960520&use=l&cat=p&typeid=i","cat":284352},{"id":135282,"n":"Oignons sauciers Filière Panier du Primeur Filet 500g","p":1.49,"u":"2,98 €/KG","img":"https://fd13-photos.leclercdrive.fr/image.ashx?id=2966370&use=l&cat=p&typeid=i","cat":284352},{"id":135292,"n":"Crème dessert Eco+ Panachées - 12x125g","p":2.43,"u":"1,62 €/KG","img":"https://fd13-photos.leclercdrive.fr/image.ashx?id=2804326&use=l&cat=p&typeid=i","cat":285041},{"id":135293,"n":"Crème dessert Eco+ Saveur vanille - 4x125g","p":0.77,"u":"1,54 €/KG","img":"https://fd13-photos.leclercdrive.fr/image.ashx?id=2765695&use=l&cat=p&typeid=i","cat":285041},{"id":135296,"n":"Fromage mi-chèvre Eco+ 23%mg - 180g","p":1.65,"u":"9,17 €/KG","img":"https://fd13-photos.leclercdrive.fr/image.ashx?id=2744356&use=l&cat=p&typeid=i","cat":314031},{"id":135426,"n":"Sauce Salsa Old El Paso à napper doux - 226g","p":2.46,"u":"10,88 €/KG","img":"https://fd13-photos.leclercdrive.fr/image.ashx?id=2738797&use=l&cat=p&typeid=i","cat":288993},{"id":135429,"n":"Pommes Dauphine Findus 540g","p":3.19,"u":"5,91 €/KG","img":"https://fd13-photos.leclercdrive.fr/image.ashx?id=2009954&use=l&cat=p&typeid=i","cat":319792},{"id":135444,"n":"Croco Baby -30% de sucre Haribo Sachet bonbons - 165g","p":1.81,"u":"10,97 €/KG","img":"https://fd13-photos.leclercdrive.fr/image.ashx?id=2806111&use=l&cat=p&typeid=i","cat":304250},{"id":135454,"n":"Brioche tranchée Harrys Nature sans additif Maxi - 680g","p":3.29,"u":"4,84 €/KG","img":"https://fd13-photos.leclercdrive.fr/image.ashx?id=2503022&use=l&cat=p&typeid=i","cat":284478},{"id":135456,"n":"Brioche tranchée Harrys Nature / Sans additifs - 485 g","p":2.39,"u":"4,93 €/KG","img":"https://fd13-photos.leclercdrive.fr/image.ashx?id=2503019&use=l&cat=p&typeid=i","cat":284478},{"id":135457,"n":"Brioche tranchée Harrys Farine complète - 485g","p":3.05,"u":"6,29 €/KG","img":"https://fd13-photos.leclercdrive.fr/image.ashx?id=2503025&use=l&cat=p&typeid=i","cat":284478},{"id":135458,"n":"Brioche tranchée nature Harrys Allégée en sucre - 485g","p":3.02,"u":"6,23 €/KG","img":"https://fd13-photos.leclercdrive.fr/image.ashx?id=2503031&use=l&cat=p&typeid=i","cat":284478},{"id":135459,"n":"Brioche Tranchée Harrys Pépites de chocolat - 485g","p":2.91,"u":"6,00 €/KG","img":"https://fd13-photos.leclercdrive.fr/image.ashx?id=2503028&use=l&cat=p&typeid=i","cat":284478},{"id":135481,"n":"Barres céréales Nesquik Chocolat - 12x25g","p":3.9,"u":"13,00 €/KG","img":"https://fd13-photos.leclercdrive.fr/image.ashx?id=2843225&use=l&cat=p&typeid=i","cat":285869},{"id":135682,"n":"Yaourt a la grecque Yaos Vanille - 4x125g + 2 offerts","p":2.37,"u":"3,16 €/KG","img":"https://fd13-photos.leclercdrive.fr/image.ashx?id=2580666&use=l&cat=p&typeid=i","cat":314999},{"id":135686,"n":"Croissants pur beurre AOP  10x1p","p":6.2,"u":"0,62 €/P","img":"https://fd13-photos.leclercdrive.fr/image.ashx?id=597456&use=l&cat=p&typeid=i","cat":284984},{"id":135727,"n":"Bière blonde Bellerose 33cl","p":2.22,"u":"6,73 €/L","img":"https://fd13-photos.leclercdrive.fr/image.ashx?id=2887950&use=l&cat=p&typeid=i","cat":334872},{"id":135729,"n":"Louche trendy HOMESIDE 1 pièce","p":3.9,"img":"https://fd13-photos.leclercdrive.fr/image.ashx?id=2017608&use=l&cat=p&typeid=i","cat":334135},{"id":135731,"n":"Cuillère trendy HOMESIDE 1 pièce","p":3.9,"img":"https://fd13-photos.leclercdrive.fr/image.ashx?id=2017599&use=l&cat=p&typeid=i","cat":334135},{"id":135732,"n":"Pelle trendy HOMESIDE 1 pièce","p":3.9,"img":"https://fd13-photos.leclercdrive.fr/image.ashx?id=2017611&use=l&cat=p&typeid=i","cat":334135},{"id":135736,"n":"Bière Black IPA Bellerose 75 cl","p":4.28,"u":"5,71 €/L","img":"https://fd13-photos.leclercdrive.fr/image.ashx?id=2672419&use=l&cat=p&typeid=i","cat":334872},{"id":135758,"n":"Jambon Supérieur VPF Tradilège A l'étouffée Découennéx10 -400g","p":5.09,"u":"12,73 €/KG","img":"https://fd13-photos.leclercdrive.fr/image.ashx?id=2970477&use=l&cat=p&typeid=i","cat":316009},{"id":136362,"n":"AOC Côtes du Rhône rouge Réserve de Bonpas - 75cl","p":5.04,"u":"6,72 €/L","img":"https://fd13-photos.leclercdrive.fr/image.ashx?id=2991202&use=l&cat=p&typeid=i","cat":289556},{"id":136445,"n":"Gateau marbré Savane Chocolat - 310g","p":2.57,"u":"8,29 €/KG","img":"https://fd13-photos.leclercdrive.fr/image.ashx?id=2870719&use=l&cat=p&typeid=i","cat":294776},{"id":136457,"n":"Pain grillé original Pasquier 415g","p":2.17,"u":"5,23 €/KG","img":"https://fd13-photos.leclercdrive.fr/image.ashx?id=2943957&use=l&cat=p&typeid=i","cat":284479},{"id":136507,"n":"Gros sel marin Bjorg Gris - 1 kg","p":2.05,"u":"2,05 €/KG","img":"https://fd13-photos.leclercdrive.fr/image.ashx?id=2105320&use=l&cat=p&typeid=i","cat":284457},{"id":136579,"n":"Soupe liquide brique Liebig  Velouté de 12 légumes - 1L","p":2.0,"u":"2,00 €/L","img":"https://fd13-photos.leclercdrive.fr/image.ashx?id=2172645&use=l&cat=p&typeid=i","cat":284462},{"id":136580,"n":"Soupe liquide brique Liebig  Mouliné de 12 légumes - 1L","p":2.44,"u":"2,44 €/L","img":"https://fd13-photos.leclercdrive.fr/image.ashx?id=2172642&use=l&cat=p&typeid=i","cat":284462},{"id":136585,"n":"Plat bébé soir Blédiner 15 mois pâtes crème légumes - 2x200g","p":2.18,"u":"5,45 €/KG","img":"https://fd13-photos.leclercdrive.fr/image.ashx?id=2845859&use=l&cat=p&typeid=i","cat":312239},{"id":136586,"n":"Plat bébé soir Blédiner 8 mois Boulghour poireau - 2x200g","p":2.16,"u":"5,40 €/KG","img":"https://fd13-photos.leclercdrive.fr/image.ashx?id=2845862&use=l&cat=p&typeid=i","cat":312239},{"id":136598,"n":"Compote Bio Village Gourdes Pomme bio - 12x90g","p":5.25,"u":"4,86 €/KG","img":"https://fd13-photos.leclercdrive.fr/image.ashx?id=2330517&use=l&cat=p&typeid=i","cat":284508},{"id":136627,"n":"Pad Thai Céréal Bio  Bio repas express - 220g","p":2.52,"u":"11,45 €/KG","img":"https://fd13-photos.leclercdrive.fr/image.ashx?id=2574089&use=l&cat=p&typeid=i","cat":288992},{"id":136645,"n":"Blé gourmand l'Original Ebly Cuisson 10min - 1kg","p":2.55,"u":"2,55 €/KG","img":"https://fd13-photos.leclercdrive.fr/image.ashx?id=2286278&use=l&cat=p&typeid=i","cat":284429},{"id":136668,"n":"Champignons de Paris bruns Panier du Primeur - 250g","p":1.79,"u":"7,16 €/KG","img":"https://fd13-photos.leclercdrive.fr/image.ashx?id=2600255&use=l&cat=p&typeid=i","cat":284352},{"id":136671,"n":"Pommes bicolores Panier Primeur HVE - Sachet 1.5kg","p":2.99,"u":"1,99 €/KG","img":"https://fd13-photos.leclercdrive.fr/image.ashx?id=2928279&use=l&cat=p&typeid=i","cat":284356},{"id":136775,"n":"Fleur de maïs Maïzena 700g","p":2.45,"pp":1.71,"u":"2,44 €/KG","img":"https://fd13-photos.leclercdrive.fr/image.ashx?id=2328361&use=l&cat=p&typeid=i","cat":288382},{"id":136813,"n":"Biscuits Bruges Delacre Boîte Assortiment - 200g","p":2.93,"u":"14,65 €/KG","img":"https://fd13-photos.leclercdrive.fr/image.ashx?id=2867966&use=l&cat=p&typeid=i","cat":284490},{"id":136814,"n":"Barre céréales Chocapic  Chocolat - 12x25g","p":3.99,"u":"13,30 €/KG","img":"https://fd13-photos.leclercdrive.fr/image.ashx?id=2846784&use=l&cat=p&typeid=i","cat":285869},{"id":137060,"n":"Compote Bio Village Gourdes Pomme bio - 4x90g","p":1.91,"u":"5,31 €/KG","img":"https://fd13-photos.leclercdrive.fr/image.ashx?id=2619755&use=l&cat=p&typeid=i","cat":284508},{"id":137070,"n":"Petits pois Bio Village Bio - 420g","p":2.35,"u":"5,60 €/KG","img":"https://fd13-photos.leclercdrive.fr/image.ashx?id=3002707&use=l&cat=p&typeid=i","cat":312607},{"id":137228,"n":"Sucre en poudre Saint Louis 650g","p":1.51,"u":"2,32 €/KG","img":"https://fd13-photos.leclercdrive.fr/image.ashx?id=2659936&use=l&cat=p&typeid=i","cat":284502},{"id":137244,"n":"Huile d'Olive vierge  Cauvin Extra Bio - 75cl","p":10.04,"u":"13,39 €/L","img":"https://fd13-photos.leclercdrive.fr/image.ashx?id=2498356&use=l&cat=p&typeid=i","cat":284453},{"id":137289,"n":"Yaourt à boire Ptit Yop Aromatisé Framboise - 6x180g","p":2.78,"u":"2,57 €/KG","img":"https://fd13-photos.leclercdrive.fr/image.ashx?id=2951797&use=l&cat=p&typeid=i","cat":284415},{"id":137325,"n":"Lait bébé Candia Baby  croissance 3ème âge - 6x25cl","p":3.73,"u":"2,49 €/L","img":"https://fd13-photos.leclercdrive.fr/image.ashx?id=2963346&use=l&cat=p&typeid=i","cat":284728},{"id":137364,"n":"Pâte feuilletée Tablier blanc Complète - 240g","p":1.99,"u":"8,29 €/KG","img":"https://fd13-photos.leclercdrive.fr/image.ashx?id=2635937&use=l&cat=p&typeid=i","cat":333681},{"id":137384,"n":"Déodorant bille Men Expert Efficacité 48h - 50ml","p":2.5,"u":"50,00 €/L","img":"https://fd13-photos.leclercdrive.fr/image.ashx?id=2300512&use=l&cat=p&typeid=i","cat":284618},{"id":137388,"n":"Gel Douche Bio Sans Savon Cadum Huile d'Amandes Douces - 500ml","p":2.14,"u":"4,28 €/L","img":"https://fd13-photos.leclercdrive.fr/image.ashx?id=2575627&use=l&cat=p&typeid=i","cat":284594},{"id":137413,"n":"Pommes Duchesse Findus 720g","p":3.19,"u":"4,43 €/KG","img":"https://fd13-photos.leclercdrive.fr/image.ashx?id=2888512&use=l&cat=p&typeid=i","cat":319792},{"id":137414,"n":"Pommes Étoile 720g","p":3.19,"u":"4,43 €/KG","img":"https://fd13-photos.leclercdrive.fr/image.ashx?id=2023134&use=l&cat=p&typeid=i","cat":319792},{"id":137427,"n":"Soin Nutri-correcteur Dessange Cheveux Blonds, Colorés - 125ml","p":6.89,"u":"55,12 €/L","img":"https://fd13-photos.leclercdrive.fr/image.ashx?id=2870689&use=l&cat=p&typeid=i","cat":284608},{"id":137436,"n":"Masque Protection Couleur Elsève Color-Vive - 310ml","p":4.98,"u":"16,06 €/L","img":"https://fd13-photos.leclercdrive.fr/image.ashx?id=2865875&use=l&cat=p&typeid=i","cat":284608},{"id":137437,"n":"gateau Savane Brossard Chocolat - 310g","p":2.61,"u":"8,42 €/KG","img":"https://fd13-photos.leclercdrive.fr/image.ashx?id=2976836&use=l&cat=p&typeid=i","cat":294776},{"id":137578,"n":"Jambon foué Paul Predault A l'os - 4 tranches - 240g","p":4.46,"u":"18,58 €/KG","img":"https://fd13-photos.leclercdrive.fr/image.ashx?id=1987839&use=l&cat=p&typeid=i","cat":316009},{"id":137669,"n":"Croquette chiens Mix  Fido Volaille/légumes - 2.5kg","p":5.89,"u":"2,36 €/KG","img":"https://fd13-photos.leclercdrive.fr/image.ashx?id=2973309&use=l&cat=p&typeid=i","cat":284672},{"id":137680,"n":"Croquette pour chien  Fido Croq' Mix boeuf et légumes 3kg","p":6.28,"u":"2,09 €/KG","img":"https://fd13-photos.leclercdrive.fr/image.ashx?id=2973306&use=l&cat=p&typeid=i","cat":284672},{"id":137682,"n":"Croquette pour chiens Fido Mix Poulet Légumes - 12 kg","p":22.11,"u":"1,84 €/KG","img":"https://fd13-photos.leclercdrive.fr/image.ashx?id=2973300&use=l&cat=p&typeid=i","cat":284672},{"id":137686,"n":"Croquette pour chiens Fido Boeuf & légumes - 7kg","p":14.38,"u":"2,05 €/KG","img":"https://fd13-photos.leclercdrive.fr/image.ashx?id=2973297&use=l&cat=p&typeid=i","cat":284672},{"id":137700,"n":"Compote Douceur du Verger Coupelle fruits rouges -16x100g","p":4.21,"u":"2,63 €/KG","img":"https://fd13-photos.leclercdrive.fr/image.ashx?id=2663560&use=l&cat=p&typeid=i","cat":284508},{"id":137702,"n":"Compote Douceur du Verger Coupelle fruits jaunes -16x100g","p":3.97,"u":"2,48 €/KG","img":"https://fd13-photos.leclercdrive.fr/image.ashx?id=2834890&use=l&cat=p&typeid=i","cat":284508},{"id":137703,"n":"Compote Douceur du Verger Coupelle pomme - 16x100g","p":3.55,"u":"2,22 €/KG","img":"https://fd13-photos.leclercdrive.fr/image.ashx?id=2663551&use=l&cat=p&typeid=i","cat":284508},{"id":137713,"n":"Préparation Flan Entremets alsa Chocolat - 192g","p":1.95,"u":"8,41 €/KG","img":"https://fd13-photos.leclercdrive.fr/image.ashx?id=2842546&use=l&cat=p&typeid=i","cat":284505},{"id":137754,"n":"Barquettes chat Gourmet  Coffret de la mer - 8x85g","p":6.02,"u":"8,85 €/KG","img":"https://fd13-photos.leclercdrive.fr/image.ashx?id=2861770&use=l&cat=p&typeid=i","cat":285286},{"id":137757,"n":"Tarte aux poireaux Marie Gratinée à l'Emmental - 400g","p":3.15,"u":"7,88 €/KG","img":"https://fd13-photos.leclercdrive.fr/image.ashx?id=2996680&use=l&cat=p&typeid=i","cat":284257},{"id":137769,"n":"Soupe liquide brique Liebig  Poireaux Pomme de Terre 2x30cl","p":1.97,"u":"3,28 €/L","img":"https://fd13-photos.leclercdrive.fr/image.ashx?id=2864327&use=l&cat=p&typeid=i","cat":284462},{"id":137772,"n":"Pancakes La fournée Dorée 350g","p":2.01,"u":"5,74 €/KG","img":"https://fd13-photos.leclercdrive.fr/image.ashx?id=2581502&use=l&cat=p&typeid=i","cat":284495},{"id":137777,"n":"Haricots verts Bonduelle Extra Fins 440g","p":1.91,"u":"4,34 €/KG","img":"https://fd13-photos.leclercdrive.fr/image.ashx?id=2943927&use=l&cat=p&typeid=i","cat":312606},{"id":137796,"n":"Porto Cruz rouge 18%vol - 1L","p":9.99,"u":"9,99 €/L","img":"https://fd13-photos.leclercdrive.fr/image.ashx?id=2161512&use=l&cat=p&typeid=i","cat":284913},{"id":137813,"n":"Gin Bombay Bramble 40° - 70cl","p":25.43,"u":"36,33 €/L","img":"https://fd13-photos.leclercdrive.fr/image.ashx?id=1987104&use=l&cat=p&typeid=i","cat":284550},{"id":137857,"n":"Petits Pois Bonduelle Sans Arôme Ajouté 280g","p":1.18,"u":"4,21 €/KG","img":"https://fd13-photos.leclercdrive.fr/image.ashx?id=2913157&use=l&cat=p&typeid=i","cat":312607},{"id":137860,"n":"Riz long blanchi Eco+ 1kg","p":1.22,"u":"1,22 €/KG","img":"https://fd13-photos.leclercdrive.fr/image.ashx?id=2076622&use=l&cat=p&typeid=i","cat":284428},{"id":137862,"n":"Riz long étuvé Eco+ 1kg","p":1.35,"u":"1,35 €/KG","img":"https://fd13-photos.leclercdrive.fr/image.ashx?id=2076625&use=l&cat=p&typeid=i","cat":284428},{"id":137864,"n":"Riz long étuvé Eco+ 4x125g","p":0.87,"u":"1,74 €/KG","img":"https://fd13-photos.leclercdrive.fr/image.ashx?id=1991126&use=l&cat=p&typeid=i","cat":284428},{"id":137900,"n":"Barres de céréales Grainéa Chocolat noir x6 - 126g","p":1.39,"u":"11,03 €/KG","img":"https://fd13-photos.leclercdrive.fr/image.ashx?id=2721370&use=l&cat=p&typeid=i","cat":285869},{"id":137904,"n":"Barre de céréales Grainea 126g","p":1.39,"u":"11,03 €/KG","img":"https://fd13-photos.leclercdrive.fr/image.ashx?id=2724598&use=l&cat=p&typeid=i","cat":285869},{"id":137907,"n":"Compote Douceur du Verger Coupelle pomme mangue - 4x100g","p":1.45,"u":"3,63 €/KG","img":"https://fd13-photos.leclercdrive.fr/image.ashx?id=2663548&use=l&cat=p&typeid=i","cat":284508},{"id":137918,"n":"Spécial 5 plantes relaxation Pagès Bio - 20 sachets - 30g","p":2.57,"u":"85,67 €/KG","img":"https://fd13-photos.leclercdrive.fr/image.ashx?id=2948003&use=l&cat=p&typeid=i","cat":293234},{"id":137957,"n":"Maïs ultra croquant D'Aucy 285g","p":1.06,"u":"3,72 €/KG","img":"https://fd13-photos.leclercdrive.fr/image.ashx?id=2380454&use=l&cat=p&typeid=i","cat":312611},{"id":137958,"n":"Cocktail Venezzio Spritz Orange Sans alcool - 4x20cl","p":4.3,"u":"5,38 €/L","img":"https://fd13-photos.leclercdrive.fr/image.ashx?id=2896528&use=l&cat=p&typeid=i","cat":284913},{"id":137971,"n":"Carottes rapées à la Ciboulette Pierre Martinet - 510g","p":2.0,"u":"3,92 €/KG","img":"https://fd13-photos.leclercdrive.fr/image.ashx?id=2990532&use=l&cat=p&typeid=i","cat":333657},{"id":137984,"n":"Gratte éponge Spontex Performance - x6","p":4.54,"u":"0,76 €/P","img":"https://fd13-photos.leclercdrive.fr/image.ashx?id=2673205&use=l&cat=p&typeid=i","cat":284667},{"id":137987,"n":"Café dosettes Tassimo Maxwell House - cappuccino x8","p":5.97,"u":"28,70 €/KG","img":"https://fd13-photos.leclercdrive.fr/image.ashx?id=2154815&use=l&cat=p&typeid=i","cat":293240},{"id":138003,"n":"Mini BN fraise 2+1 offert - 525g","p":3.59,"u":"6,84 €/KG","img":"https://fd13-photos.leclercdrive.fr/image.ashx?id=2604500&use=l&cat=p&typeid=i","cat":284489},{"id":138035,"n":"Thé vert earl grey bio Pagès - 20 sachets","p":2.65,"u":"73,61 €/KG","img":"https://fd13-photos.leclercdrive.fr/image.ashx?id=2751099&use=l&cat=p&typeid=i","cat":293233},{"id":138083,"n":"Bière blonde Bellerose IPA 75 cl - 6.5%vol","p":4.19,"u":"5,59 €/L","img":"https://fd13-photos.leclercdrive.fr/image.ashx?id=2672416&use=l&cat=p&typeid=i","cat":334872},{"id":138193,"n":"Fromage blanc bébé Blédina 6m Vanille - 4x100g","p":2.95,"u":"7,38 €/KG","img":"https://fd13-photos.leclercdrive.fr/image.ashx?id=2636817&use=l&cat=p&typeid=i","cat":312392},{"id":138199,"n":"Repas bébé Blédichef 15 mois  Colombo de riz poisson - 250g","p":1.93,"u":"7,72 €/KG","img":"https://fd13-photos.leclercdrive.fr/image.ashx?id=2951599&use=l&cat=p&typeid=i","cat":312238},{"id":138298,"n":"Gratte éponge + Microfibre Spontex x6","p":4.5,"u":"0,75 €/P","img":"https://fd13-photos.leclercdrive.fr/image.ashx?id=2673208&use=l&cat=p&typeid=i","cat":284667},{"id":138306,"n":"Gratin de choux fleurs jambon Fleury Michon - Lot 2+1 - 840g","p":5.47,"u":"6,51 €/KG","img":"https://fd13-photos.leclercdrive.fr/image.ashx?id=2047445&use=l&cat=p&typeid=i","cat":333665},{"id":138320,"n":"FROMAGE BLANC NATURE AU LAIT  DE BREBIS 4X100g SOIGNON","p":2.95,"u":"7,38 €/KG","img":"https://fd13-photos.leclercdrive.fr/image.ashx?id=2948129&use=l&cat=p&typeid=i","cat":314998},{"id":138467,"n":"Saumon fumé Guyader Norvège - 4 tranches - 140g","p":6.71,"u":"47,93 €/KG","img":"https://fd13-photos.leclercdrive.fr/image.ashx?id=2586906&use=l&cat=p&typeid=i","cat":285188},{"id":138537,"n":"Coloration Casting Crème Gloss  400 Châtain Craquant","p":8.61,"img":"https://fd13-photos.leclercdrive.fr/image.ashx?id=2869080&use=l&cat=p&typeid=i","cat":288899},{"id":138621,"n":"Whisky Togouchi Beer C. Finish 40% - 70cl","p":42.9,"u":"61,29 €/L","img":"https://fd13-photos.leclercdrive.fr/image.ashx?id=2966764&use=l&cat=p&typeid=i","cat":284547},{"id":138669,"n":"Masque reconstructeur Elsève Dream Long Cheveu Abîmé - 310ml","p":5.18,"u":"16,71 €/L","img":"https://fd13-photos.leclercdrive.fr/image.ashx?id=2278139&use=l&cat=p&typeid=i","cat":284608},{"id":139905,"n":"Oeufs au sol Eco+ x10","p":1.78,"u":"0,18 €/P","img":"https://fd13-photos.leclercdrive.fr/image.ashx?id=2708856&use=l&cat=p&typeid=i","cat":284378},{"id":141162,"n":"Fond de veau Maggi 110g","p":2.54,"u":"23,09 €/KG","img":"https://fd13-photos.leclercdrive.fr/image.ashx?id=2917546&use=l&cat=p&typeid=i","cat":288379},{"id":141605,"n":"Roller Puressentiel Articulation&muscle (14 huiles)","p":8.99,"u":"119,87 €/L","img":"https://fd13-photos.leclercdrive.fr/image.ashx?id=2988535&use=l&cat=p&typeid=i","cat":298633},{"id":141607,"n":"Compléments alimentaires Luxéol 3en1 - x90 gélules","p":29.89,"u":"0,33 €/P","img":"https://fd13-photos.leclercdrive.fr/image.ashx?id=2922542&use=l&cat=p&typeid=i","cat":301266},{"id":141608,"n":"Spray assainissant Puressentiel 41 huiles essentielles - 500ml","p":27.89,"u":"55,78 €/L","img":"https://fd13-photos.leclercdrive.fr/image.ashx?id=2988529&use=l&cat=p&typeid=i","cat":298633},{"id":141617,"n":"Liftactiv Collagen Vichy Specialist crême anti-âge -50ml","p":34.0,"u":"680,00 €/L","img":"https://fd13-photos.leclercdrive.fr/image.ashx?id=2015684&use=l&cat=p&typeid=i","cat":291168},{"id":141622,"n":"Spray assainissant Puressentiel 41 huiles essentielles - 75ml","p":8.89,"u":"118,53 €/L","img":"https://fd13-photos.leclercdrive.fr/image.ashx?id=2003536&use=l&cat=p&typeid=i","cat":298633},{"id":141625,"n":"Gelée royale Forte pharma 1000mg lot 2x20 ampoules 15ml","p":13.99,"img":"https://fd13-photos.leclercdrive.fr/image.ashx?id=2003773&use=l&cat=p&typeid=i","cat":301264},{"id":141630,"n":"Eau oxygénée Lab. Gilbert Eau stabilisée 10 vol. - 250ml","p":2.69,"u":"10,76 €/L","img":"https://fd13-photos.leclercdrive.fr/image.ashx?id=2057194&use=l&cat=p&typeid=i","cat":291163},{"id":141631,"n":"Antibactérien Puressentiel Spray mains & surfaces - 250ml","p":5.73,"u":"22,92 €/L","img":"https://fd13-photos.leclercdrive.fr/image.ashx?id=2988617&use=l&cat=p&typeid=i","cat":298633},{"id":141632,"n":"Xémose crème Uriage Relipidante Anti-irritations - 400ml","p":15.41,"u":"38,53 €/L","img":"https://fd13-photos.leclercdrive.fr/image.ashx?id=2966740&use=l&cat=p&typeid=i","cat":290421},{"id":141636,"n":"Dentifrice Bi-Fluor‚ Fluocaril Dentifrice Blancheur - 2x75ml","p":4.99,"pp":3.74,"u":"24,93 €/L","img":"https://fd13-photos.leclercdrive.fr/image.ashx?id=2770614&use=l&cat=p&typeid=i","cat":290419},{"id":141638,"n":"Huile essentielle Puressentiel Eucalyptus radié Bio - 10 ml","p":3.19,"u":"319,00 €/L","img":"https://fd13-photos.leclercdrive.fr/image.ashx?id=2003626&use=l&cat=p&typeid=i","cat":298633},{"id":141641,"n":"Xémose baume 500ml Uriage Oléo apaisant anti-grattage","p":16.0,"u":"32,00 €/L","img":"https://fd13-photos.leclercdrive.fr/image.ashx?id=2966743&use=l&cat=p&typeid=i","cat":290421},{"id":141644,"n":"Dentifrice Sensodyne Soin Complet bitube - 2x75ml","p":6.45,"u":"43,00 €/L","img":"https://fd13-photos.leclercdrive.fr/image.ashx?id=2868512&use=l&cat=p&typeid=i","cat":290419},{"id":141645,"n":"Dentifrice Bi-Fluor‚ Fluocaril Dentifrice gencives 2x75ml","p":4.99,"pp":3.74,"u":"24,93 €/L","img":"https://fd13-photos.leclercdrive.fr/image.ashx?id=2206988&use=l&cat=p&typeid=i","cat":290419},{"id":141649,"n":"Vitamine C Nutrisanté 500mg 24 comprimés effervescents","p":3.77,"u":"0,16 €/P","img":"https://fd13-photos.leclercdrive.fr/image.ashx?id=2963328&use=l&cat=p&typeid=i","cat":301264},{"id":141650,"n":"Inhaleur Puressentiel 19 huiles essentielles - 1ml","p":3.79,"img":"https://fd13-photos.leclercdrive.fr/image.ashx?id=2538755&use=l&cat=p&typeid=i","cat":301256},{"id":141651,"n":"Lingettes quotidiennes Hydralin Le paquet de 10 lingettes","p":2.5,"u":"0,25 €/P","img":"https://fd13-photos.leclercdrive.fr/image.ashx?id=2003527&use=l&cat=p&typeid=i","cat":328622},{"id":141659,"n":"Baume intensif Atoderm Bioderma 500ml","p":16.3,"u":"32,60 €/L","img":"https://fd13-photos.leclercdrive.fr/image.ashx?id=2979938&use=l&cat=p&typeid=i","cat":290421},{"id":141667,"n":"Arkorelax Sommeil Fort 8h La boîte de 30 comprimés","p":14.69,"u":"0,49 €/P","img":"https://fd13-photos.leclercdrive.fr/image.ashx?id=2780475&use=l&cat=p&typeid=i","cat":301265},{"id":141668,"n":"Sommeil fort Arkopharma La boîte de 15 comprimés","p":9.79,"u":"0,65 €/P","img":"https://fd13-photos.leclercdrive.fr/image.ashx?id=2551324&use=l&cat=p&typeid=i","cat":301265},{"id":141669,"n":"Baume Atoderm Bioderma 500ml","p":16.96,"u":"33,92 €/L","img":"https://fd13-photos.leclercdrive.fr/image.ashx?id=2981115&use=l&cat=p&typeid=i","cat":290421},{"id":141670,"n":"Manha pré-ménopause La boîte de 120 capsules","p":30.99,"u":"0,26 €/P","img":"https://fd13-photos.leclercdrive.fr/image.ashx?id=2743349&use=l&cat=p&typeid=i","cat":301264},{"id":141672,"n":"D-stress 80 comprimés","p":9.89,"u":"0,12 €/P","img":"https://fd13-photos.leclercdrive.fr/image.ashx?id=2003608&use=l&cat=p&typeid=i","cat":301265},{"id":141674,"n":"Menthe poivrée bio Puressentiel Huile essentielle - 10 ml","p":3.99,"pp":3.19,"u":"319,00 €/L","img":"https://fd13-photos.leclercdrive.fr/image.ashx?id=2988544&use=l&cat=p&typeid=i","cat":298633},{"id":141676,"n":"Lavande vraie bio Puressentiel Huile essentielle - 10 ml","p":5.25,"u":"525,00 €/L","img":"https://fd13-photos.leclercdrive.fr/image.ashx?id=2988540&use=l&cat=p&typeid=i","cat":298633},{"id":141677,"n":"Brûleur de graisses Anaca 3 La boîte de 120 gélules","p":27.89,"u":"0,23 €/P","img":"https://fd13-photos.leclercdrive.fr/image.ashx?id=2650717&use=l&cat=p&typeid=i","cat":301267},{"id":141678,"n":"Huile essentielle Puressentiel Arbre à the Bio - 10 ml","p":4.21,"u":"421,00 €/L","img":"https://fd13-photos.leclercdrive.fr/image.ashx?id=2003620&use=l&cat=p&typeid=i","cat":298633},{"id":141684,"n":"Huile essentielle Puressentiel Citron Bio - 10 ml","p":3.19,"u":"319,00 €/L","img":"https://fd13-photos.leclercdrive.fr/image.ashx?id=2003623&use=l&cat=p&typeid=i","cat":298633},{"id":141692,"n":"Azinc Arkopharma La boîte de 120 gélules","p":10.58,"u":"0,09 €/P","img":"https://fd13-photos.leclercdrive.fr/image.ashx?id=2986506&use=l&cat=p&typeid=i","cat":301264},{"id":141693,"n":"Dentifrice Bi-Fluor‚ Fluocaril Dents sensibles 2x75ml","p":5.99,"pp":4.49,"u":"29,93 €/L","img":"https://fd13-photos.leclercdrive.fr/image.ashx?id=2206985&use=l&cat=p&typeid=i","cat":290419},{"id":141696,"n":"Ultrabiotique Nutrisanté La boîte de 90 gélules","p":19.99,"u":"0,22 €/P","img":"https://fd13-photos.leclercdrive.fr/image.ashx?id=2415341&use=l&cat=p&typeid=i","cat":301268},{"id":141697,"n":"Ultrabiotique Nutrisanté La boîte de 30 gélules","p":9.95,"u":"829,17 €/KG","img":"https://fd13-photos.leclercdrive.fr/image.ashx?id=2003713&use=l&cat=p&typeid=i","cat":301268},{"id":141702,"n":"Pâte argile verte Cattier Prête à l'emploi - 400g","p":6.5,"u":"16,25 €/KG","img":"https://fd13-photos.leclercdrive.fr/image.ashx?id=2775953&use=l&cat=p&typeid=i","cat":291165},{"id":141703,"n":"Huile lavante Uriage Flacon pompe - 1L","p":10.18,"u":"10,18 €/L","img":"https://fd13-photos.leclercdrive.fr/image.ashx?id=2768234&use=l&cat=p&typeid=i","cat":301591},{"id":141705,"n":"D-stress booster La boîte de 20 sticks","p":10.99,"u":"0,55 €/P","img":"https://fd13-photos.leclercdrive.fr/image.ashx?id=2652263&use=l&cat=p&typeid=i","cat":301265},{"id":141709,"n":"Huile Grenade Weleda Régénératrice - 100ml","p":17.34,"u":"173,40 €/L","img":"https://fd13-photos.leclercdrive.fr/image.ashx?id=2505124&use=l&cat=p&typeid=i","cat":290422},{"id":141710,"n":"Soin ultra-hydratant Saforelle Le flacon de 250ml","p":6.49,"u":"25,96 €/L","img":"https://fd13-photos.leclercdrive.fr/image.ashx?id=2003779&use=l&cat=p&typeid=i","cat":301348},{"id":141711,"n":"Huile de massage Arnica Weleda Le flacon de 100ml","p":10.89,"u":"108,90 €/L","img":"https://fd13-photos.leclercdrive.fr/image.ashx?id=2924056&use=l&cat=p&typeid=i","cat":290422},{"id":141712,"n":"Huile de massage Arnica Weleda Le flacon de 200ml","p":14.8,"u":"74,00 €/L","img":"https://fd13-photos.leclercdrive.fr/image.ashx?id=2990754&use=l&cat=p&typeid=i","cat":290422},{"id":141713,"n":"Vaseline Laboratoires Gilbert Flacon - 100ml","p":2.5,"u":"25,00 €/L","img":"https://fd13-photos.leclercdrive.fr/image.ashx?id=2057191&use=l&cat=p&typeid=i","cat":290405},{"id":141721,"n":"Alcool modifié 70% Gilbert 250ml","p":2.24,"u":"8,96 €/L","img":"https://fd13-photos.leclercdrive.fr/image.ashx?id=2087421&use=l&cat=p&typeid=i","cat":291163},{"id":141722,"n":"Bain de Bouche Parodontax Le flacon de 500ml","p":5.46,"u":"10,92 €/L","img":"https://fd13-photos.leclercdrive.fr/image.ashx?id=2536948&use=l&cat=p&typeid=i","cat":284613},{"id":141723,"n":"Soin lavant doux Saforelle Eco recharge 400ml","p":7.39,"u":"18,48 €/L","img":"https://fd13-photos.leclercdrive.fr/image.ashx?id=2003617&use=l&cat=p&typeid=i","cat":301348},{"id":141724,"n":"Soin lavant doux Saforelle Le flacon de 100ml","p":3.09,"u":"30,90 €/L","img":"https://fd13-photos.leclercdrive.fr/image.ashx?id=2003563&use=l&cat=p&typeid=i","cat":301348},{"id":141725,"n":"Soin lavant doux Saforelle Le flacon de 250ml","p":5.99,"u":"23,96 €/L","img":"https://fd13-photos.leclercdrive.fr/image.ashx?id=2003560&use=l&cat=p&typeid=i","cat":301348},{"id":141726,"n":"Soin Quotidien Hydralin Le flacon de 200ml","p":6.2,"u":"31,00 €/L","img":"https://fd13-photos.leclercdrive.fr/image.ashx?id=2905435&use=l&cat=p&typeid=i","cat":301348},{"id":141728,"n":"Hygiène du nez Sterimar 100ml","p":4.9,"u":"49,00 €/L","img":"https://fd13-photos.leclercdrive.fr/image.ashx?id=2733784&use=l&cat=p&typeid=i","cat":301256},{"id":141730,"n":"Nez bouché Sterimar Hypertonique - 100ml","p":5.9,"u":"59,00 €/L","img":"https://fd13-photos.leclercdrive.fr/image.ashx?id=2733787&use=l&cat=p&typeid=i","cat":301256},{"id":141737,"n":"Huile de soin Bi Oil 200ml","p":23.89,"u":"119,45 €/L","img":"https://fd13-photos.leclercdrive.fr/image.ashx?id=2944969&use=l&cat=p&typeid=i","cat":291159},{"id":141741,"n":"Soin lavant doux duo Saforelle Le lot de 2x250ml","p":10.34,"u":"20,68 €/L","img":"https://fd13-photos.leclercdrive.fr/image.ashx?id=2583407&use=l&cat=p&typeid=i","cat":301348},{"id":141743,"n":"Soin Quotidien Hydralin Le lot de 2x200ml","p":10.49,"u":"26,23 €/L","img":"https://fd13-photos.leclercdrive.fr/image.ashx?id=2905736&use=l&cat=p&typeid=i","cat":301348},{"id":141746,"n":"Dentifrice blancheur Parodontax Le lot de 2x75ml","p":6.95,"u":"46,33 €/L","img":"https://fd13-photos.leclercdrive.fr/image.ashx?id=2536966&use=l&cat=p&typeid=i","cat":290419},{"id":141747,"n":"Bicarbonate de sodium Gilbert BoÏte - 250g","p":1.9,"u":"7,60 €/KG","img":"https://fd13-photos.leclercdrive.fr/image.ashx?id=2087415&use=l&cat=p&typeid=i","cat":291163},{"id":141750,"n":"Aromaforce spray nasal bio Spray - 15ml","p":5.89,"u":"392,67 €/L","img":"https://fd13-photos.leclercdrive.fr/image.ashx?id=2057824&use=l&cat=p&typeid=i","cat":301256},{"id":141754,"n":"Gel Arnican Cooper Choc, coup, chute  - 50g","p":2.99,"u":"59,80 €/KG","img":"https://fd13-photos.leclercdrive.fr/image.ashx?id=2003545&use=l&cat=p&typeid=i","cat":291163},{"id":141757,"n":"Gel vaginal Mucogyne Le tube de 40ml","p":9.49,"u":"237,25 €/L","img":"https://fd13-photos.leclercdrive.fr/image.ashx?id=2913298&use=l&cat=p&typeid=i","cat":328622},{"id":141758,"n":"Gel dentifrice Gum Paroex 75ml","p":2.59,"u":"34,53 €/L","img":"https://fd13-photos.leclercdrive.fr/image.ashx?id=2827833&use=l&cat=p&typeid=i","cat":290419},{"id":141761,"n":"Baume du tigre rouge Le pot de 19g","p":6.7,"u":"352,63 €/KG","img":"https://fd13-photos.leclercdrive.fr/image.ashx?id=2489968&use=l&cat=p&typeid=i","cat":290421},{"id":141762,"n":"Baume du tigre rouge Le pot de 30g","p":10.77,"u":"359,00 €/KG","img":"https://fd13-photos.leclercdrive.fr/image.ashx?id=2489971&use=l&cat=p&typeid=i","cat":290421},{"id":141764,"n":"Densitium Bi-sérum SVR 2 x 15ml","p":39.0,"img":"https://fd13-photos.leclercdrive.fr/image.ashx?id=2359474&use=l&cat=p&typeid=i","cat":291168},{"id":141769,"n":"Papier d'Arménie à la Rose Le carnet","p":4.06,"img":"https://fd13-photos.leclercdrive.fr/image.ashx?id=2057041&use=l&cat=p&typeid=i","cat":298633},{"id":141773,"n":"Rescue nuit spray Fleurs de Bach - 20ml","p":15.36,"u":"768,00 €/L","img":"https://fd13-photos.leclercdrive.fr/image.ashx?id=2003809&use=l&cat=p&typeid=i","cat":298633},{"id":141775,"n":"Rescue spray Fleurs de Bach - 20ml","p":15.36,"u":"768,00 €/L","img":"https://fd13-photos.leclercdrive.fr/image.ashx?id=2003803&use=l&cat=p&typeid=i","cat":298633},{"id":141776,"n":"Papier D'Arménie x30","p":4.15,"img":"https://fd13-photos.leclercdrive.fr/image.ashx?id=2057032&use=l&cat=p&typeid=i","cat":298633},{"id":141809,"n":"Friandise pour chat Dentalife Poulet - 40g","p":1.4,"u":"35,00 €/KG","img":"https://fd13-photos.leclercdrive.fr/image.ashx?id=2424716&use=l&cat=p&typeid=i","cat":285285},{"id":141830,"n":"Thé English breakfast Pagès Bio - 36g","p":2.78,"u":"77,22 €/KG","img":"https://fd13-photos.leclercdrive.fr/image.ashx?id=2751096&use=l&cat=p&typeid=i","cat":293233},{"id":142194,"n":"Couteau à crêpes Homeside 1 pièce","p":1.15,"img":"https://fd13-photos.leclercdrive.fr/image.ashx?id=2017596&use=l&cat=p&typeid=i","cat":334135},{"id":142196,"n":"Fouet Homeside 1 pièce","p":3.69,"img":"https://fd13-photos.leclercdrive.fr/image.ashx?id=2017533&use=l&cat=p&typeid=i","cat":334135},{"id":142197,"n":"Poche à décorer Homeside Avec douilles - 1 pièce","p":2.9,"img":"https://fd13-photos.leclercdrive.fr/image.ashx?id=2017539&use=l&cat=p&typeid=i","cat":334135},{"id":142200,"n":"Planche à découper Homeside 1 pièce","p":4.0,"img":"https://fd13-photos.leclercdrive.fr/image.ashx?id=2017593&use=l&cat=p&typeid=i","cat":334135},{"id":142202,"n":"Tire Bouchon Homeside Limonadier - 1 pièce","p":1.69,"img":"https://fd13-photos.leclercdrive.fr/image.ashx?id=2017518&use=l&cat=p&typeid=i","cat":334135},{"id":142204,"n":"Allume gaz Homeside 1 pièce","p":3.99,"img":"https://fd13-photos.leclercdrive.fr/image.ashx?id=2017554&use=l&cat=p&typeid=i","cat":334135},{"id":142205,"n":"Mini piques brochettes Homeside 1 pièce","p":0.64,"img":"https://fd13-photos.leclercdrive.fr/image.ashx?id=2017503&use=l&cat=p&typeid=i","cat":334135},{"id":142206,"n":"Piques brochettes Homeside 25cm - 1 pièce","p":0.62,"img":"https://fd13-photos.leclercdrive.fr/image.ashx?id=2017500&use=l&cat=p&typeid=i","cat":334135},{"id":142207,"n":"Casse noix/crustacés Homeside 1 pièce","p":4.49,"img":"https://fd13-photos.leclercdrive.fr/image.ashx?id=2017569&use=l&cat=p&typeid=i","cat":334135},{"id":142213,"n":"Gant de cuisine Homeside 1 pièce","p":5.5,"img":"https://fd13-photos.leclercdrive.fr/image.ashx?id=2017566&use=l&cat=p&typeid=i","cat":334135},{"id":142219,"n":"Cure-dents Homeside x2 boîtes","p":1.0,"u":"0,50 €/P","img":"https://fd13-photos.leclercdrive.fr/image.ashx?id=2026331&use=l&cat=p&typeid=i","cat":334135},{"id":142220,"n":"Cuillère à glace Homeside 1 pièce","p":3.99,"img":"https://fd13-photos.leclercdrive.fr/image.ashx?id=2017530&use=l&cat=p&typeid=i","cat":334135},{"id":142222,"n":"Râpe  Homeside 1 pièce","p":2.59,"img":"https://fd13-photos.leclercdrive.fr/image.ashx?id=2017614&use=l&cat=p&typeid=i","cat":334135},{"id":142224,"n":"Thermomètre intérieur Homeside 1 pièce","p":2.89,"img":"https://fd13-photos.leclercdrive.fr/image.ashx?id=2017563&use=l&cat=p&typeid=i","cat":334135},{"id":142228,"n":"Pailles en papier Homeside x24","p":1.05,"u":"0,04 €/P","img":"https://fd13-photos.leclercdrive.fr/image.ashx?id=2017620&use=l&cat=p&typeid=i","cat":334135},{"id":142461,"n":"Arrangé Maison La Mauny Honey - 35% - 70 cl","p":19.67,"u":"28,10 €/L","img":"https://fd13-photos.leclercdrive.fr/image.ashx?id=2172199&use=l&cat=p&typeid=i","cat":284551},{"id":142974,"n":"Filet de maquereaux Pêche Océan Fumé poivre - 150g","p":2.52,"u":"16,80 €/KG","img":"https://fd13-photos.leclercdrive.fr/image.ashx?id=2863051&use=l&cat=p&typeid=i","cat":284342},{"id":142999,"n":"Cassolette saint jacques Tipiak Royale - 2x110g","p":5.89,"u":"26,77 €/KG","img":"https://fd13-photos.leclercdrive.fr/image.ashx?id=2798096&use=l&cat=p&typeid=i","cat":319775},{"id":143001,"n":"Dosettes café Plantation CLassique - x60 - 416g","p":6.09,"u":"14,64 €/KG","img":"https://fd13-photos.leclercdrive.fr/image.ashx?id=2824289&use=l&cat=p&typeid=i","cat":293238},{"id":143023,"n":"Beef-Stick Vitakraft x4 - 48g","p":2.1,"u":"43,75 €/KG","img":"https://fd13-photos.leclercdrive.fr/image.ashx?id=2857686&use=l&cat=p&typeid=i","cat":294527},{"id":143037,"n":"Toast apéro Pasquier Campagne - 100g","p":1.69,"pp":1.18,"u":"11,80 €/KG","img":"https://fd13-photos.leclercdrive.fr/image.ashx?id=2600674&use=l&cat=p&typeid=i","cat":285454},{"id":143344,"n":"Biscottes Eco+ 90 tranches - 750g","p":2.08,"u":"2,77 €/KG","img":"https://fd13-photos.leclercdrive.fr/image.ashx?id=2662580&use=l&cat=p&typeid=i","cat":284479},{"id":143345,"n":"Biscottes Epi d'Or x108 - 900g","p":2.52,"u":"2,80 €/KG","img":"https://fd13-photos.leclercdrive.fr/image.ashx?id=2047895&use=l&cat=p&typeid=i","cat":284479},{"id":143460,"n":"Cassolettes St Jacques Tipiak Crème Sauternes - x2 - 220g","p":5.89,"u":"26,77 €/KG","img":"https://fd13-photos.leclercdrive.fr/image.ashx?id=2030018&use=l&cat=p&typeid=i","cat":319775},{"id":143478,"n":"Dessert liégeois Viennois  Chocolat - 4x100g","p":1.57,"u":"3,93 €/KG","img":"https://fd13-photos.leclercdrive.fr/image.ashx?id=2849689&use=l&cat=p&typeid=i","cat":285042},{"id":143506,"n":"IGP Ail rose de Lautrec  Nos Régions ont du Talent x3","p":4.59,"u":"1,53 €/P","img":"https://fd13-photos.leclercdrive.fr/image.ashx?id=2039599&use=l&cat=p&typeid=i","cat":284352},{"id":143528,"n":"Dessert liégeois Viennois  Panaché Chocolat Café - 8x100g","p":2.88,"u":"3,60 €/KG","img":"https://fd13-photos.leclercdrive.fr/image.ashx?id=2675298&use=l&cat=p&typeid=i","cat":285042},{"id":143602,"n":"Barres de céréales Grainéa Chocolat lait, noisette x6-126g","p":1.63,"u":"12,94 €/KG","img":"https://fd13-photos.leclercdrive.fr/image.ashx?id=2721376&use=l&cat=p&typeid=i","cat":285869},{"id":143603,"n":"Barre de céréales Grainéa Fruits rouges x6 - 126g","p":1.4,"u":"11,11 €/KG","img":"https://fd13-photos.leclercdrive.fr/image.ashx?id=2729296&use=l&cat=p&typeid=i","cat":285869},{"id":143605,"n":"Barre de céréales Chocolat au lait & coco - 126g","p":1.7,"u":"13,49 €/KG","img":"https://fd13-photos.leclercdrive.fr/image.ashx?id=2721373&use=l&cat=p&typeid=i","cat":285869},{"id":143741,"n":"Bloc foie gras canard Larnaudie 50% morceaux - 450g","p":40.9,"u":"128,09 €/KG","img":"https://fd13-photos.leclercdrive.fr/image.ashx?id=2915772&use=l&cat=p&typeid=i","cat":316008},{"id":143812,"n":"Tomates farcies Marie Riz à la tomate - 360g","p":3.79,"u":"10,53 €/KG","img":"https://fd13-photos.leclercdrive.fr/image.ashx?id=2317483&use=l&cat=p&typeid=i","cat":333665},{"id":143857,"n":"Drap housse Tissaia Marine 90x190cm coton bio","p":11.45,"img":"https://fd13-photos.leclercdrive.fr/image.ashx?id=2380340&use=l&cat=p&typeid=i","cat":286694},{"id":143861,"n":"Drap housse Tissaia Marine 140x190cm coton bio","p":15.95,"img":"https://fd13-photos.leclercdrive.fr/image.ashx?id=2380292&use=l&cat=p&typeid=i","cat":286694},{"id":143862,"n":"Drap housse Tissaia Taupe 140x190cm coton bio","p":15.95,"img":"https://fd13-photos.leclercdrive.fr/image.ashx?id=2380295&use=l&cat=p&typeid=i","cat":286694},{"id":143865,"n":"Taie d'oreiller Tissaia Marine 63x63cm coton bio","p":6.45,"img":"https://fd13-photos.leclercdrive.fr/image.ashx?id=2380298&use=l&cat=p&typeid=i","cat":286694},{"id":143866,"n":"Taie d'oreiller Tissaia Taupe 63x63cm coton bio","p":6.45,"img":"https://fd13-photos.leclercdrive.fr/image.ashx?id=2380301&use=l&cat=p&typeid=i","cat":286694},{"id":143869,"n":"Taie d'oreiller Tissaia Marine 50x70cm coton bio","p":6.45,"img":"https://fd13-photos.leclercdrive.fr/image.ashx?id=2380304&use=l&cat=p&typeid=i","cat":286694},{"id":143870,"n":"Taie d'oreiller Tissaia Taupe 50x70cm coton bio","p":6.45,"img":"https://fd13-photos.leclercdrive.fr/image.ashx?id=2380307&use=l&cat=p&typeid=i","cat":286694},{"id":143873,"n":"Taie de traversin Tissaia Marine 185cm coton bio","p":7.45,"img":"https://fd13-photos.leclercdrive.fr/image.ashx?id=2380310&use=l&cat=p&typeid=i","cat":286694},{"id":143874,"n":"Taie de traversin Tissaia Taupe 185cm coton bio","p":7.45,"img":"https://fd13-photos.leclercdrive.fr/image.ashx?id=2380313&use=l&cat=p&typeid=i","cat":286694},{"id":143879,"n":"Drap housse Tissaia Marine 160x200cm coton bio","p":18.45,"img":"https://fd13-photos.leclercdrive.fr/image.ashx?id=2380322&use=l&cat=p&typeid=i","cat":286694},{"id":143880,"n":"Drap housse Tissaia Taupe 160x200cm coton bio","p":18.45,"img":"https://fd13-photos.leclercdrive.fr/image.ashx?id=2380325&use=l&cat=p&typeid=i","cat":286694},{"id":143882,"n":"Drap housse Tissaia Blanc 90x190cm coton bio","p":11.45,"img":"https://fd13-photos.leclercdrive.fr/image.ashx?id=2380328&use=l&cat=p&typeid=i","cat":286694},{"id":143883,"n":"Taie d'oreiller Tissaia Blanc 63x63cm coton bio","p":6.45,"img":"https://fd13-photos.leclercdrive.fr/image.ashx?id=2380331&use=l&cat=p&typeid=i","cat":286694},{"id":143884,"n":"Drap housse Tissaia Blanc 160x200cm coton bio","p":18.45,"img":"https://fd13-photos.leclercdrive.fr/image.ashx?id=2380334&use=l&cat=p&typeid=i","cat":286694},{"id":143885,"n":"Taie d'oreiller Tissaia Blanc 70x50cm coton bio","p":6.45,"img":"https://fd13-photos.leclercdrive.fr/image.ashx?id=2380337&use=l&cat=p&typeid=i","cat":286694},{"id":143888,"n":"Drap housse Tissaia Gris 90x190 cm coton bio","p":11.45,"img":"https://fd13-photos.leclercdrive.fr/image.ashx?id=2380268&use=l&cat=p&typeid=i","cat":286694},{"id":143900,"n":"Taie d'oreiller Tissaia Gris 63x63 cm coton bio","p":6.45,"img":"https://fd13-photos.leclercdrive.fr/image.ashx?id=2380259&use=l&cat=p&typeid=i","cat":286694},{"id":143906,"n":"Drap housse Tissaia Gris 160x200 cm coton bio","p":18.45,"img":"https://fd13-photos.leclercdrive.fr/image.ashx?id=2380262&use=l&cat=p&typeid=i","cat":286694},{"id":143910,"n":"Drap housse Tissaia Gris 140x190 cm coton bio","p":15.95,"img":"https://fd13-photos.leclercdrive.fr/image.ashx?id=2380265&use=l&cat=p&typeid=i","cat":286694},{"id":144422,"n":"Lot toast ronds Jacquet Nature - 2x250g","p":2.24,"u":"4,48 €/KG","img":"https://fd13-photos.leclercdrive.fr/image.ashx?id=2741343&use=l&cat=p&typeid=i","cat":285454},{"id":144475,"n":"Compote Charles & Alice Pommes - 8x100g","p":2.71,"u":"3,39 €/KG","img":"https://fd13-photos.leclercdrive.fr/image.ashx?id=2757689&use=l&cat=p&typeid=i","cat":284416},{"id":144636,"n":"Boisson énergisante Monster Energy Pacific Punch - 50CL","p":1.69,"u":"3,38 €/L","img":"https://fd13-photos.leclercdrive.fr/image.ashx?id=2148407&use=l&cat=p&typeid=i","cat":284533},{"id":144649,"n":"Rillettes saumon Cap Océan ASC Echalote - 140g","p":2.57,"u":"18,36 €/KG","img":"https://fd13-photos.leclercdrive.fr/image.ashx?id=2938773&use=l&cat=p&typeid=i","cat":285191},{"id":144773,"n":"Yaourt ferments lactiques Alsa 4 sachets - 8g","p":2.76,"u":"345,00 €/KG","img":"https://fd13-photos.leclercdrive.fr/image.ashx?id=2813875&use=l&cat=p&typeid=i","cat":284505},{"id":144781,"n":"Pizza XXL Turini Boeuf Cheddar - 530g","p":4.19,"u":"7,91 €/KG","img":"https://fd13-photos.leclercdrive.fr/image.ashx?id=2034543&use=l&cat=p&typeid=i","cat":333679},{"id":144784,"n":"Pizza XXL Turini Jambon Fromage - 550g","p":3.79,"u":"6,89 €/KG","img":"https://fd13-photos.leclercdrive.fr/image.ashx?id=2609604&use=l&cat=p&typeid=i","cat":333679},{"id":144834,"n":"Dosettes café Plantation  Corsé - x60 - 417g","p":5.79,"u":"13,88 €/KG","img":"https://fd13-photos.leclercdrive.fr/image.ashx?id=2824292&use=l&cat=p&typeid=i","cat":293238},{"id":144845,"n":"Lait Empresuré chocolat Laiterie de Saint Malo 4x125g","p":2.05,"u":"4,10 €/KG","img":"https://fd13-photos.leclercdrive.fr/image.ashx?id=2908612&use=l&cat=p&typeid=i","cat":285041},{"id":144860,"n":"Bière ambrée Goudale 7.2% - 33cl","p":1.34,"u":"4,06 €/L","img":"https://fd13-photos.leclercdrive.fr/image.ashx?id=2039419&use=l&cat=p&typeid=i","cat":334852},{"id":144865,"n":"Bière La Goudale IPA 7.2% - 75cl","p":4.18,"u":"5,57 €/L","img":"https://fd13-photos.leclercdrive.fr/image.ashx?id=2892589&use=l&cat=p&typeid=i","cat":334872},{"id":144889,"n":"Whisky Aberlour White Oak 40% - 70cl","p":28.95,"u":"41,36 €/L","img":"https://fd13-photos.leclercdrive.fr/image.ashx?id=2998997&use=l&cat=p&typeid=i","cat":284547},{"id":144890,"n":"Whisky Aberlour 14 ans Single Malt Scotch 40% vol 70cl","p":43.03,"u":"61,47 €/L","img":"https://fd13-photos.leclercdrive.fr/image.ashx?id=2878297&use=l&cat=p&typeid=i","cat":284547},{"id":144892,"n":"Whisky Connemara 40% - 70cl","p":34.09,"u":"48,70 €/L","img":"https://fd13-photos.leclercdrive.fr/image.ashx?id=2036578&use=l&cat=p&typeid=i","cat":284547},{"id":144937,"n":"Ampoule LED Philips 40W Flamme E14 - x2","p":12.4,"u":"Dont 0,24 € d'éco-part.","img":"https://fd13-photos.leclercdrive.fr/image.ashx?id=2507485&use=l&cat=p&typeid=i","cat":300573},{"id":144942,"n":"Rhum blanc 3 Rvières 50% - 70cl","p":14.55,"u":"20,79 €/L","img":"https://fd13-photos.leclercdrive.fr/image.ashx?id=2759969&use=l&cat=p&typeid=i","cat":284550},{"id":145115,"n":"Anti-moustiques Labo Marie Rose Répulsif & apaisant 6h - 100ml","p":6.58,"u":"65,80 €/L","img":"https://fd13-photos.leclercdrive.fr/image.ashx?id=2666743&use=l&cat=p&typeid=i","cat":299654},{"id":145120,"n":"Préservatifs Classic Lubrifiés - x14","p":4.64,"img":"https://fd13-photos.leclercdrive.fr/image.ashx?id=2848704&use=l&cat=p&typeid=i","cat":284631},{"id":145121,"n":"Préservatifs Classic Intimy Lubrifiés - x28","p":8.66,"u":"0,31 €/P","img":"https://fd13-photos.leclercdrive.fr/image.ashx?id=2927324&use=l&cat=p&typeid=i","cat":284631},{"id":145130,"n":"Rasoir Gillette Skinguard Sensitive aloé vera - 1 pièce","p":12.95,"img":"https://fd13-photos.leclercdrive.fr/image.ashx?id=2569914&use=l&cat=p&typeid=i","cat":284616},{"id":145209,"n":"Pomme de terre grenailles bio Bio Village - 750g","p":1.99,"u":"2,65 €/KG","img":"https://fd13-photos.leclercdrive.fr/image.ashx?id=2960574&use=l&cat=p&typeid=i","cat":284352},{"id":145231,"n":"Pansement liquide Mercurochrome Crevasses  - 1 pièce","p":7.05,"u":"150,00 €/KG","img":"https://fd13-photos.leclercdrive.fr/image.ashx?id=2537944&use=l&cat=p&typeid=i","cat":284630},{"id":145245,"n":"Pansements Mercurochrome Cors-portection - x12","p":3.24,"u":"0,27 €/P","img":"https://fd13-photos.leclercdrive.fr/image.ashx?id=2785829&use=l&cat=p&typeid=i","cat":284630},{"id":145269,"n":"Feuilletés Tomate Mozzarella Côté Table - 2x130g","p":2.89,"u":"11,12 €/KG","img":"https://fd13-photos.leclercdrive.fr/image.ashx?id=2036278&use=l&cat=p&typeid=i","cat":333671},{"id":145349,"n":"Purée Douceur du Verger Pomme banane - x4 - 400g","p":1.41,"u":"3,53 €/KG","img":"https://fd13-photos.leclercdrive.fr/image.ashx?id=2036728&use=l&cat=p&typeid=i","cat":284416},{"id":145355,"n":"Purée Douceur du Verger Pomme fraise - x4 - 400g","p":1.3,"u":"3,25 €/KG","img":"https://fd13-photos.leclercdrive.fr/image.ashx?id=2036806&use=l&cat=p&typeid=i","cat":284416},{"id":145497,"n":"Lampes Led flamme Philips 4,3W (40W) E14 dépoli - x1","p":6.9,"u":"Dont 0,29 € d'éco-part.","img":"https://fd13-photos.leclercdrive.fr/image.ashx?id=2507446&use=l&cat=p&typeid=i","cat":300573},{"id":145500,"n":"Chips extra croquante Vico 150g","p":1.1,"u":"7,33 €/KG","img":"https://fd13-photos.leclercdrive.fr/image.ashx?id=2917822&use=l&cat=p&typeid=i","cat":284447},{"id":145513,"n":"Fond de veau Kubor Maggi Dégraissé - 100g","p":2.65,"u":"26,50 €/KG","img":"https://fd13-photos.leclercdrive.fr/image.ashx?id=2917540&use=l&cat=p&typeid=i","cat":288379},{"id":145526,"n":"Ampoule Led Flamme Philips 4,5W (40W) E14 dépoli - x1","p":6.9,"u":"Dont 0,29 € d'éco-part.","img":"https://fd13-photos.leclercdrive.fr/image.ashx?id=2507419&use=l&cat=p&typeid=i","cat":300573},{"id":145527,"n":"Ampoule Led Flamme Philips 6,5W (60W) E14 dépoli - x1","p":9.4,"u":"Dont 0,12 € d'éco-part.","img":"https://fd13-photos.leclercdrive.fr/image.ashx?id=2041016&use=l&cat=p&typeid=i","cat":300573},{"id":145528,"n":"Ampoule Led Standard Philips 10.5W (100W) E27 dépoli - x1","p":10.18,"u":"Dont 0,29 € d'éco-part.","img":"https://fd13-photos.leclercdrive.fr/image.ashx?id=2507440&use=l&cat=p&typeid=i","cat":300573},{"id":145531,"n":"Ampoule Led Standard Philips 10.5W (100W) B22 Dépoli - x1","p":9.9,"u":"Dont 0,29 € d'éco-part.","img":"https://fd13-photos.leclercdrive.fr/image.ashx?id=2360287&use=l&cat=p&typeid=i","cat":300573},{"id":145534,"n":"Ampoule Led Standard Philips 10.5W (100W) E27 dépoli - x1","p":9.9,"u":"Dont 0,29 € d'éco-part.","img":"https://fd13-photos.leclercdrive.fr/image.ashx?id=2507479&use=l&cat=p&typeid=i","cat":300573},{"id":145556,"n":"Crêpes Whaou Chocolat cracky - x15 - 480g","p":4.13,"u":"8,60 €/KG","img":"https://fd13-photos.leclercdrive.fr/image.ashx?id=2971032&use=l&cat=p&typeid=i","cat":284494},{"id":145569,"n":"Ampoule Led Standard Philips 8.5W (75W) E27 dépoli - x1","p":8.87,"u":"Dont 0,29 € d'éco-part.","img":"https://fd13-photos.leclercdrive.fr/image.ashx?id=2507413&use=l&cat=p&typeid=i","cat":300573},{"id":145571,"n":"Ampoule Led Standard Philips 8.5W 575W) E27 dépoli - x1","p":9.17,"u":"Dont 0,29 € d'éco-part.","img":"https://fd13-photos.leclercdrive.fr/image.ashx?id=2507437&use=l&cat=p&typeid=i","cat":300573},{"id":145574,"n":"Ampoule Led Standard Philips 7W (60W) B22 dépoli - x1","p":7.67,"u":"Dont 0,29 € d'éco-part.","img":"https://fd13-photos.leclercdrive.fr/image.ashx?id=2041028&use=l&cat=p&typeid=i","cat":300573},{"id":145575,"n":"Ampoule Led Standard Philips 8.5W (75W) B22 dépoli - x1","p":8.9,"u":"Dont 0,29 € d'éco-part.","img":"https://fd13-photos.leclercdrive.fr/image.ashx?id=2507458&use=l&cat=p&typeid=i","cat":300573},{"id":145578,"n":"Ampoule Led Spot Philips 3,5W (35W) GU10 Verre - x1","p":10.7,"u":"Dont 0,58 € d'éco-part.","img":"https://fd13-photos.leclercdrive.fr/image.ashx?id=2360290&use=l&cat=p&typeid=i","cat":300573},{"id":145901,"n":"Film fraîcheur Albal Découpe Facile - 20m","p":1.99,"img":"https://fd13-photos.leclercdrive.fr/image.ashx?id=2551456&use=l&cat=p&typeid=i","cat":334134},{"id":146060,"n":"Gazpacho L'Original Alvalle 1L","p":3.56,"u":"3,56 €/L","img":"https://fd13-photos.leclercdrive.fr/image.ashx?id=2672047&use=l&cat=p&typeid=i","cat":284355},{"id":146366,"n":"Quiche Lorraine Marie Pur beurre - 400g","p":3.13,"u":"7,83 €/KG","img":"https://fd13-photos.leclercdrive.fr/image.ashx?id=2996674&use=l&cat=p&typeid=i","cat":284257},{"id":146389,"n":"Pâte de Yuzu 43g","p":2.73,"u":"63,49 €/KG","img":"https://fd13-photos.leclercdrive.fr/image.ashx?id=2849223&use=l&cat=p&typeid=i","cat":288992},{"id":146412,"n":"Infusion bio Jardin Bio Digestion légère x20 - 30g","p":2.57,"u":"85,67 €/KG","img":"https://fd13-photos.leclercdrive.fr/image.ashx?id=2792603&use=l&cat=p&typeid=i","cat":293234},{"id":146413,"n":"Infusion bio Jardin Bio Détente sommeil x20 - 30g","p":2.42,"u":"80,67 €/KG","img":"https://fd13-photos.leclercdrive.fr/image.ashx?id=3011449&use=l&cat=p&typeid=i","cat":293234},{"id":146414,"n":"Infusion bio Jardin Bio Nuits paisibles x20 - 30g","p":2.46,"u":"82,00 €/KG","img":"https://fd13-photos.leclercdrive.fr/image.ashx?id=2792612&use=l&cat=p&typeid=i","cat":293234},{"id":146415,"n":"Infusion Jardin Bio Bio digestion - x20 - 30g","p":2.53,"u":"84,33 €/KG","img":"https://fd13-photos.leclercdrive.fr/image.ashx?id=2792615&use=l&cat=p&typeid=i","cat":293234},{"id":146417,"n":"Infusion Jardin Bio Bio Thym citron - 30g - x20","p":2.6,"u":"86,67 €/KG","img":"https://fd13-photos.leclercdrive.fr/image.ashx?id=2792621&use=l&cat=p&typeid=i","cat":293234},{"id":146419,"n":"Infusion Jardin Bio Bio bruleur de graisse x20 -30g","p":2.55,"u":"85,00 €/KG","img":"https://fd13-photos.leclercdrive.fr/image.ashx?id=2968322&use=l&cat=p&typeid=i","cat":293234},{"id":146421,"n":"Infusion Jardin Bio Bio detox - x20 - 30g","p":2.69,"u":"89,67 €/KG","img":"https://fd13-photos.leclercdrive.fr/image.ashx?id=2792630&use=l&cat=p&typeid=i","cat":293234},{"id":146422,"n":"Thé vert Jardin Bio Bio minceur - x20 - 30g","p":2.45,"u":"81,67 €/KG","img":"https://fd13-photos.leclercdrive.fr/image.ashx?id=2948066&use=l&cat=p&typeid=i","cat":293233},{"id":146425,"n":"Thé Jardin Bio Bio détox - x20 - 30g","p":2.54,"u":"84,67 €/KG","img":"https://fd13-photos.leclercdrive.fr/image.ashx?id=2578205&use=l&cat=p&typeid=i","cat":293233},{"id":146426,"n":"Thé vert bio Jardin Bio Gingembre citron vert x20 - 30g","p":2.59,"u":"86,33 €/KG","img":"https://fd13-photos.leclercdrive.fr/image.ashx?id=3011452&use=l&cat=p&typeid=i","cat":293233},{"id":146494,"n":"Ramen Kimchi Tanoshi 360g","p":2.93,"u":"8,14 €/KG","img":"https://fd13-photos.leclercdrive.fr/image.ashx?id=2046741&use=l&cat=p&typeid=i","cat":288992},{"id":146499,"n":"Ramen Bulgogi Tanoshi 366g","p":2.99,"u":"8,17 €/KG","img":"https://fd13-photos.leclercdrive.fr/image.ashx?id=2922998&use=l&cat=p&typeid=i","cat":288992},{"id":146739,"n":"Maïs Bonduelle Sans Résidu Pesticides - 3x140g","p":2.35,"u":"5,60 €/KG","img":"https://fd13-photos.leclercdrive.fr/image.ashx?id=2913133&use=l&cat=p&typeid=i","cat":312611},{"id":146916,"n":"Préparation alsa Crème Pâtissière - 390g","p":2.85,"u":"7,31 €/KG","img":"https://fd13-photos.leclercdrive.fr/image.ashx?id=3007990&use=l&cat=p&typeid=i","cat":284505},{"id":146929,"n":"Piles rechargeables Duracell 750mAH AAA/LR03 - x4","p":13.99,"u":"3,50 €/P","img":"https://fd13-photos.leclercdrive.fr/image.ashx?id=2429488&use=l&cat=p&typeid=i","cat":300572},{"id":147002,"n":"Feuilleté de Mousse La Laitière Chocolat - 4x57g","p":1.69,"u":"7,41 €/KG","img":"https://fd13-photos.leclercdrive.fr/image.ashx?id=2858594&use=l&cat=p&typeid=i","cat":284417},{"id":147003,"n":"Feuilleté de Mousse La Laitière Vanille - 4x57g","p":1.72,"u":"7,54 €/KG","img":"https://fd13-photos.leclercdrive.fr/image.ashx?id=2764511&use=l&cat=p&typeid=i","cat":284417},{"id":147017,"n":"Kit tortilla Old El Paso Pocket - 375g","p":4.79,"u":"12,77 €/KG","img":"https://fd13-photos.leclercdrive.fr/image.ashx?id=2596970&use=l&cat=p&typeid=i","cat":288993},{"id":147076,"n":"Bouillon Cube Maggi Volaille - 80g","p":0.88,"u":"11,00 €/KG","img":"https://fd13-photos.leclercdrive.fr/image.ashx?id=2737036&use=l&cat=p&typeid=i","cat":288379},{"id":147119,"n":"Lave glace Tech 9 -20°C - 5L","p":5.99,"u":"1,20 €/L","img":"https://fd13-photos.leclercdrive.fr/image.ashx?id=2054896&use=l&cat=p&typeid=i","cat":298252},{"id":147141,"n":"Xtrem Box Sodebo Radiatori Lardons Raclette 400g","p":3.5,"u":"8,75 €/KG","img":"https://fd13-photos.leclercdrive.fr/image.ashx?id=2631594&use=l&cat=p&typeid=i","cat":334983},{"id":147191,"n":"Filet  poulet jaune Maitre Coq Nurri au maïs x2 - 480g","p":6.32,"u":"13,17 €/KG","img":"https://fd13-photos.leclercdrive.fr/image.ashx?id=2855148&use=l&cat=p&typeid=i","cat":284336},{"id":147194,"n":"Haut de cuisse Maitre Coq Poulet blanc nourri au blé 750g","p":4.18,"u":"5,57 €/KG","img":"https://fd13-photos.leclercdrive.fr/image.ashx?id=2855882&use=l&cat=p&typeid=i","cat":284336},{"id":147196,"n":"Pilon de poulet Maitre Coq Blanc - Nourri au blé - 750g","p":4.18,"u":"5,57 €/KG","img":"https://fd13-photos.leclercdrive.fr/image.ashx?id=2855522&use=l&cat=p&typeid=i","cat":284336},{"id":147202,"n":"Haut de cuisse jaune Maitre Coq Poulet -nourri au maïs - 750g","p":4.27,"u":"5,69 €/KG","img":"https://fd13-photos.leclercdrive.fr/image.ashx?id=2855519&use=l&cat=p&typeid=i","cat":284336},{"id":147203,"n":"Pilon de poulet Maitre Coq Jaune - nourri au maïs - 750g","p":4.27,"u":"5,69 €/KG","img":"https://fd13-photos.leclercdrive.fr/image.ashx?id=2855525&use=l&cat=p&typeid=i","cat":284336},{"id":147224,"n":"Capsules Nescafé Dolce Gusto  Espresso - x30","p":7.57,"u":"45,88 €/KG","img":"https://fd13-photos.leclercdrive.fr/image.ashx?id=2737105&use=l&cat=p&typeid=i","cat":293239},{"id":147237,"n":"Compote Douceur du Verger    Bocal pomme morceaux - 730g","p":1.74,"u":"2,38 €/KG","img":"https://fd13-photos.leclercdrive.fr/image.ashx?id=2663563&use=l&cat=p&typeid=i","cat":284508},{"id":147248,"n":"Muesli  Grainea chocolat Noisette 350g","p":2.84,"u":"8,11 €/KG","img":"https://fd13-photos.leclercdrive.fr/image.ashx?id=2077358&use=l&cat=p&typeid=i","cat":309512},{"id":147250,"n":"Préparation Flan Entremets alsa Vanille - 192g","p":1.44,"u":"7,50 €/KG","img":"https://fd13-photos.leclercdrive.fr/image.ashx?id=2805117&use=l&cat=p&typeid=i","cat":284504},{"id":147254,"n":"Confiture Eco+ Fraise - 450g","p":1.14,"u":"2,53 €/KG","img":"https://fd13-photos.leclercdrive.fr/image.ashx?id=2721346&use=l&cat=p&typeid=i","cat":284480},{"id":147262,"n":"Edulcorant Purevia Spécial Pâtisserie - 380g","p":4.41,"u":"11,61 €/KG","img":"https://fd13-photos.leclercdrive.fr/image.ashx?id=2417306&use=l&cat=p&typeid=i","cat":324846},{"id":147296,"n":"Gourde Bio Village - 6 mois Bio - 6x90g","p":4.39,"u":"8,13 €/KG","img":"https://fd13-photos.leclercdrive.fr/image.ashx?id=2704879&use=l&cat=p&typeid=i","cat":312393},{"id":147420,"n":"Knacks d'Alsace  L'Atelier Charcuterie - 300g","p":3.8,"u":"12,67 €/KG","img":"https://fd13-photos.leclercdrive.fr/image.ashx?id=2363622&use=l&cat=p&typeid=i","cat":316012},{"id":147424,"n":"Saucisse de Montbéliard à cuire L'Atelier Charcuterie - 2x150g","p":4.49,"u":"14,97 €/KG","img":"https://fd13-photos.leclercdrive.fr/image.ashx?id=2069973&use=l&cat=p&typeid=i","cat":316012},{"id":147438,"n":"Tablette chocolat Milka Chocolat au lait - 5x100g","p":7.46,"u":"14,92 €/KG","img":"https://fd13-photos.leclercdrive.fr/image.ashx?id=2955203&use=l&cat=p&typeid=i","cat":284497},{"id":147454,"n":"Granola Grainea 350g","p":2.64,"u":"7,54 €/KG","img":"https://fd13-photos.leclercdrive.fr/image.ashx?id=2568340&use=l&cat=p&typeid=i","cat":309512},{"id":147464,"n":"Infusion bien-être Jardin Bio Bio x20 - 28g","p":2.53,"u":"90,36 €/KG","img":"https://fd13-photos.leclercdrive.fr/image.ashx?id=2792606&use=l&cat=p&typeid=i","cat":293234},{"id":147467,"n":"Protège matelas Tissaia Blanc 140x190cm","p":18.95,"img":"https://fd13-photos.leclercdrive.fr/image.ashx?id=2380358&use=l&cat=p&typeid=i","cat":288835},{"id":147468,"n":"Jus de citron Jardin Bio Bio - 25cl","p":1.98,"u":"7,92 €/L","img":"https://fd13-photos.leclercdrive.fr/image.ashx?id=3015317&use=l&cat=p&typeid=i","cat":288383},{"id":147502,"n":"Socquette semi bouclette Gris chiné - T43/45 X3","p":4.8,"u":"1,60 €/P","img":"https://fd13-photos.leclercdrive.fr/image.ashx?id=2049184&use=l&cat=p&typeid=i","cat":334130},{"id":147504,"n":"Mi chaussette Semi bouclette Gris chiné - T39/42 x3","p":4.75,"u":"1,58 €/P","img":"https://fd13-photos.leclercdrive.fr/image.ashx?id=2049190&use=l&cat=p&typeid=i","cat":334130},{"id":147517,"n":"Merlu & riz D'Aucy Sauce beurre blanc - 300g","p":3.0,"u":"10,00 €/KG","img":"https://fd13-photos.leclercdrive.fr/image.ashx?id=2103184&use=l&cat=p&typeid=i","cat":284953},{"id":147518,"n":"Moulin 5 baies Ducros Doux - 26g","p":1.51,"u":"58,08 €/KG","img":"https://fd13-photos.leclercdrive.fr/image.ashx?id=2559493&use=l&cat=p&typeid=i","cat":298297},{"id":147519,"n":"Moulin poivre Ducros 35g","p":3.05,"u":"87,14 €/KG","img":"https://fd13-photos.leclercdrive.fr/image.ashx?id=2498678&use=l&cat=p&typeid=i","cat":284457},{"id":147525,"n":"Huile bio Bio naïa Jojoba - 50ml","p":4.57,"u":"91,40 €/L","img":"https://fd13-photos.leclercdrive.fr/image.ashx?id=2048983&use=l&cat=p&typeid=i","cat":325349},{"id":147526,"n":"Huile bio Bio naïa Argan - 50ml","p":4.75,"u":"95,00 €/L","img":"https://fd13-photos.leclercdrive.fr/image.ashx?id=2436714&use=l&cat=p&typeid=i","cat":325349},{"id":147527,"n":"Huile bio Bio naïa Ricin - 50ml","p":3.99,"u":"79,80 €/L","img":"https://fd13-photos.leclercdrive.fr/image.ashx?id=2929885&use=l&cat=p&typeid=i","cat":325349},{"id":147528,"n":"Huile bio Bio naïa Amande douce - 50ml","p":3.79,"u":"75,80 €/L","img":"https://fd13-photos.leclercdrive.fr/image.ashx?id=2436720&use=l&cat=p&typeid=i","cat":325349},{"id":147531,"n":"Bain moussant Eco + Pêche - 750ml","p":0.52,"u":"0,69 €/L","img":"https://fd13-photos.leclercdrive.fr/image.ashx?id=2779175&use=l&cat=p&typeid=i","cat":284594},{"id":147537,"n":"Nettoyant ménager Eco + Citron - 2L","p":1.11,"u":"0,56 €/L","img":"https://fd13-photos.leclercdrive.fr/image.ashx?id=2946148&use=l&cat=p&typeid=i","cat":284907},{"id":147539,"n":"Capsules café Plantation Café au lait - x16 - 152g","p":3.29,"u":"21,64 €/KG","img":"https://fd13-photos.leclercdrive.fr/image.ashx?id=2649750&use=l&cat=p&typeid=i","cat":293239},{"id":147545,"n":"Pastilles anti-calcaire Eco + x20","p":1.25,"u":"0,06 €/P","img":"https://fd13-photos.leclercdrive.fr/image.ashx?id=2603853&use=l&cat=p&typeid=i","cat":284653},{"id":147546,"n":"Poudre détachante Eco + 1,2kg","p":3.29,"u":"2,74 €/KG","img":"https://fd13-photos.leclercdrive.fr/image.ashx?id=2596769&use=l&cat=p&typeid=i","cat":284651},{"id":147550,"n":"Nettoyant vitres Eco + 1L","p":0.76,"u":"0,76 €/L","img":"https://fd13-photos.leclercdrive.fr/image.ashx?id=2834993&use=l&cat=p&typeid=i","cat":325363},{"id":147622,"n":"Culottes Lotus Baby Douceur Naturelle Taille 5 - x30","p":14.87,"u":"0,50 €/P","img":"https://fd13-photos.leclercdrive.fr/image.ashx?id=3011866&use=l&cat=p&typeid=i","cat":290633},{"id":147623,"n":"Culottes Lotus Baby Douceur Naturelle Taille 4 - x32","p":15.3,"img":"https://fd13-photos.leclercdrive.fr/image.ashx?id=3011869&use=l&cat=p&typeid=i","cat":290633},{"id":147626,"n":"Couches Lotus Baby Douceur Naturelle Taille 4 - x37","p":14.56,"u":"0,39 €/P","img":"https://fd13-photos.leclercdrive.fr/image.ashx?id=2914768&use=l&cat=p&typeid=i","cat":284737},{"id":147627,"n":"Couches Lotus Baby Douceur Naturelle Taille 4+ - x35","p":14.41,"u":"0,41 €/P","img":"https://fd13-photos.leclercdrive.fr/image.ashx?id=2912617&use=l&cat=p&typeid=i","cat":284737},{"id":147644,"n":"Sake ginjo ichidai misen 70cl","p":21.41,"u":"30,59 €/L","img":"https://fd13-photos.leclercdrive.fr/image.ashx?id=2571680&use=l&cat=p&typeid=i","cat":286032},{"id":147678,"n":"Rillettes de saumon Ronde des Mers - 125g","p":1.58,"u":"12,64 €/KG","img":"https://fd13-photos.leclercdrive.fr/image.ashx?id=2050978&use=l&cat=p&typeid=i","cat":305147},{"id":148037,"n":"Purée de tomates italiennes 700g","p":1.68,"u":"2,40 €/KG","img":"https://fd13-photos.leclercdrive.fr/image.ashx?id=3011680&use=l&cat=p&typeid=i","cat":289010},{"id":148076,"n":"Jambon d'Auvergne IGP L'Atelier Charcuterie - 100g","p":3.5,"u":"35,00 €/KG","img":"https://fd13-photos.leclercdrive.fr/image.ashx?id=2316464&use=l&cat=p&typeid=i","cat":316007},{"id":148079,"n":"Saucisson d'Auvergne IGP NRT L'Atelier Charcuterie LR - 100g","p":2.3,"u":"23,00 €/KG","img":"https://fd13-photos.leclercdrive.fr/image.ashx?id=2071230&use=l&cat=p&typeid=i","cat":316007},{"id":148084,"n":"Mortadella bologna IGP L'Atelier Charcuterie - 100g","p":1.99,"u":"19,90 €/KG","img":"https://fd13-photos.leclercdrive.fr/image.ashx?id=2999652&use=l&cat=p&typeid=i","cat":316007},{"id":148090,"n":"Prosciutto di Parma AOP 20 mois L'Atelier Charcuterie - 90g","p":4.6,"u":"51,11 €/KG","img":"https://fd13-photos.leclercdrive.fr/image.ashx?id=2068738&use=l&cat=p&typeid=i","cat":316007},{"id":148095,"n":"Coppa di parma IGP L'Atelier Charcuterie - 100g","p":3.45,"u":"34,50 €/KG","img":"https://fd13-photos.leclercdrive.fr/image.ashx?id=2068735&use=l&cat=p&typeid=i","cat":316007},{"id":148104,"n":"Crème hydratante Florena 24h - 50ml","p":12.49,"u":"249,80 €/L","img":"https://fd13-photos.leclercdrive.fr/image.ashx?id=2225486&use=l&cat=p&typeid=i","cat":325345},{"id":148105,"n":"Viande des grisons IGP L'Atelier Charcuterie - 80g","p":5.49,"u":"68,63 €/KG","img":"https://fd13-photos.leclercdrive.fr/image.ashx?id=2856648&use=l&cat=p&typeid=i","cat":316007},{"id":148107,"n":"Pavé au poivre Label Rouge L'Atelier Charcuterie - 100g","p":1.99,"u":"22,11 €/KG","img":"https://fd13-photos.leclercdrive.fr/image.ashx?id=2856651&use=l&cat=p&typeid=i","cat":316007},{"id":148109,"n":"Crème visage Florena Nourrissante - 50ml","p":11.54,"u":"230,80 €/L","img":"https://fd13-photos.leclercdrive.fr/image.ashx?id=2225489&use=l&cat=p&typeid=i","cat":325345},{"id":148117,"n":"Rosette tranchée Label Rouge L'Atelier Charcuterie - 100g","p":1.79,"u":"17,90 €/KG","img":"https://fd13-photos.leclercdrive.fr/image.ashx?id=2856654&use=l&cat=p&typeid=i","cat":316007},{"id":148120,"n":"Jambon serrano IGP L'Atelier Charcuterie - 120g","p":4.0,"u":"33,33 €/KG","img":"https://fd13-photos.leclercdrive.fr/image.ashx?id=2856645&use=l&cat=p&typeid=i","cat":316007},{"id":148240,"n":"Café dosettes Tassimo L'Or Café Long Doux x16","p":4.97,"u":"55,84 €/KG","img":"https://fd13-photos.leclercdrive.fr/image.ashx?id=2100386&use=l&cat=p&typeid=i","cat":293240},{"id":148291,"n":"Bière Aromatisée Grimbergen Rouge 5,5° - 6x25cl","p":5.28,"u":"3,52 €/L","img":"https://fd13-photos.leclercdrive.fr/image.ashx?id=2873327&use=l&cat=p&typeid=i","cat":334878},{"id":148339,"n":"Embouts jetables Prorhinel Souples - x10","p":5.79,"img":"https://fd13-photos.leclercdrive.fr/image.ashx?id=2148182&use=l&cat=p&typeid=i","cat":284630},{"id":148341,"n":"Spray hygiène du nez Prorhinel à l'aloe vera - enfant - 100ml","p":5.79,"u":"57,90 €/L","img":"https://fd13-photos.leclercdrive.fr/image.ashx?id=2917858&use=l&cat=p&typeid=i","cat":284630},{"id":148357,"n":"Hochet Maracas Tigex 1 pièce","p":7.1,"img":"https://fd13-photos.leclercdrive.fr/image.ashx?id=2114518&use=l&cat=p&typeid=i","cat":289435},{"id":148384,"n":"Donut nappé chocolat 180g","p":1.39,"u":"7,72 €/KG","img":"https://fd13-photos.leclercdrive.fr/image.ashx?id=2055159&use=l&cat=p&typeid=i","cat":284495},{"id":148406,"n":"Gel intime Intimy Classic - 150ml","p":5.89,"u":"39,27 €/L","img":"https://fd13-photos.leclercdrive.fr/image.ashx?id=2537980&use=l&cat=p&typeid=i","cat":285160},{"id":148445,"n":"Rasoir Gillette Mach 3 5 lames - 1 pièce","p":19.36,"img":"https://fd13-photos.leclercdrive.fr/image.ashx?id=2542627&use=l&cat=p&typeid=i","cat":284616},{"id":148484,"n":"Lames Hydro 5 Wilkinson Skin protect - x4","p":13.92,"u":"3,48 €/P","img":"https://fd13-photos.leclercdrive.fr/image.ashx?id=2924644&use=l&cat=p&typeid=i","cat":284616},{"id":148485,"n":"Lames Hydro 5 Wilkinson Skin protect Sensitive - x4","p":12.21,"u":"3,05 €/P","img":"https://fd13-photos.leclercdrive.fr/image.ashx?id=2736343&use=l&cat=p&typeid=i","cat":284616},{"id":148498,"n":"Pack de 3 microdiscs Brita Filtrants - 1 pièce","p":13.15,"img":"https://fd13-photos.leclercdrive.fr/image.ashx?id=2878264&use=l&cat=p&typeid=i","cat":334135},{"id":148534,"n":"Crème colorante Eugène Color et Eclat n°4 châtain acajou - x1","p":4.34,"img":"https://fd13-photos.leclercdrive.fr/image.ashx?id=2476452&use=l&cat=p&typeid=i","cat":288899},{"id":148743,"n":"Galette moelleuse Saint Michel Chocolat au lait - 180g","p":1.87,"u":"10,39 €/KG","img":"https://fd13-photos.leclercdrive.fr/image.ashx?id=2936248&use=l&cat=p&typeid=i","cat":284495},{"id":148749,"n":"Coloration Eugène Color & Eclat n°78 Marron Praliné - 1 pièce","p":3.87,"img":"https://fd13-photos.leclercdrive.fr/image.ashx?id=2476449&use=l&cat=p&typeid=i","cat":288899},{"id":148770,"n":"Préservatifs Intimy Classic lubrifiés - x7","p":2.69,"u":"0,38 €/P","img":"https://fd13-photos.leclercdrive.fr/image.ashx?id=2537962&use=l&cat=p&typeid=i","cat":284631},{"id":148774,"n":"Préservatifs Intimy Taille XL lubrifiés - x14","p":6.64,"u":"0,47 €/P","img":"https://fd13-photos.leclercdrive.fr/image.ashx?id=2926329&use=l&cat=p&typeid=i","cat":284631},{"id":148779,"n":"Pince à ongles Mercurochrome 1 pièce","p":5.47,"img":"https://fd13-photos.leclercdrive.fr/image.ashx?id=2788496&use=l&cat=p&typeid=i","cat":325354},{"id":148800,"n":"Apéritif à base de vin Martini Fiero 14,4° - 1L","p":8.48,"u":"8,48 €/L","img":"https://fd13-photos.leclercdrive.fr/image.ashx?id=2842945&use=l&cat=p&typeid=i","cat":284913},{"id":148957,"n":"Pavé saumon Eco+ MSC - x2 - 250g","p":3.07,"u":"12,28 €/KG","img":"https://fd13-photos.leclercdrive.fr/image.ashx?id=2819920&use=l&cat=p&typeid=i","cat":319786},{"id":148966,"n":"Boisson coco Bio Bjorg Sans sucre ajouté - 1L","p":2.22,"u":"2,22 €/L","img":"https://fd13-photos.leclercdrive.fr/image.ashx?id=2972991&use=l&cat=p&typeid=i","cat":316067},{"id":148989,"n":"Cônes chocolat Eco+ Pistache - x8 - 520g","p":2.47,"u":"4,75 €/KG","img":"https://fd13-photos.leclercdrive.fr/image.ashx?id=2163859&use=l&cat=p&typeid=i","cat":284264},{"id":148998,"n":"Papier cuisson Elembal Feuilles - x30","p":0.99,"u":"0,03 €/P","img":"https://fd13-photos.leclercdrive.fr/image.ashx?id=2059971&use=l&cat=p&typeid=i","cat":334134},{"id":149039,"n":"Chipolatas  L'Atelier Boucherie  X8 - 520g","p":6.83,"u":"13,13 €/KG","img":"https://fd13-photos.leclercdrive.fr/image.ashx?id=2598725&use=l&cat=p&typeid=i","cat":284334},{"id":149349,"n":"Liqueur Amer Fernet Branca 39° - 70cl","p":23.96,"u":"34,23 €/L","img":"https://fd13-photos.leclercdrive.fr/image.ashx?id=2433783&use=l&cat=p&typeid=i","cat":286032},{"id":149388,"n":"Shampooing sec Batiste Nude aérosol - 200ml","p":3.48,"u":"17,40 €/L","img":"https://fd13-photos.leclercdrive.fr/image.ashx?id=2558334&use=l&cat=p&typeid=i","cat":289143},{"id":149390,"n":"Croc'Odor Frigo XL  140g","p":2.86,"u":"20,43 €/KG","img":"https://fd13-photos.leclercdrive.fr/image.ashx?id=2952646&use=l&cat=p&typeid=i","cat":311628},{"id":149465,"n":"Brosse à Dents Signal Soin Gencives Souple x4","p":2.86,"u":"0,72 €/P","img":"https://fd13-photos.leclercdrive.fr/image.ashx?id=2964234&use=l&cat=p&typeid=i","cat":284614},{"id":149781,"n":"Crème Visage Jour FPS 50 Nivea Anti-taches Luminous - 40ml","p":14.05,"u":"351,25 €/L","img":"https://fd13-photos.leclercdrive.fr/image.ashx?id=2637580&use=l&cat=p&typeid=i","cat":325345},{"id":149806,"n":"Masque Dream Long Elsève Reconstructeur - 2x310ml","p":10.41,"u":"16,79 €/L","img":"https://fd13-photos.leclercdrive.fr/image.ashx?id=2396162&use=l&cat=p&typeid=i","cat":284608},{"id":149854,"n":"Dentifrice Elmex enfant 0-6ans Anti-caries - 75ml","p":3.51,"u":"46,80 €/L","img":"https://fd13-photos.leclercdrive.fr/image.ashx?id=2745289&use=l&cat=p&typeid=i","cat":288898},{"id":149935,"n":"Sérum Effaclar La Roche Posay Visage - 30ml","p":25.9,"u":"863,33 €/L","img":"https://fd13-photos.leclercdrive.fr/image.ashx?id=2128884&use=l&cat=p&typeid=i","cat":291166},{"id":149951,"n":"Soin hydratant La Roche Posay Tolériane Sensitive Riche -40ml","p":13.79,"u":"344,75 €/L","img":"https://fd13-photos.leclercdrive.fr/image.ashx?id=2087014&use=l&cat=p&typeid=i","cat":291171},{"id":149953,"n":"Dentifrice Fluocaril Junior 6-12ans Fruits rouges - 2x75ml","p":4.99,"pp":3.74,"u":"24,93 €/L","img":"https://fd13-photos.leclercdrive.fr/image.ashx?id=2585276&use=l&cat=p&typeid=i","cat":290418},{"id":149997,"n":"Compléments Duo Phyto Phytophanère - 2x120 capsules","p":20.77,"u":"0,09 €/P","img":"https://fd13-photos.leclercdrive.fr/image.ashx?id=2065391&use=l&cat=p&typeid=i","cat":301266},{"id":149998,"n":"Brûleur de graisse Forte Pharma Xtraslim700 45+ - 120 gélules","p":38.22,"u":"626,56 €/KG","img":"https://fd13-photos.leclercdrive.fr/image.ashx?id=2067185&use=l&cat=p&typeid=i","cat":301267},{"id":150002,"n":"Shampooing coco Natessance 250ml","p":4.85,"u":"19,40 €/L","img":"https://fd13-photos.leclercdrive.fr/image.ashx?id=2761399&use=l&cat=p&typeid=i","cat":290400},{"id":150004,"n":"Huile de ricin Ntessance 50ml","p":4.0,"u":"80,00 €/L","img":"https://fd13-photos.leclercdrive.fr/image.ashx?id=2065430&use=l&cat=p&typeid=i","cat":290422},{"id":150008,"n":"Soin Sécheresse Hyralin 400ml","p":11.49,"u":"28,73 €/L","img":"https://fd13-photos.leclercdrive.fr/image.ashx?id=2905432&use=l&cat=p&typeid=i","cat":301348},{"id":150010,"n":"Pansement Elastoplast Aqua Protect - x20","p":3.08,"u":"0,15 €/P","img":"https://fd13-photos.leclercdrive.fr/image.ashx?id=2181014&use=l&cat=p&typeid=i","cat":291163},{"id":150014,"n":"Soin intime Hydralin Gyn Irritation - 400ml","p":10.79,"u":"26,98 €/L","img":"https://fd13-photos.leclercdrive.fr/image.ashx?id=2929900&use=l&cat=p&typeid=i","cat":301348},{"id":150015,"n":"Gel lubrifiant Hydralin 50ml","p":10.6,"u":"212,00 €/L","img":"https://fd13-photos.leclercdrive.fr/image.ashx?id=2959085&use=l&cat=p&typeid=i","cat":328622},{"id":150053,"n":"Gnocchi à poeler Bio Village Bio - 300g","p":1.84,"u":"6,13 €/KG","img":"https://fd13-photos.leclercdrive.fr/image.ashx?id=2064660&use=l&cat=p&typeid=i","cat":333682},{"id":150120,"n":"Spray nasal Phytosun Aroms Respiration - 20ml","p":9.89,"u":"494,50 €/L","img":"https://fd13-photos.leclercdrive.fr/image.ashx?id=2601704&use=l&cat=p&typeid=i","cat":301256},{"id":150127,"n":"Brûleur de graisse Forte Pharma  Xtraslim700 - 120 gélules","p":38.99,"u":"0,32 €/P","img":"https://fd13-photos.leclercdrive.fr/image.ashx?id=2066848&use=l&cat=p&typeid=i","cat":301267},{"id":150129,"n":"Shampooing tea tree Natessance Equilibrant Purifiant  - 250ml","p":4.85,"u":"19,40 €/L","img":"https://fd13-photos.leclercdrive.fr/image.ashx?id=2761402&use=l&cat=p&typeid=i","cat":290400},{"id":150238,"n":"Escalope Cordon Bleu Père Dodu  Double Cheese x2 - 200g","p":2.52,"u":"12,60 €/KG","img":"https://fd13-photos.leclercdrive.fr/image.ashx?id=2957185&use=l&cat=p&typeid=i","cat":333683},{"id":150255,"n":"Torti au surimi Pierre Martinet - 300g","p":2.01,"u":"6,70 €/KG","img":"https://fd13-photos.leclercdrive.fr/image.ashx?id=2613441&use=l&cat=p&typeid=i","cat":333657},{"id":150307,"n":"Liquide refroidissement TECH9 -25°C - 5L","p":9.99,"u":"2,00 €/L","img":"https://fd13-photos.leclercdrive.fr/image.ashx?id=2162711&use=l&cat=p&typeid=i","cat":298253},{"id":150485,"n":"Chocolat Pâtissier Lindt Noir - 70% cacao - 200g","p":3.26,"u":"16,30 €/KG","img":"https://fd13-photos.leclercdrive.fr/image.ashx?id=2730223&use=l&cat=p&typeid=i","cat":285562},{"id":150486,"n":"Chocolat Pâtissier Lindt Noir - 51% cacao - 200g","p":3.23,"u":"16,15 €/KG","img":"https://fd13-photos.leclercdrive.fr/image.ashx?id=2088726&use=l&cat=p&typeid=i","cat":285562},{"id":150488,"n":"Tartine pain campagne Pasquier - 180g","p":2.02,"u":"11,22 €/KG","img":"https://fd13-photos.leclercdrive.fr/image.ashx?id=2967028&use=l&cat=p&typeid=i","cat":285543},{"id":150496,"n":"Mouche bébé Bébé Confort Electrique - 1 pièce","p":22.9,"u":"Dont 0,04 € d'éco-part.","img":"https://fd13-photos.leclercdrive.fr/image.ashx?id=2666018&use=l&cat=p&typeid=i","cat":289435},{"id":150588,"n":"Goûter crème cacao Schar Sans gluten - 250g","p":3.78,"u":"15,12 €/KG","img":"https://fd13-photos.leclercdrive.fr/image.ashx?id=2439944&use=l&cat=p&typeid=i","cat":284488},{"id":150763,"n":"Imperméabilisant protecteur Cuir Daim Nubuck 250ml","p":2.68,"u":"10,72 €/L","img":"https://fd13-photos.leclercdrive.fr/image.ashx?id=2068263&use=l&cat=p&typeid=i","cat":285201},{"id":150788,"n":"HERTA Tendre Croc Jambon Fromage sans nitrite 200g x2","p":1.84,"u":"9,20 €/KG","img":"https://fd13-photos.leclercdrive.fr/image.ashx?id=2752885&use=l&cat=p&typeid=i","cat":333671},{"id":150793,"n":"HERTA Tendre Croc Jambon Fromage sans nitrite 400g x4","p":3.56,"u":"8,90 €/KG","img":"https://fd13-photos.leclercdrive.fr/image.ashx?id=2070144&use=l&cat=p&typeid=i","cat":333671},{"id":150798,"n":"HERTA Tendre Croc Comté Jambon sans nitrite 200g x2","p":2.1,"u":"10,50 €/KG","img":"https://fd13-photos.leclercdrive.fr/image.ashx?id=2070147&use=l&cat=p&typeid=i","cat":333671},{"id":150799,"n":"HERTA Tendre Croc Jambon Fromg ss croûte ss nitrite 200g","p":2.1,"u":"10,50 €/KG","img":"https://fd13-photos.leclercdrive.fr/image.ashx?id=2070153&use=l&cat=p&typeid=i","cat":333671},{"id":150804,"n":"Shampoing hydratant Fructis Hair food Aloe Vera - 350ml","p":3.93,"u":"11,23 €/L","img":"https://fd13-photos.leclercdrive.fr/image.ashx?id=2830594&use=l&cat=p&typeid=i","cat":284606},{"id":151106,"n":"Vin France Cambras rouge -12,5% Merlot Cabernet Sauvignon -75cl","p":2.59,"u":"3,45 €/L","img":"https://fd13-photos.leclercdrive.fr/image.ashx?id=2941029&use=l&cat=p&typeid=i","cat":289556},{"id":151107,"n":"Bière ambrée Leffe 6,6% - 75cl","p":3.15,"u":"4,20 €/L","img":"https://fd13-photos.leclercdrive.fr/image.ashx?id=2071215&use=l&cat=p&typeid=i","cat":334852},{"id":151129,"n":"Yaourt brassé chèvre Délisse Myrtille - 4x125g","p":2.29,"u":"4,58 €/KG","img":"https://fd13-photos.leclercdrive.fr/image.ashx?id=2809090&use=l&cat=p&typeid=i","cat":314998},{"id":151168,"n":"Mousse au chocolat Bonne Maman 4x50g","p":2.47,"u":"12,35 €/KG","img":"https://fd13-photos.leclercdrive.fr/image.ashx?id=2912323&use=l&cat=p&typeid=i","cat":284417},{"id":151169,"n":"Liégeois lait d'amande chocolat Andros - 4x90g","p":3.13,"u":"8,69 €/KG","img":"https://fd13-photos.leclercdrive.fr/image.ashx?id=2871985&use=l&cat=p&typeid=i","cat":316071},{"id":151170,"n":"Riz au lait Andros Coco vanille - 4x100g","p":3.19,"u":"7,98 €/KG","img":"https://fd13-photos.leclercdrive.fr/image.ashx?id=2872024&use=l&cat=p&typeid=i","cat":316071},{"id":151235,"n":"HERTA Blanc de poulet nature sans nitrite - 140g 4T","p":2.0,"u":"14,29 €/KG","img":"https://fd13-photos.leclercdrive.fr/image.ashx?id=2731348&use=l&cat=p&typeid=i","cat":316010},{"id":151290,"n":"Herta Blanc de poulet -25% de sel sans nitrite 140g 4T","p":2.34,"u":"16,71 €/KG","img":"https://fd13-photos.leclercdrive.fr/image.ashx?id=2307733&use=l&cat=p&typeid=i","cat":316010},{"id":151423,"n":"Café en grains Malongo Petits Producteurs - 500g","p":8.85,"u":"17,70 €/KG","img":"https://fd13-photos.leclercdrive.fr/image.ashx?id=2073574&use=l&cat=p&typeid=i","cat":293237},{"id":151464,"n":"Fromage blanc Calin Extra Nature - 8x100g","p":2.3,"u":"2,88 €/KG","img":"https://fd13-photos.leclercdrive.fr/image.ashx?id=2973736&use=l&cat=p&typeid=i","cat":284409},{"id":151472,"n":"Fromage blanc Calin Extra Nature - 850g","p":2.35,"u":"2,76 €/KG","img":"https://fd13-photos.leclercdrive.fr/image.ashx?id=2973739&use=l&cat=p&typeid=i","cat":284409},{"id":151474,"n":"Fromage blanc Calin 0% Extra Naure - 8x100g","p":2.42,"u":"3,03 €/KG","img":"https://fd13-photos.leclercdrive.fr/image.ashx?id=2973733&use=l&cat=p&typeid=i","cat":284409},{"id":151508,"n":"Colin MSC haché Yooji 6 mois - 120g","p":4.3,"u":"35,83 €/KG","img":"https://fd13-photos.leclercdrive.fr/image.ashx?id=2529072&use=l&cat=p&typeid=i","cat":290631},{"id":151523,"n":"Beurre de baratte Isigny  Demi-sel - 80% MG - 250g","p":3.1,"u":"12,40 €/KG","img":"https://fd13-photos.leclercdrive.fr/image.ashx?id=2580946&use=l&cat=p&typeid=i","cat":284379},{"id":151632,"n":"Lave glace toutes saisons TECH9 -20°C - Anti-pluie - 5L","p":6.49,"u":"1,30 €/L","img":"https://fd13-photos.leclercdrive.fr/image.ashx?id=2162705&use=l&cat=p&typeid=i","cat":298252},{"id":151813,"n":"AOP Côtes de Provence Blanc Grande récolte - 75cl","p":8.9,"u":"11,87 €/L","img":"https://fd13-photos.leclercdrive.fr/image.ashx?id=2089346&use=l&cat=p&typeid=i","cat":289557},{"id":151936,"n":"Yaourt brassé Bio Les 2 Vaches Vanille - 4x115g","p":1.97,"u":"4,28 €/KG","img":"https://fd13-photos.leclercdrive.fr/image.ashx?id=2571542&use=l&cat=p&typeid=i","cat":284410},{"id":151940,"n":"Cuisse de poulet Auvergne NRT x2 Label Rouge - 500g","p":4.85,"u":"9,70 €/KG","img":"https://fd13-photos.leclercdrive.fr/image.ashx?id=2699840&use=l&cat=p&typeid=i","cat":284336},{"id":151957,"n":"Poudre fondante L'Oréal Paris Accord Parfait 5D Sable doré","p":13.94,"img":"https://fd13-photos.leclercdrive.fr/image.ashx?id=2278055&use=l&cat=p&typeid=i","cat":287029},{"id":151958,"n":"Poudre fondante L'Oréal Paris Accord Parfait 4N Beige","p":10.86,"img":"https://fd13-photos.leclercdrive.fr/image.ashx?id=2423445&use=l&cat=p&typeid=i","cat":287029},{"id":151959,"n":"Mascara Allongeant L'OréalParis Telescopic Carbone Noir","p":10.63,"img":"https://fd13-photos.leclercdrive.fr/image.ashx?id=2886178&use=l&cat=p&typeid=i","cat":287029},{"id":151961,"n":"Fond de Teint L'Oréal Paris Accord Parfait 3.5.N Pêche","p":13.14,"img":"https://fd13-photos.leclercdrive.fr/image.ashx?id=2108273&use=l&cat=p&typeid=i","cat":287029},{"id":151962,"n":"Fond de Teint L'Oréal Paris Accord Parfait 1.R Ivoire Rosé","p":13.87,"u":"462,33 €/L","img":"https://fd13-photos.leclercdrive.fr/image.ashx?id=2395550&use=l&cat=p&typeid=i","cat":287029},{"id":151964,"n":"BB Crème Teintée L'Oréal Paris Nuance 04 médium - 30ml","p":10.64,"u":"354,67 €/L","img":"https://fd13-photos.leclercdrive.fr/image.ashx?id=3014551&use=l&cat=p&typeid=i","cat":287029},{"id":151965,"n":"CC Crème L'Oréal Paris Anti-Rougeurs","p":13.7,"img":"https://fd13-photos.leclercdrive.fr/image.ashx?id=3014557&use=l&cat=p&typeid=i","cat":287029},{"id":151966,"n":"Eyeliner Feutre L'Oréal Paris  Waterproof 01 Noir intense","p":9.85,"pp":6.5,"img":"https://fd13-photos.leclercdrive.fr/image.ashx?id=2370380&use=l&cat=p&typeid=i","cat":287029},{"id":151968,"n":"Mascara Maybelline  Colossal Volum'express Noir","p":8.54,"img":"https://fd13-photos.leclercdrive.fr/image.ashx?id=2592180&use=l&cat=p&typeid=i","cat":287029},{"id":151970,"n":"Vernis à ongles gel Maybelline Superstay 06 Rouge Profond","p":5.21,"img":"https://fd13-photos.leclercdrive.fr/image.ashx?id=2344978&use=l&cat=p&typeid=i","cat":325347},{"id":151971,"n":"Encre à lèvres mat Maybelline Superstay Matte Ink 20 Pioneer","p":12.55,"img":"https://fd13-photos.leclercdrive.fr/image.ashx?id=2423181&use=l&cat=p&typeid=i","cat":287029},{"id":151972,"n":"Correcteur anticerne Maybelline Instant Anti-Age 00 Ivoire","p":8.49,"img":"https://fd13-photos.leclercdrive.fr/image.ashx?id=2770545&use=l&cat=p&typeid=i","cat":287029},{"id":151987,"n":"Ampoule Led Flamme Osram Verre dépoli 4W=40 E14 - x2","p":10.9,"u":"Dont 0,24 € d'éco-part.","img":"https://fd13-photos.leclercdrive.fr/image.ashx?id=2173007&use=l&cat=p&typeid=i","cat":300573},{"id":151996,"n":"Fromage enfant Kiri crème 24 portions à tartiner - 432g","p":4.92,"u":"0,21 €/P","img":"https://fd13-photos.leclercdrive.fr/image.ashx?id=2973568&use=l&cat=p&typeid=i","cat":314030},{"id":152001,"n":"Gnocchi à poêler Roll Lustucru  300g","p":1.72,"u":"5,73 €/KG","img":"https://fd13-photos.leclercdrive.fr/image.ashx?id=2792408&use=l&cat=p&typeid=i","cat":333682},{"id":152008,"n":"Croissants au jambon fromage L'Atelier Traiteur x2 - 260g","p":3.89,"u":"14,96 €/KG","img":"https://fd13-photos.leclercdrive.fr/image.ashx?id=2235004&use=l&cat=p&typeid=i","cat":333671},{"id":152021,"n":"Bouchées à la reine L'Atelier Traiteur x2 -  300g","p":4.49,"u":"14,97 €/KG","img":"https://fd13-photos.leclercdrive.fr/image.ashx?id=2235010&use=l&cat=p&typeid=i","cat":333671},{"id":152041,"n":"Déodorant bille bio BionaÏa Eau coco/Aloe Vera - 50ml","p":1.35,"u":"27,00 €/L","img":"https://fd13-photos.leclercdrive.fr/image.ashx?id=2496964&use=l&cat=p&typeid=i","cat":284595},{"id":152042,"n":"Déodorant bille bio BionaÏa A la rose/aloe vera - 50ml","p":1.35,"u":"27,00 €/L","img":"https://fd13-photos.leclercdrive.fr/image.ashx?id=2481240&use=l&cat=p&typeid=i","cat":284595},{"id":152043,"n":"Déodorant bio BionaÏa 100ml","p":1.8,"u":"18,00 €/L","img":"https://fd13-photos.leclercdrive.fr/image.ashx?id=2075272&use=l&cat=p&typeid=i","cat":284595},{"id":152074,"n":"Feuilletés jambon Emmental L'Atelier Traiteur x2 - 220g","p":3.59,"u":"16,32 €/KG","img":"https://fd13-photos.leclercdrive.fr/image.ashx?id=2240173&use=l&cat=p&typeid=i","cat":333671},{"id":152309,"n":"Lingettes intimes Love & Green bio Apaisantes x20","p":3.87,"u":"0,19 €/P","img":"https://fd13-photos.leclercdrive.fr/image.ashx?id=2300884&use=l&cat=p&typeid=i","cat":284627},{"id":152349,"n":"Sérum nuit anti-âge L'Oréal Revitalift Rétinol Pur - 30ml","p":15.08,"u":"502,67 €/L","img":"https://fd13-photos.leclercdrive.fr/image.ashx?id=2867530&use=l&cat=p&typeid=i","cat":325345},{"id":152365,"n":"Crème éclat La Provençale Bio Jouvence Anti-Âge - 50ml","p":10.41,"u":"208,20 €/L","img":"https://fd13-photos.leclercdrive.fr/image.ashx?id=2948147&use=l&cat=p&typeid=i","cat":325345},{"id":152408,"n":"Compresses Mercurochrome Stériles Ultra-douces - x20","p":4.07,"u":"0,20 €/P","img":"https://fd13-photos.leclercdrive.fr/image.ashx?id=2663986&use=l&cat=p&typeid=i","cat":284630},{"id":152430,"n":"Semelles Gel Soft Homme Professionnelles - 1 paire","p":16.12,"img":"https://fd13-photos.leclercdrive.fr/image.ashx?id=2600648&use=l&cat=p&typeid=i","cat":325354},{"id":152440,"n":"Gel Lubrifiant Massage 2 en 1 Durex Douceur Aloe Vera 200ml","p":7.91,"u":"39,55 €/L","img":"https://fd13-photos.leclercdrive.fr/image.ashx?id=2736556&use=l&cat=p&typeid=i","cat":285160},{"id":152473,"n":"Billes Chocolat au Lait KitKat Sachet - 400g","p":6.0,"u":"15,00 €/KG","img":"https://fd13-photos.leclercdrive.fr/image.ashx?id=2807087&use=l&cat=p&typeid=i","cat":304238},{"id":152489,"n":"Yaourt brassé végétal Nat&Vie Coco Nature - 4x100g","p":1.89,"u":"4,73 €/KG","img":"https://fd13-photos.leclercdrive.fr/image.ashx?id=2901476&use=l&cat=p&typeid=i","cat":316071},{"id":152505,"n":"Boisson végétale Bio Bjorg 1L","p":1.58,"u":"1,58 €/L","img":"https://fd13-photos.leclercdrive.fr/image.ashx?id=2972994&use=l&cat=p&typeid=i","cat":316067},{"id":152506,"n":"Boisson avoine Bio Bjorg Sans sucres - 1L","p":2.3,"u":"2,30 €/L","img":"https://fd13-photos.leclercdrive.fr/image.ashx?id=2939454&use=l&cat=p&typeid=i","cat":316067},{"id":152512,"n":"Mini fourrés Bio Bjorg Chocolat noir - 180g","p":4.11,"u":"22,83 €/KG","img":"https://fd13-photos.leclercdrive.fr/image.ashx?id=2906229&use=l&cat=p&typeid=i","cat":284488},{"id":152576,"n":"Crêpes 1/2 lune Eco+ Jambon emmental - x20 - 1kg","p":2.31,"u":"2,31 €/KG","img":"https://fd13-photos.leclercdrive.fr/image.ashx?id=2698144&use=l&cat=p&typeid=i","cat":319776},{"id":152594,"n":"Desserts Lactés P'tit GOURMAND BIO Vanille  6M+ - 4x90g","p":2.37,"u":"6,58 €/KG","img":"https://fd13-photos.leclercdrive.fr/image.ashx?id=2629704&use=l&cat=p&typeid=i","cat":312392},{"id":152596,"n":"Câpres Maille Surfines - 85g","p":2.55,"u":"30,00 €/KG","img":"https://fd13-photos.leclercdrive.fr/image.ashx?id=2539674&use=l&cat=p&typeid=i","cat":284458},{"id":152608,"n":"Mayonnaise de Dijon Amora 5 ingrédients - 400g","p":2.96,"u":"7,40 €/KG","img":"https://fd13-photos.leclercdrive.fr/image.ashx?id=3005392&use=l&cat=p&typeid=i","cat":298295},{"id":152610,"n":"Pasta Box Sodebo Fusilli à la Bolognaise - 330g","p":2.57,"u":"7,79 €/KG","img":"https://fd13-photos.leclercdrive.fr/image.ashx?id=2991996&use=l&cat=p&typeid=i","cat":334983},{"id":152611,"n":"Gâteaux Kinder Délice coconut Noix de coco et cacao - 10x37g","p":3.68,"u":"9,95 €/KG","img":"https://fd13-photos.leclercdrive.fr/image.ashx?id=2832482&use=l&cat=p&typeid=i","cat":284495},{"id":152612,"n":"Pasta Box Sodebo Fusilli à la Carbonara - 330g","p":2.52,"u":"7,64 €/KG","img":"https://fd13-photos.leclercdrive.fr/image.ashx?id=2919781&use=l&cat=p&typeid=i","cat":334983},{"id":152615,"n":"Pasta Box Sodebo Fusilli Fromages Italiens -330g","p":2.66,"u":"8,06 €/KG","img":"https://fd13-photos.leclercdrive.fr/image.ashx?id=2919784&use=l&cat=p&typeid=i","cat":334983},{"id":152616,"n":"Pasta Box Sodebo Fusilli Saumon - 280g","p":3.42,"u":"11,40 €/KG","img":"https://fd13-photos.leclercdrive.fr/image.ashx?id=2985078&use=l&cat=p&typeid=i","cat":334983},{"id":152617,"n":"Happy Cherry Haribo Sachet bonbons - 220g","p":1.94,"u":"8,82 €/KG","img":"https://fd13-photos.leclercdrive.fr/image.ashx?id=2984901&use=l&cat=p&typeid=i","cat":304250},{"id":152639,"n":"Pansement Mercurochrome Cicatrisation active - x6","p":7.25,"u":"329,55 €/KG","img":"https://fd13-photos.leclercdrive.fr/image.ashx?id=2078139&use=l&cat=p&typeid=i","cat":284630},{"id":152651,"n":"Pansements Mercurochrome Coricide - x12","p":5.49,"u":"0,46 €/P","img":"https://fd13-photos.leclercdrive.fr/image.ashx?id=2663968&use=l&cat=p&typeid=i","cat":284630},{"id":152653,"n":"Pansements Scholl Coricides Durillons - x4","p":4.9,"u":"1,23 €/P","img":"https://fd13-photos.leclercdrive.fr/image.ashx?id=2981659&use=l&cat=p&typeid=i","cat":284630},{"id":152682,"n":"Bière Cherry Chouffe 75cl","p":6.11,"u":"8,15 €/L","img":"https://fd13-photos.leclercdrive.fr/image.ashx?id=3009050&use=l&cat=p&typeid=i","cat":334872},{"id":152684,"n":"Bière Duvel Triple hop 75cl","p":5.4,"u":"7,20 €/L","img":"https://fd13-photos.leclercdrive.fr/image.ashx?id=2089592&use=l&cat=p&typeid=i","cat":334872},{"id":152736,"n":"Camembert Le Rustique Extra coulant - 240g","p":3.5,"u":"14,58 €/KG","img":"https://fd13-photos.leclercdrive.fr/image.ashx?id=2797479&use=l&cat=p&typeid=i","cat":314033},{"id":152938,"n":"Tulles brûlures Mercurochrome x4","p":9.13,"u":"2,28 €/P","img":"https://fd13-photos.leclercdrive.fr/image.ashx?id=2731468&use=l&cat=p&typeid=i","cat":284630},{"id":152954,"n":"Canettes Coca-cola Boite - 18+2 offertes 20x33cl","p":11.96,"u":"1,81 €/L","img":"https://fd13-photos.leclercdrive.fr/image.ashx?id=3009002&use=l&cat=p&typeid=i","cat":284530},{"id":152984,"n":"AOP Prosecco rosé  Vilaveroni - 75cl","p":7.48,"u":"9,97 €/L","img":"https://fd13-photos.leclercdrive.fr/image.ashx?id=2492354&use=l&cat=p&typeid=i","cat":289558},{"id":153015,"n":"Cassonade pure canne Daddy 750g","p":2.26,"u":"3,01 €/KG","img":"https://fd13-photos.leclercdrive.fr/image.ashx?id=2944702&use=l&cat=p&typeid=i","cat":284502},{"id":153059,"n":"Cônes glacés Trium Chocolat - x6 - 423g","p":2.13,"u":"5,04 €/KG","img":"https://fd13-photos.leclercdrive.fr/image.ashx?id=2079194&use=l&cat=p&typeid=i","cat":284264},{"id":153060,"n":"Cônes glacés Trium Vanille caramel - x6 - 432g","p":2.53,"u":"5,86 €/KG","img":"https://fd13-photos.leclercdrive.fr/image.ashx?id=2931835&use=l&cat=p&typeid=i","cat":284264},{"id":153061,"n":"Cônes glacés Trium Vanille fraise - x6 - 426g","p":1.69,"u":"3,97 €/KG","img":"https://fd13-photos.leclercdrive.fr/image.ashx?id=2931808&use=l&cat=p&typeid=i","cat":284264},{"id":153062,"n":"Cônes glacés Trium Vanille nougatine x6 - 402g","p":1.59,"u":"3,96 €/KG","img":"https://fd13-photos.leclercdrive.fr/image.ashx?id=2931805&use=l&cat=p&typeid=i","cat":284264},{"id":153070,"n":"Cônes glacés Trium Menthe chocolat x6 - 414g","p":2.19,"u":"5,29 €/KG","img":"https://fd13-photos.leclercdrive.fr/image.ashx?id=2079191&use=l&cat=p&typeid=i","cat":284264},{"id":153071,"n":"Cônes glacés Trium Crème brulée - x6 - 426g","p":2.52,"u":"5,92 €/KG","img":"https://fd13-photos.leclercdrive.fr/image.ashx?id=2085269&use=l&cat=p&typeid=i","cat":284264},{"id":153072,"n":"Cônes glacés Trium Café - x6 - 426g","p":2.19,"u":"5,14 €/KG","img":"https://fd13-photos.leclercdrive.fr/image.ashx?id=2931838&use=l&cat=p&typeid=i","cat":284264},{"id":153073,"n":"Cônes glacés Trium Vanille chocolat - x6 - 426g","p":1.93,"u":"4,53 €/KG","img":"https://fd13-photos.leclercdrive.fr/image.ashx?id=2119552&use=l&cat=p&typeid=i","cat":284264},{"id":153074,"n":"Cônes glacés Trium Citron framboise x6 - 456g","p":2.67,"u":"5,86 €/KG","img":"https://fd13-photos.leclercdrive.fr/image.ashx?id=2119549&use=l&cat=p&typeid=i","cat":284264},{"id":153075,"n":"Cônes glacés Trium Chocolat pistaches - x6 - 402g","p":1.99,"u":"4,95 €/KG","img":"https://fd13-photos.leclercdrive.fr/image.ashx?id=2909909&use=l&cat=p&typeid=i","cat":284264},{"id":153108,"n":"Rhum blanc Clement 50° - 1L","p":20.93,"u":"20,93 €/L","img":"https://fd13-photos.leclercdrive.fr/image.ashx?id=2093244&use=l&cat=p&typeid=i","cat":284550},{"id":153148,"n":"Jambon Supérieur Fleury Michon sans nitrite x6 - 210g","p":3.22,"u":"15,33 €/KG","img":"https://fd13-photos.leclercdrive.fr/image.ashx?id=2889478&use=l&cat=p&typeid=i","cat":316009},{"id":153151,"n":"Jambon Supérieur Fleury Michon sans nitrite x4 - 140g","p":2.17,"u":"15,50 €/KG","img":"https://fd13-photos.leclercdrive.fr/image.ashx?id=2889475&use=l&cat=p&typeid=i","cat":316009},{"id":153152,"n":"Jambon Supérieur Fleury Michon sans nitrite x2 - 70g","p":1.84,"u":"26,29 €/KG","img":"https://fd13-photos.leclercdrive.fr/image.ashx?id=2889472&use=l&cat=p&typeid=i","cat":316009},{"id":153153,"n":"Jambon Supérieur Fleury Michon -25% sel sans nitrite- x2 - 70g","p":2.04,"u":"29,14 €/KG","img":"https://fd13-photos.leclercdrive.fr/image.ashx?id=2889484&use=l&cat=p&typeid=i","cat":316009},{"id":153154,"n":"Jambon Supérieur Fleury Michon -25% sel sans nitrite x6 - 210g","p":4.29,"u":"20,43 €/KG","img":"https://fd13-photos.leclercdrive.fr/image.ashx?id=2889487&use=l&cat=p&typeid=i","cat":316009},{"id":153155,"n":"Jambon Supérieur Fleury Michon -25% sel sans nitrite x4 - 140g","p":2.91,"u":"20,79 €/KG","img":"https://fd13-photos.leclercdrive.fr/image.ashx?id=2905399&use=l&cat=p&typeid=i","cat":316009},{"id":153159,"n":"Jambon Simplement Bon Fleury  Michon -25% de sel x4 - 140g","p":2.58,"u":"18,43 €/KG","img":"https://fd13-photos.leclercdrive.fr/image.ashx?id=2843385&use=l&cat=p&typeid=i","cat":316009},{"id":153164,"n":"Jambon  Simplement Bon Fleury  Michon x4 - 160g","p":2.17,"u":"13,56 €/KG","img":"https://fd13-photos.leclercdrive.fr/image.ashx?id=2843147&use=l&cat=p&typeid=i","cat":316009},{"id":153166,"n":"Jambon Simplement Bon Fleury Michon - x6 - 240g","p":2.64,"u":"11,00 €/KG","img":"https://fd13-photos.leclercdrive.fr/image.ashx?id=2843150&use=l&cat=p&typeid=i","cat":316009},{"id":153224,"n":"Protège-cahier Esquisse Vert - 24x32cm","p":1.19,"img":"https://fd13-photos.leclercdrive.fr/image.ashx?id=940731&use=l&cat=p&typeid=i","cat":284697},{"id":153227,"n":"Protège-cahier Esquisse Jaune - 24x32cm","p":1.19,"img":"https://fd13-photos.leclercdrive.fr/image.ashx?id=2080342&use=l&cat=p&typeid=i","cat":284745},{"id":153229,"n":"Mayonnaise de Dijon Amora Tube - 175g","p":1.47,"u":"8,40 €/KG","img":"https://fd13-photos.leclercdrive.fr/image.ashx?id=2082711&use=l&cat=p&typeid=i","cat":298295},{"id":153230,"n":"Mayonnaise de Dijon - 705g Flacon - 705g","p":4.49,"u":"6,37 €/KG","img":"https://fd13-photos.leclercdrive.fr/image.ashx?id=2877199&use=l&cat=p&typeid=i","cat":298295},{"id":153241,"n":"Blanc de poulet Fleury Michon doré au four - x8 - 240g","p":2.3,"u":"9,58 €/KG","img":"https://fd13-photos.leclercdrive.fr/image.ashx?id=2962845&use=l&cat=p&typeid=i","cat":316010},{"id":153248,"n":"Rôti de porc Fleury Michon Extra tendre - x4 - 160g","p":3.1,"u":"19,38 €/KG","img":"https://fd13-photos.leclercdrive.fr/image.ashx?id=2314050&use=l&cat=p&typeid=i","cat":316009},{"id":153280,"n":"Saucisses cocktail Stephan 2 nature 1 chorizo - 3x200g","p":7.18,"u":"11,97 €/KG","img":"https://fd13-photos.leclercdrive.fr/image.ashx?id=2097170&use=l&cat=p&typeid=i","cat":284450},{"id":153313,"n":"Gateau Savane Brossard Pocket chocolat - x7  210g","p":2.16,"u":"10,29 €/KG","img":"https://fd13-photos.leclercdrive.fr/image.ashx?id=2870722&use=l&cat=p&typeid=i","cat":284495},{"id":153328,"n":"Gâteaux fourrés Napolitain LU Chocolat - 180g","p":1.52,"u":"8,44 €/KG","img":"https://fd13-photos.leclercdrive.fr/image.ashx?id=3002225&use=l&cat=p&typeid=i","cat":284495},{"id":153369,"n":"Tissus d'entretien Serpillère x1","p":3.95,"img":"https://fd13-photos.leclercdrive.fr/image.ashx?id=2463615&use=l&cat=p&typeid=i","cat":284669},{"id":153393,"n":"Eau Aromatisée Vittel Aro Fraise - 1L","p":1.22,"u":"1,22 €/L","img":"https://fd13-photos.leclercdrive.fr/image.ashx?id=2788874&use=l&cat=p&typeid=i","cat":284537},{"id":153447,"n":"Lait Céréales bio Bio Village Vanille 6 mois - 2x25cl","p":2.13,"u":"4,26 €/L","img":"https://fd13-photos.leclercdrive.fr/image.ashx?id=2833026&use=l&cat=p&typeid=i","cat":312226},{"id":153494,"n":"Desserts Lactés P'TIT BRASSE Abricot BIO 6M+ - 4x90g","p":2.13,"u":"5,92 €/KG","img":"https://fd13-photos.leclercdrive.fr/image.ashx?id=2672581&use=l&cat=p&typeid=i","cat":312392},{"id":153734,"n":"Pâte de curry doux Patak's 165g","p":2.8,"u":"16,97 €/KG","img":"https://fd13-photos.leclercdrive.fr/image.ashx?id=2879802&use=l&cat=p&typeid=i","cat":289012},{"id":153740,"n":"Pâte de curry Patak's Tikka Masala - 165g","p":2.61,"u":"15,82 €/KG","img":"https://fd13-photos.leclercdrive.fr/image.ashx?id=2857716&use=l&cat=p&typeid=i","cat":289012},{"id":153929,"n":"Bûche de chèvre frais cendrée L'Atelier Fromagerie - 200g","p":3.19,"u":"15,95 €/KG","img":"https://fd13-photos.leclercdrive.fr/image.ashx?id=2999646&use=l&cat=p&typeid=i","cat":314036},{"id":153967,"n":"Changes bébé Lotus Baby T2 Douceur naturelle 3/6kg - x45","p":14.6,"u":"0,32 €/P","img":"https://fd13-photos.leclercdrive.fr/image.ashx?id=2909206&use=l&cat=p&typeid=i","cat":284737},{"id":153968,"n":"Change bébé Lotus Baby T6 Douceur naturelle 16/26kg x 32","p":14.86,"u":"0,46 €/P","img":"https://fd13-photos.leclercdrive.fr/image.ashx?id=3011878&use=l&cat=p&typeid=i","cat":284737},{"id":154629,"n":"Bière Blonde Leffe 6,6% - 20x25cl","p":15.18,"u":"3,04 €/L","img":"https://fd13-photos.leclercdrive.fr/image.ashx?id=2995427&use=l&cat=p&typeid=i","cat":334852},{"id":154631,"n":"Boisson multifruits Jafun Format poche - 10x20Cl","p":3.2,"u":"1,60 €/L","img":"https://fd13-photos.leclercdrive.fr/image.ashx?id=2992561&use=l&cat=p&typeid=i","cat":284524},{"id":154674,"n":"Shampooing Natessance Karité - 250g","p":4.85,"u":"19,40 €/KG","img":"https://fd13-photos.leclercdrive.fr/image.ashx?id=2799506&use=l&cat=p&typeid=i","cat":290400},{"id":154675,"n":"Antiseptique Naturel Saugella Flacon - 250ml","p":5.78,"u":"23,12 €/L","img":"https://fd13-photos.leclercdrive.fr/image.ashx?id=2677444&use=l&cat=p&typeid=i","cat":301348},{"id":154676,"n":"Lait 2ème âge Biostime Infantile bio - 800g","p":21.49,"u":"26,86 €/KG","img":"https://fd13-photos.leclercdrive.fr/image.ashx?id=2172765&use=l&cat=p&typeid=i","cat":300523},{"id":154677,"n":"Lait 3ème âge Biostime Infantile bio - 800g","p":18.49,"u":"23,11 €/KG","img":"https://fd13-photos.leclercdrive.fr/image.ashx?id=2165638&use=l&cat=p&typeid=i","cat":300523},{"id":154684,"n":"Biberon verre 0-6 mois Dodie Anti-colique-Décor Paris 270ml","p":13.83,"img":"https://fd13-photos.leclercdrive.fr/image.ashx?id=2845497&use=l&cat=p&typeid=i","cat":290386},{"id":154693,"n":"Patch articulation Puressentiel 14 huiles essentielles - x3","p":8.39,"u":"2,80 €/P","img":"https://fd13-photos.leclercdrive.fr/image.ashx?id=2988520&use=l&cat=p&typeid=i","cat":298633},{"id":154695,"n":"Serviettes Nuit Saugella x12","p":3.69,"u":"0,31 €/P","img":"https://fd13-photos.leclercdrive.fr/image.ashx?id=2087619&use=l&cat=p&typeid=i","cat":301349},{"id":154696,"n":"Argile verte Cattier  Ultra ventilée - 250g","p":3.46,"u":"13,84 €/KG","img":"https://fd13-photos.leclercdrive.fr/image.ashx?id=2829144&use=l&cat=p&typeid=i","cat":291165},{"id":154697,"n":"Shampooing Natessance Ricin - 250ml","p":4.85,"u":"19,40 €/L","img":"https://fd13-photos.leclercdrive.fr/image.ashx?id=2735008&use=l&cat=p&typeid=i","cat":290400},{"id":154698,"n":"Eau micellaire Sensifine AR SVR 400ml","p":6.99,"u":"17,48 €/L","img":"https://fd13-photos.leclercdrive.fr/image.ashx?id=2985243&use=l&cat=p&typeid=i","cat":301587},{"id":154704,"n":"Crème Pieds Xerial 50 SVR 50ml","p":8.95,"u":"179,00 €/L","img":"https://fd13-photos.leclercdrive.fr/image.ashx?id=2969136&use=l&cat=p&typeid=i","cat":290424},{"id":154709,"n":"Crème Douceur Saugella Tube - 30ml","p":4.99,"u":"166,33 €/L","img":"https://fd13-photos.leclercdrive.fr/image.ashx?id=2711017&use=l&cat=p&typeid=i","cat":301348},{"id":154712,"n":"Extrait pépins pamplemousse Nutrisanté - 100ml","p":9.11,"u":"91,10 €/L","img":"https://fd13-photos.leclercdrive.fr/image.ashx?id=2740712&use=l&cat=p&typeid=i","cat":301264},{"id":154713,"n":"Soin Intime Soyeux Hydralin 200ml","p":7.4,"u":"37,00 €/L","img":"https://fd13-photos.leclercdrive.fr/image.ashx?id=2905733&use=l&cat=p&typeid=i","cat":301348},{"id":154714,"n":"Crème lavante La Roche Posay Lipikar - surgras - 400ml","p":11.89,"u":"29,73 €/L","img":"https://fd13-photos.leclercdrive.fr/image.ashx?id=2153963&use=l&cat=p&typeid=i","cat":301591},{"id":154718,"n":"Détranspirant aisselles Etiaxil Roll-on peaux sensibles - 15ml","p":7.48,"u":"498,67 €/L","img":"https://fd13-photos.leclercdrive.fr/image.ashx?id=2189585&use=l&cat=p&typeid=i","cat":301593},{"id":154720,"n":"Déodorant Vichy peaux sensibles Bille - 50ml","p":7.24,"u":"144,80 €/L","img":"https://fd13-photos.leclercdrive.fr/image.ashx?id=2086936&use=l&cat=p&typeid=i","cat":301593},{"id":154721,"n":"Tisane allaitement bio Weleda Goût fruits rouges - 20 sachets","p":4.92,"u":"0,25 €/P","img":"https://fd13-photos.leclercdrive.fr/image.ashx?id=2948006&use=l&cat=p&typeid=i","cat":291159},{"id":154722,"n":"Spray pour plaies Elastoplast 50ml","p":3.5,"u":"70,00 €/L","img":"https://fd13-photos.leclercdrive.fr/image.ashx?id=2613609&use=l&cat=p&typeid=i","cat":290405},{"id":154731,"n":"Gel douche Natessance Aloe Vera Bio - 1L","p":7.43,"u":"7,43 €/L","img":"https://fd13-photos.leclercdrive.fr/image.ashx?id=2522206&use=l&cat=p&typeid=i","cat":301591},{"id":154732,"n":"Gel douche amande Natessance Pêche de vigne - 1L","p":7.43,"u":"7,43 €/L","img":"https://fd13-photos.leclercdrive.fr/image.ashx?id=2522209&use=l&cat=p&typeid=i","cat":301591},{"id":154734,"n":"Comprimés Expert hyalu  Intense Forte - 30 comprimés","p":19.9,"u":"0,66 €/P","img":"https://fd13-photos.leclercdrive.fr/image.ashx?id=2087604&use=l&cat=p&typeid=i","cat":301266},{"id":154744,"n":"Gommes menthe Puressentiel Respiratoire eucalyptus - 45g","p":3.56,"u":"79,11 €/KG","img":"https://fd13-photos.leclercdrive.fr/image.ashx?id=2087244&use=l&cat=p&typeid=i","cat":301256},{"id":154745,"n":"Dentifrice fraicheur Parodontax Protection complete -  75ml","p":4.65,"u":"62,00 €/L","img":"https://fd13-photos.leclercdrive.fr/image.ashx?id=2537243&use=l&cat=p&typeid=i","cat":284612},{"id":154747,"n":"Test de grossesse Biosynex  Simply 1 pièce","p":0.99,"img":"https://fd13-photos.leclercdrive.fr/image.ashx?id=2285327&use=l&cat=p&typeid=i","cat":291159},{"id":154751,"n":"Pansements Elastoplast Universels - x40","p":3.4,"u":"0,09 €/P","img":"https://fd13-photos.leclercdrive.fr/image.ashx?id=2154569&use=l&cat=p&typeid=i","cat":291163},{"id":154757,"n":"Mousse à raser Nobacter 150ml","p":7.0,"u":"46,67 €/L","img":"https://fd13-photos.leclercdrive.fr/image.ashx?id=2215176&use=l&cat=p&typeid=i","cat":291167},{"id":154761,"n":"Zone infestée Insect Ecran 100ml","p":5.71,"u":"57,10 €/L","img":"https://fd13-photos.leclercdrive.fr/image.ashx?id=2770524&use=l&cat=p&typeid=i","cat":290402},{"id":154764,"n":"Spray sommeil Puressentiel 12 huiles essentielles - 200ml","p":18.4,"u":"92,00 €/L","img":"https://fd13-photos.leclercdrive.fr/image.ashx?id=2988526&use=l&cat=p&typeid=i","cat":298633},{"id":154766,"n":"Shampooing Natessance Argan Kératine Vegétale - 250ml","p":4.85,"u":"19,40 €/L","img":"https://fd13-photos.leclercdrive.fr/image.ashx?id=2761390&use=l&cat=p&typeid=i","cat":290400},{"id":154771,"n":"Roll-on apaisant 3en1 Cinq/Cinq 7ml","p":4.99,"u":"712,86 €/L","img":"https://fd13-photos.leclercdrive.fr/image.ashx?id=2087205&use=l&cat=p&typeid=i","cat":290402},{"id":154773,"n":"Melatonine 1900 flash Forte 30 comprimés","p":7.85,"u":"0,26 €/P","img":"https://fd13-photos.leclercdrive.fr/image.ashx?id=2087595&use=l&cat=p&typeid=i","cat":301265},{"id":154775,"n":"Tetine plate +6 mois Dodie  Col large débit 3 - x2","p":6.09,"u":"3,05 €/P","img":"https://fd13-photos.leclercdrive.fr/image.ashx?id=2845485&use=l&cat=p&typeid=i","cat":290386},{"id":154783,"n":"Dentifrice traitement Sensodyne Sensibilité - 75ml","p":4.1,"u":"54,67 €/L","img":"https://fd13-photos.leclercdrive.fr/image.ashx?id=2479760&use=l&cat=p&typeid=i","cat":290419},{"id":154784,"n":"Jambes légères Naturland Ampoules bio 10ml - x20","p":10.22,"pp":7.66,"u":"38,30 €/L","img":"https://fd13-photos.leclercdrive.fr/image.ashx?id=2516929&use=l&cat=p&typeid=i","cat":301268},{"id":154786,"n":"Roller stress Puressentiel 12 huiles essentielles - 5ml","p":6.99,"img":"https://fd13-photos.leclercdrive.fr/image.ashx?id=2988532&use=l&cat=p&typeid=i","cat":298633},{"id":154791,"n":"Déodorant homme Vichy Peau sensible bille - 50ml","p":7.24,"u":"144,80 €/L","img":"https://fd13-photos.leclercdrive.fr/image.ashx?id=2352741&use=l&cat=p&typeid=i","cat":301593},{"id":154792,"n":"Déodorant anti-trâce Vichy 50ml","p":7.24,"u":"144,80 €/L","img":"https://fd13-photos.leclercdrive.fr/image.ashx?id=2086948&use=l&cat=p&typeid=i","cat":301593},{"id":154799,"n":"Cys-control Flash Arkopharma 20 gélules","p":8.32,"u":"0,42 €/P","img":"https://fd13-photos.leclercdrive.fr/image.ashx?id=2886109&use=l&cat=p&typeid=i","cat":301268},{"id":154800,"n":"Fruits&Fibres Regular 24 Ortis 24 cubes","p":11.47,"pp":8.03,"u":"0,33 €/P","img":"https://fd13-photos.leclercdrive.fr/image.ashx?id=2787731&use=l&cat=p&typeid=i","cat":301268},{"id":154802,"n":"Soin Lavant Doux Saforelle Flacon Pompe - 1L","p":18.13,"u":"18,13 €/L","img":"https://fd13-photos.leclercdrive.fr/image.ashx?id=2087628&use=l&cat=p&typeid=i","cat":301348},{"id":154803,"n":"Protection oreilles cire Quies Cire naturelle - 8 paires","p":3.25,"u":"0,41 €/P","img":"https://fd13-photos.leclercdrive.fr/image.ashx?id=2159505&use=l&cat=p&typeid=i","cat":301256},{"id":154806,"n":"Coussinet nuit Dodie Allaitement - x30","p":6.54,"u":"0,22 €/P","img":"https://fd13-photos.leclercdrive.fr/image.ashx?id=2842084&use=l&cat=p&typeid=i","cat":291159},{"id":154808,"n":"Supradyn Magnesia Bayer 30 comprimés effervescents","p":10.8,"u":"0,36 €/P","img":"https://fd13-photos.leclercdrive.fr/image.ashx?id=2087232&use=l&cat=p&typeid=i","cat":301264},{"id":154810,"n":"Crème Bepanthen Sensicalm 50g","p":11.39,"u":"227,80 €/KG","img":"https://fd13-photos.leclercdrive.fr/image.ashx?id=2087074&use=l&cat=p&typeid=i","cat":290405},{"id":154811,"n":"Gel articulation Puressentiel 14 huiles essentielles - 60ml","p":7.9,"u":"131,67 €/L","img":"https://fd13-photos.leclercdrive.fr/image.ashx?id=2538758&use=l&cat=p&typeid=i","cat":298633},{"id":154816,"n":"Crème Pieds secs Cicabiafine 100ml","p":5.58,"u":"55,80 €/L","img":"https://fd13-photos.leclercdrive.fr/image.ashx?id=2993430&use=l&cat=p&typeid=i","cat":290424},{"id":154827,"n":"Gel lavant bébé bio Jonzac 1L","p":10.98,"u":"10,98 €/L","img":"https://fd13-photos.leclercdrive.fr/image.ashx?id=2912269&use=l&cat=p&typeid=i","cat":290425},{"id":154831,"n":"Dentifrice Fluocaril Menthe - 2x75ml","p":4.99,"pp":3.74,"u":"24,93 €/L","img":"https://fd13-photos.leclercdrive.fr/image.ashx?id=2737987&use=l&cat=p&typeid=i","cat":290419},{"id":154842,"n":"Coussinet jour Dodie Allaitement - X30","p":6.24,"u":"0,21 €/P","img":"https://fd13-photos.leclercdrive.fr/image.ashx?id=2842090&use=l&cat=p&typeid=i","cat":291159},{"id":154845,"n":"Dentifrice original Parodontax 75ml","p":4.29,"u":"57,20 €/L","img":"https://fd13-photos.leclercdrive.fr/image.ashx?id=2536972&use=l&cat=p&typeid=i","cat":290419},{"id":154849,"n":"Spray Famille Insect Ecran 200ml","p":9.99,"u":"49,95 €/L","img":"https://fd13-photos.leclercdrive.fr/image.ashx?id=2316694&use=l&cat=p&typeid=i","cat":290402},{"id":154853,"n":"Comprimés nettoyants Polident Boîte - 72 comprimés","p":7.98,"img":"https://fd13-photos.leclercdrive.fr/image.ashx?id=2536954&use=l&cat=p&typeid=i","cat":301595},{"id":154855,"n":"Dentifrice Sensodyne Protection - 75ml","p":4.27,"u":"56,93 €/L","img":"https://fd13-photos.leclercdrive.fr/image.ashx?id=2869206&use=l&cat=p&typeid=i","cat":290419},{"id":154863,"n":"Crème mains La Roche Posay Cicaplast - 50ml","p":6.49,"u":"129,80 €/L","img":"https://fd13-photos.leclercdrive.fr/image.ashx?id=2093993&use=l&cat=p&typeid=i","cat":290424},{"id":154864,"n":"Tétine plate 0-6 mois Dodie  Col large débit 2 - x2","p":3.99,"u":"2,00 €/P","img":"https://fd13-photos.leclercdrive.fr/image.ashx?id=2845482&use=l&cat=p&typeid=i","cat":290386},{"id":154865,"n":"Acerola à croquer Forte Pharma Goût fruits rouges-60 comprimés","p":8.49,"u":"0,14 €/P","img":"https://fd13-photos.leclercdrive.fr/image.ashx?id=2743436&use=l&cat=p&typeid=i","cat":301264},{"id":154870,"n":"Protection oreilles cire Quies Cire naturelle - 12 paires","p":4.79,"u":"0,40 €/P","img":"https://fd13-photos.leclercdrive.fr/image.ashx?id=2159499&use=l&cat=p&typeid=i","cat":301256},{"id":154872,"n":"Comprimés neutres Puressentiel x30","p":2.52,"pp":2.02,"u":"0,07 €/P","img":"https://fd13-photos.leclercdrive.fr/image.ashx?id=2087718&use=l&cat=p&typeid=i","cat":298633},{"id":154873,"n":"Acerola bio à croquer Naturland Goût fruits rouges-30 comprimés","p":12.99,"u":"0,43 €/P","img":"https://fd13-photos.leclercdrive.fr/image.ashx?id=2516926&use=l&cat=p&typeid=i","cat":301264},{"id":154884,"n":"Liniment bébé bio Jonzac 1L","p":12.99,"u":"12,99 €/L","img":"https://fd13-photos.leclercdrive.fr/image.ashx?id=2912272&use=l&cat=p&typeid=i","cat":290387},{"id":154887,"n":"Crème soin nuit Vichy Effet SPA - 75ml","p":28.04,"u":"373,87 €/L","img":"https://fd13-photos.leclercdrive.fr/image.ashx?id=2125119&use=l&cat=p&typeid=i","cat":291171},{"id":154894,"n":"Sucette mixte 0-6 mois Dodie Silicone - x2","p":4.9,"u":"2,45 €/P","img":"https://fd13-photos.leclercdrive.fr/image.ashx?id=2846069&use=l&cat=p&typeid=i","cat":290430},{"id":154895,"n":"Tétine plate 0-6 mois Dodie  Col large débit 1 - x2","p":3.99,"img":"https://fd13-photos.leclercdrive.fr/image.ashx?id=2845479&use=l&cat=p&typeid=i","cat":290386},{"id":154903,"n":"Spray isotoniq Marimer 100ml","p":2.78,"u":"27,80 €/L","img":"https://fd13-photos.leclercdrive.fr/image.ashx?id=2524997&use=l&cat=p&typeid=i","cat":301256},{"id":154904,"n":"Crème Apaisante Saforelle Tube - 100ml","p":9.99,"u":"99,90 €/L","img":"https://fd13-photos.leclercdrive.fr/image.ashx?id=2583617&use=l&cat=p&typeid=i","cat":328622},{"id":154908,"n":"Shampooing Dercos Cheveux gras  Anti-pellicullaire - 200ml","p":8.48,"u":"42,40 €/L","img":"https://fd13-photos.leclercdrive.fr/image.ashx?id=2555511&use=l&cat=p&typeid=i","cat":290400},{"id":154912,"n":"Crème pieds Xerial 30 SVR 50ml","p":6.44,"u":"128,80 €/L","img":"https://fd13-photos.leclercdrive.fr/image.ashx?id=2971619&use=l&cat=p&typeid=i","cat":290424},{"id":154913,"n":"Sucettes Dodie +6m nuit A36 - x2","p":4.9,"u":"2,45 €/P","img":"https://fd13-photos.leclercdrive.fr/image.ashx?id=2846072&use=l&cat=p&typeid=i","cat":290430},{"id":154915,"n":"Forte nuit 8h Forte Pharma 30 comprimés","p":12.48,"u":"0,42 €/P","img":"https://fd13-photos.leclercdrive.fr/image.ashx?id=2087607&use=l&cat=p&typeid=i","cat":301265},{"id":154916,"n":"Vitalité 4G Forte 30 ampoules","p":13.92,"u":"0,46 €/P","img":"https://fd13-photos.leclercdrive.fr/image.ashx?id=2087598&use=l&cat=p&typeid=i","cat":301264},{"id":154926,"n":"Baume du Tigre Blanc 30g","p":10.77,"u":"359,00 €/KG","img":"https://fd13-photos.leclercdrive.fr/image.ashx?id=2488800&use=l&cat=p&typeid=i","cat":290421},{"id":154927,"n":"Dentifrice Parodontax Blancheur - 75ml","p":3.9,"u":"52,00 €/L","img":"https://fd13-photos.leclercdrive.fr/image.ashx?id=2536957&use=l&cat=p&typeid=i","cat":290419},{"id":154928,"n":"Eau nettoyante 3 en 1 Dodie  500ml","p":5.29,"img":"https://fd13-photos.leclercdrive.fr/image.ashx?id=2845494&use=l&cat=p&typeid=i","cat":290425},{"id":154929,"n":"Eau florale bleuet Haut Segala 250ml","p":7.99,"u":"31,96 €/L","img":"https://fd13-photos.leclercdrive.fr/image.ashx?id=2087466&use=l&cat=p&typeid=i","cat":301587},{"id":154932,"n":"Gélulte Granions Prostate 40 gélules","p":15.99,"u":"0,40 €/P","img":"https://fd13-photos.leclercdrive.fr/image.ashx?id=2965193&use=l&cat=p&typeid=i","cat":301268},{"id":154934,"n":"Spray anti-pique  Puressentiel   200ml","p":17.99,"u":"89,95 €/L","img":"https://fd13-photos.leclercdrive.fr/image.ashx?id=2988523&use=l&cat=p&typeid=i","cat":290402},{"id":154945,"n":"Spray nasal Puressentiel Décongestionnant - 15ml","p":5.86,"u":"390,67 €/L","img":"https://fd13-photos.leclercdrive.fr/image.ashx?id=2988620&use=l&cat=p&typeid=i","cat":301256},{"id":154946,"n":"Shampooing Anti Chute Dercos 400ml","p":13.55,"u":"33,88 €/L","img":"https://fd13-photos.leclercdrive.fr/image.ashx?id=2938731&use=l&cat=p&typeid=i","cat":290400},{"id":154950,"n":"Anaca3+ minceur 12-en-1 120 gélules","p":33.99,"u":"0,28 €/P","img":"https://fd13-photos.leclercdrive.fr/image.ashx?id=2482417&use=l&cat=p&typeid=i","cat":301267},{"id":154955,"n":"Test ovulation Suretest Boite de 10","p":18.2,"u":"1,82 €/P","img":"https://fd13-photos.leclercdrive.fr/image.ashx?id=2087080&use=l&cat=p&typeid=i","cat":291159},{"id":154958,"n":"Bouts de sein Dodie Taille standard - x2","p":8.43,"img":"https://fd13-photos.leclercdrive.fr/image.ashx?id=2842789&use=l&cat=p&typeid=i","cat":291159},{"id":154961,"n":"Dentifrice Parodontax Menthe - 75ml","p":4.3,"u":"57,33 €/L","img":"https://fd13-photos.leclercdrive.fr/image.ashx?id=2536975&use=l&cat=p&typeid=i","cat":290419},{"id":154963,"n":"Tétine plate +18 mois Dodie  Col large débit rapide - x2","p":3.99,"u":"2,00 €/P","img":"https://fd13-photos.leclercdrive.fr/image.ashx?id=2845491&use=l&cat=p&typeid=i","cat":290386},{"id":154969,"n":"Actipoche grand modèle  20x30cm","p":11.5,"img":"https://fd13-photos.leclercdrive.fr/image.ashx?id=2087169&use=l&cat=p&typeid=i","cat":291163},{"id":154970,"n":"Actipoche modèle moyen 11x27cm","p":7.0,"img":"https://fd13-photos.leclercdrive.fr/image.ashx?id=2087166&use=l&cat=p&typeid=i","cat":291163},{"id":154971,"n":"Solution nasale bébé Stérimar 100ml","p":4.9,"u":"49,00 €/L","img":"https://fd13-photos.leclercdrive.fr/image.ashx?id=2697021&use=l&cat=p&typeid=i","cat":290385},{"id":154975,"n":"Soin anti rides Hyalu B5 Riche La Roche Posay - 40ml","p":23.71,"u":"592,75 €/L","img":"https://fd13-photos.leclercdrive.fr/image.ashx?id=2094011&use=l&cat=p&typeid=i","cat":291168},{"id":154981,"n":"Magne 300 marin Forte Pharma 56 comprimés","p":6.99,"u":"0,12 €/P","img":"https://fd13-photos.leclercdrive.fr/image.ashx?id=2742201&use=l&cat=p&typeid=i","cat":301264},{"id":154983,"n":"Brulactiv fort Forte Pharma Perte de poids - 60 gélules","p":33.99,"u":"0,57 €/P","img":"https://fd13-photos.leclercdrive.fr/image.ashx?id=2087568&use=l&cat=p&typeid=i","cat":301267},{"id":154985,"n":"Crème hydratante riche Vichy Aqualia Thermal - 50ml","p":18.89,"u":"377,80 €/L","img":"https://fd13-photos.leclercdrive.fr/image.ashx?id=2126199&use=l&cat=p&typeid=i","cat":291171},{"id":154986,"n":"Crème hydratante Vichy Aqualia légère - 50ml","p":18.89,"u":"377,80 €/L","img":"https://fd13-photos.leclercdrive.fr/image.ashx?id=2094008&use=l&cat=p&typeid=i","cat":291171},{"id":154987,"n":"Ampoules Gelée royale Forte Bio - 2000mg - x20","p":12.89,"u":"0,64 €/P","img":"https://fd13-photos.leclercdrive.fr/image.ashx?id=2351870&use=l&cat=p&typeid=i","cat":301264},{"id":155123,"n":"Biscuits fourrés  BN Fraises - 285g","p":1.36,"u":"4,77 €/KG","img":"https://fd13-photos.leclercdrive.fr/image.ashx?id=2878804&use=l&cat=p&typeid=i","cat":284489},{"id":155134,"n":"Knacki original Herta x4 - 140g","p":1.37,"u":"9,79 €/KG","img":"https://fd13-photos.leclercdrive.fr/image.ashx?id=2289840&use=l&cat=p&typeid=i","cat":316012},{"id":155137,"n":"Thalamag equilibre intérieur 30 comprimés","p":7.45,"u":"0,25 €/P","img":"https://fd13-photos.leclercdrive.fr/image.ashx?id=2567092&use=l&cat=p&typeid=i","cat":301264},{"id":155140,"n":"Gestarelle G3+ 90 comprimés","p":19.38,"u":"0,22 €/P","img":"https://fd13-photos.leclercdrive.fr/image.ashx?id=2522929&use=l&cat=p&typeid=i","cat":301268},{"id":155142,"n":"Lait 1er âge Biostime Infantile bio - 800g","p":21.99,"u":"27,49 €/KG","img":"https://fd13-photos.leclercdrive.fr/image.ashx?id=2096272&use=l&cat=p&typeid=i","cat":300523},{"id":155143,"n":"Stick lèvres Neutrogena 4,8g","p":3.5,"u":"875,00 €/KG","img":"https://fd13-photos.leclercdrive.fr/image.ashx?id=2941736&use=l&cat=p&typeid=i","cat":291172},{"id":155206,"n":"Bière blonde Anosteké 8° - 33cl","p":2.37,"u":"7,18 €/L","img":"https://fd13-photos.leclercdrive.fr/image.ashx?id=2433141&use=l&cat=p&typeid=i","cat":334872},{"id":155209,"n":"Bière blonde Anosteké IPA 6° - 33cl","p":2.44,"u":"7,39 €/L","img":"https://fd13-photos.leclercdrive.fr/image.ashx?id=2113283&use=l&cat=p&typeid=i","cat":334872},{"id":155244,"n":"Mini cônes Extrême  Vanille  - 8x39g","p":4.47,"u":"14,33 €/KG","img":"https://fd13-photos.leclercdrive.fr/image.ashx?id=2737741&use=l&cat=p&typeid=i","cat":284264},{"id":155295,"n":"Préparation Cookies alsa Pépites de Chocolat - 240g","p":2.19,"u":"9,13 €/KG","img":"https://fd13-photos.leclercdrive.fr/image.ashx?id=2996446&use=l&cat=p&typeid=i","cat":284505},{"id":155300,"n":"Capsules Starbucks by Nespresso  Italian Style Int 11 - x10","p":3.68,"u":"65,71 €/KG","img":"https://fd13-photos.leclercdrive.fr/image.ashx?id=2654068&use=l&cat=p&typeid=i","cat":284749},{"id":155301,"n":"Biscuit BN chocolat 285g","p":1.36,"u":"4,77 €/KG","img":"https://fd13-photos.leclercdrive.fr/image.ashx?id=2810705&use=l&cat=p&typeid=i","cat":284488},{"id":155302,"n":"Biscuits BN casse croute 400g","p":1.42,"u":"3,55 €/KG","img":"https://fd13-photos.leclercdrive.fr/image.ashx?id=2503900&use=l&cat=p&typeid=i","cat":284491},{"id":155303,"n":"Briochettes Pasquier x12 - 480g","p":2.28,"u":"4,75 €/KG","img":"https://fd13-photos.leclercdrive.fr/image.ashx?id=2417857&use=l&cat=p&typeid=i","cat":284478},{"id":155379,"n":"Piles Duracell LR1 1,5V x2","p":6.6,"img":"https://fd13-photos.leclercdrive.fr/image.ashx?id=2113784&use=l&cat=p&typeid=i","cat":300572},{"id":155383,"n":"Piles Duracell LR54","p":3.25,"img":"https://fd13-photos.leclercdrive.fr/image.ashx?id=2422571&use=l&cat=p&typeid=i","cat":300572},{"id":155386,"n":"Piles Duracell LR43 X1","p":3.25,"img":"https://fd13-photos.leclercdrive.fr/image.ashx?id=2114266&use=l&cat=p&typeid=i","cat":300572},{"id":155414,"n":"Pile oxyde d'argent Duracell 392/384 1,55 V x1","p":3.85,"img":"https://fd13-photos.leclercdrive.fr/image.ashx?id=2421931&use=l&cat=p&typeid=i","cat":300572},{"id":155432,"n":"Moulin à poivre Ogo Pro Bois naturel - 23 cm - x1","p":19.9,"img":"https://fd13-photos.leclercdrive.fr/image.ashx?id=2116506&use=l&cat=p&typeid=i","cat":334135},{"id":155437,"n":"Tête franges la Véritable Elephant - x1","p":5.85,"img":"https://fd13-photos.leclercdrive.fr/image.ashx?id=2571494&use=l&cat=p&typeid=i","cat":284669},{"id":155439,"n":"Seau Serpillère France Elephant x1","p":8.1,"img":"https://fd13-photos.leclercdrive.fr/image.ashx?id=2575543&use=l&cat=p&typeid=i","cat":284669},{"id":155440,"n":"Essoreur design France Elephant - x1","p":3.75,"img":"https://fd13-photos.leclercdrive.fr/image.ashx?id=2570421&use=l&cat=p&typeid=i","cat":284669},{"id":155441,"n":"Tissus d'entretien Elephant x10","p":4.9,"img":"https://fd13-photos.leclercdrive.fr/image.ashx?id=2570418&use=l&cat=p&typeid=i","cat":325364},{"id":155475,"n":"Pince Barbecue Silicone x1","p":2.99,"img":"https://fd13-photos.leclercdrive.fr/image.ashx?id=2118084&use=l&cat=p&typeid=i","cat":334135},{"id":155511,"n":"Nettoyant Lave-Linge Destop  Désinfectant - x2","p":5.09,"u":"10,18 €/L","img":"https://fd13-photos.leclercdrive.fr/image.ashx?id=2831735&use=l&cat=p&typeid=i","cat":284653},{"id":155546,"n":"Assiettes dessert 17cm Blanc sans film PE - x50","p":2.69,"u":"0,05 €/P","img":"https://fd13-photos.leclercdrive.fr/image.ashx?id=2096688&use=l&cat=p&typeid=i","cat":334134},{"id":155549,"n":"Glace Bâtonnet MAGNUM Double Gold Caramel 4x85ml","p":2.95,"u":"10,39 €/KG","img":"https://fd13-photos.leclercdrive.fr/image.ashx?id=2770620&use=l&cat=p&typeid=i","cat":284265},{"id":155551,"n":"Mini bâtonnet Magnum  Double gold caramel x6 - 282g","p":4.31,"u":"15,28 €/KG","img":"https://fd13-photos.leclercdrive.fr/image.ashx?id=2769239&use=l&cat=p&typeid=i","cat":284265},{"id":155645,"n":"Café moulu Chapuis Arabica d'or - 250g","p":5.32,"u":"21,28 €/KG","img":"https://fd13-photos.leclercdrive.fr/image.ashx?id=2148230&use=l&cat=p&typeid=i","cat":284750},{"id":155646,"n":"Café en grains Chapuis Arabica d'or - 250g","p":5.5,"u":"22,00 €/KG","img":"https://fd13-photos.leclercdrive.fr/image.ashx?id=2098928&use=l&cat=p&typeid=i","cat":293237},{"id":155647,"n":"Café moulu Chapuis Bio Trésor des Incas - 500g","p":12.15,"u":"24,30 €/KG","img":"https://fd13-photos.leclercdrive.fr/image.ashx?id=2098931&use=l&cat=p&typeid=i","cat":284750},{"id":155648,"n":"Café en grains Chapuis Trésor de Incas Bio - 500g","p":11.81,"u":"23,62 €/KG","img":"https://fd13-photos.leclercdrive.fr/image.ashx?id=2098934&use=l&cat=p&typeid=i","cat":293237},{"id":155649,"n":"Café moulu Chapuis  Tradition  - 250g","p":4.49,"u":"17,96 €/KG","img":"https://fd13-photos.leclercdrive.fr/image.ashx?id=2148227&use=l&cat=p&typeid=i","cat":284750},{"id":155650,"n":"Café en grains Chapuis Tradition - 1kg","p":16.77,"u":"16,77 €/KG","img":"https://fd13-photos.leclercdrive.fr/image.ashx?id=2148224&use=l&cat=p&typeid=i","cat":293237},{"id":155652,"n":"Café moulu Chapuis bio Pérou - 250g","p":5.38,"u":"21,52 €/KG","img":"https://fd13-photos.leclercdrive.fr/image.ashx?id=2098937&use=l&cat=p&typeid=i","cat":284750},{"id":155653,"n":"Café en grains Chapuis Terroir du monde - 1kg","p":19.93,"u":"19,93 €/KG","img":"https://fd13-photos.leclercdrive.fr/image.ashx?id=2110581&use=l&cat=p&typeid=i","cat":293237},{"id":155714,"n":"Déboucheur Gel Destop  Spécial Cheveux - 1L","p":2.64,"u":"2,64 €/L","img":"https://fd13-photos.leclercdrive.fr/image.ashx?id=2625388&use=l&cat=p&typeid=i","cat":284908},{"id":155717,"n":"Sauce apéritif  Doritos Goût salsa douce -280g","p":2.42,"u":"8,64 €/KG","img":"https://fd13-photos.leclercdrive.fr/image.ashx?id=3014476&use=l&cat=p&typeid=i","cat":284451},{"id":155772,"n":"Spray Détachant à Sec Vanish  500ml","p":4.98,"u":"9,96 €/L","img":"https://fd13-photos.leclercdrive.fr/image.ashx?id=2680410&use=l&cat=p&typeid=i","cat":284651},{"id":155795,"n":"Soda Coca-Cola - SANS SUCRES Canette - 6x33cl","p":3.35,"u":"1,69 €/L","img":"https://fd13-photos.leclercdrive.fr/image.ashx?id=2736805&use=l&cat=p&typeid=i","cat":284530},{"id":155816,"n":"Compote avec morceaux Andros Framboise - 4x100g","p":2.58,"u":"6,45 €/KG","img":"https://fd13-photos.leclercdrive.fr/image.ashx?id=2908201&use=l&cat=p&typeid=i","cat":284416},{"id":155821,"n":"Chou romanesco 1p","p":2.49,"img":"https://fd13-photos.leclercdrive.fr/image.ashx?id=1631949&use=l&cat=p&typeid=i","cat":284352},{"id":155828,"n":"Chou rouge 1p","p":1.99,"img":"https://fd13-photos.leclercdrive.fr/image.ashx?id=560850&use=l&cat=p&typeid=i","cat":284352},{"id":155829,"n":"Salade laitue verte 1p","p":0.99,"img":"https://fd13-photos.leclercdrive.fr/image.ashx?id=1633040&use=l&cat=p&typeid=i","cat":284352},{"id":155833,"n":"Feuille de chêne rouge 1p","p":0.99,"img":"https://fd13-photos.leclercdrive.fr/image.ashx?id=1633670&use=l&cat=p&typeid=i","cat":284352},{"id":155894,"n":"Blanc de Dinde Le Gaulois Sans nitrites x4 tranches -160g","p":2.12,"u":"13,25 €/KG","img":"https://fd13-photos.leclercdrive.fr/image.ashx?id=2962623&use=l&cat=p&typeid=i","cat":316010},{"id":155900,"n":"Boisson aux Fruits Jafun Tropical - 10x20cl","p":3.2,"u":"1,60 €/L","img":"https://fd13-photos.leclercdrive.fr/image.ashx?id=2403282&use=l&cat=p&typeid=i","cat":295018},{"id":155902,"n":"Boîte rectangulaire Luminarc Pure box - 1,22L","p":7.49,"img":"https://fd13-photos.leclercdrive.fr/image.ashx?id=2112713&use=l&cat=p&typeid=i","cat":284710},{"id":155903,"n":"Boîte rectangulaire Luminarc Pure box - 1,97L","p":9.85,"img":"https://fd13-photos.leclercdrive.fr/image.ashx?id=2112716&use=l&cat=p&typeid=i","cat":284710},{"id":155904,"n":"Cure-dents Homeside x120","p":0.4,"img":"https://fd13-photos.leclercdrive.fr/image.ashx?id=2118069&use=l&cat=p&typeid=i","cat":334135},{"id":155909,"n":"Bac à glaçons souple x1","p":2.5,"img":"https://fd13-photos.leclercdrive.fr/image.ashx?id=2118072&use=l&cat=p&typeid=i","cat":334135},{"id":155910,"n":"Casse noix zamac x1","p":4.79,"img":"https://fd13-photos.leclercdrive.fr/image.ashx?id=2118090&use=l&cat=p&typeid=i","cat":334135},{"id":155913,"n":"Brochette 15cm x75","p":0.67,"img":"https://fd13-photos.leclercdrive.fr/image.ashx?id=2118066&use=l&cat=p&typeid=i","cat":334135},{"id":155914,"n":"Spatule trendy x1","p":3.9,"img":"https://fd13-photos.leclercdrive.fr/image.ashx?id=2118102&use=l&cat=p&typeid=i","cat":334135},{"id":155916,"n":"Eplucheur trendy x1","p":3.5,"img":"https://fd13-photos.leclercdrive.fr/image.ashx?id=2118099&use=l&cat=p&typeid=i","cat":334135},{"id":155917,"n":"Bol pâtissier inox x1","p":6.9,"img":"https://fd13-photos.leclercdrive.fr/image.ashx?id=2118078&use=l&cat=p&typeid=i","cat":334135},{"id":155924,"n":"Gourde en verre avec housse 310ml","p":3.9,"img":"https://fd13-photos.leclercdrive.fr/image.ashx?id=2118147&use=l&cat=p&typeid=i","cat":284710},{"id":155939,"n":"Lot de 2 sous gateaux Diamètre 32 - carton doré","p":2.9,"img":"https://fd13-photos.leclercdrive.fr/image.ashx?id=2115592&use=l&cat=p&typeid=i","cat":334135},{"id":155945,"n":"Couvercles extensibles en silicone-  x5","p":4.9,"img":"https://fd13-photos.leclercdrive.fr/image.ashx?id=2118150&use=l&cat=p&typeid=i","cat":334134},{"id":155947,"n":"Gourde acier inox Bouteille Isotherme - 1L","p":19.9,"img":"https://fd13-photos.leclercdrive.fr/image.ashx?id=2114758&use=l&cat=p&typeid=i","cat":284710},{"id":155951,"n":"Recharge 2en1 Vileda Brosserie serpillère Turbo  x1","p":7.9,"img":"https://fd13-photos.leclercdrive.fr/image.ashx?id=2672515&use=l&cat=p&typeid=i","cat":284669},{"id":155975,"n":"Moule 6 muffins x1","p":5.9,"img":"https://fd13-photos.leclercdrive.fr/image.ashx?id=2118057&use=l&cat=p&typeid=i","cat":298490},{"id":155980,"n":"Beurrier vache Luminarc Ensemble 2 pièces","p":6.5,"img":"https://fd13-photos.leclercdrive.fr/image.ashx?id=2578891&use=l&cat=p&typeid=i","cat":334134},{"id":155983,"n":"Manique de cuisine cotin Couleur aléatoire - x1","p":1.47,"img":"https://fd13-photos.leclercdrive.fr/image.ashx?id=2118087&use=l&cat=p&typeid=i","cat":334135},{"id":155987,"n":"Plat à four rectangulaire Pyrex 39x25cm","p":20.9,"img":"https://fd13-photos.leclercdrive.fr/image.ashx?id=2657493&use=l&cat=p&typeid=i","cat":298490},{"id":155992,"n":"Moule 12 madeleines aluminium 35cmx27cm","p":5.5,"img":"https://fd13-photos.leclercdrive.fr/image.ashx?id=2833038&use=l&cat=p&typeid=i","cat":298490},{"id":155993,"n":"Terrines 100mm FA Wiss 750g x6","p":16.1,"img":"https://fd13-photos.leclercdrive.fr/image.ashx?id=2807483&use=l&cat=p&typeid=i","cat":284710},{"id":155996,"n":"Bouchons collerette Homeside - x1","p":1.9,"img":"https://fd13-photos.leclercdrive.fr/image.ashx?id=2118075&use=l&cat=p&typeid=i","cat":334135},{"id":156020,"n":"Soda Sprite Canette - 6x33cl","p":3.52,"u":"1,78 €/L","img":"https://fd13-photos.leclercdrive.fr/image.ashx?id=2973994&use=l&cat=p&typeid=i","cat":284531},{"id":156022,"n":"Soda Coca Cola Cherry Canette 6x33cl","p":4.34,"u":"2,19 €/L","img":"https://fd13-photos.leclercdrive.fr/image.ashx?id=2997226&use=l&cat=p&typeid=i","cat":284530},{"id":156067,"n":"Soda Coca-Cola Canette - 6x33cl","p":4.22,"u":"2,13 €/L","img":"https://fd13-photos.leclercdrive.fr/image.ashx?id=2997229&use=l&cat=p&typeid=i","cat":284530},{"id":156135,"n":"Soda Coca-Cola canettes 12x33cl","p":8.31,"u":"2,10 €/L","img":"https://fd13-photos.leclercdrive.fr/image.ashx?id=2192940&use=l&cat=p&typeid=i","cat":284530},{"id":156138,"n":"Soda Coca-Cola Original Canettes - 20x33cl","p":13.85,"u":"2,10 €/L","img":"https://fd13-photos.leclercdrive.fr/image.ashx?id=2846766&use=l&cat=p&typeid=i","cat":284530},{"id":156139,"n":"Soda Coca-Cola - SANS SUCRES Canettes - 20x33cl","p":11.1,"u":"1,68 €/L","img":"https://fd13-photos.leclercdrive.fr/image.ashx?id=2174513&use=l&cat=p&typeid=i","cat":284530},{"id":156140,"n":"Soda Fanta Mangue fruit du dragon canettes - 6x33cl","p":3.98,"u":"2,01 €/L","img":"https://fd13-photos.leclercdrive.fr/image.ashx?id=2996118&use=l&cat=p&typeid=i","cat":284532},{"id":156141,"n":"Soda Fanta citron frappé canettes - 6x33cl","p":3.75,"u":"1,89 €/L","img":"https://fd13-photos.leclercdrive.fr/image.ashx?id=2660212&use=l&cat=p&typeid=i","cat":284532},{"id":156144,"n":"Boisson énergisante Monster Ultra Paradise - 50cl","p":1.65,"u":"3,30 €/L","img":"https://fd13-photos.leclercdrive.fr/image.ashx?id=2681457&use=l&cat=p&typeid=i","cat":284533},{"id":156145,"n":"Thé glacé Fuze tea Saveur pêche - 1,75L","p":1.9,"u":"1,09 €/L","img":"https://fd13-photos.leclercdrive.fr/image.ashx?id=2944395&use=l&cat=p&typeid=i","cat":295019},{"id":156151,"n":"Cônes Extrême Sundae Caramel - 438g","p":3.72,"u":"8,49 €/KG","img":"https://fd13-photos.leclercdrive.fr/image.ashx?id=2844034&use=l&cat=p&typeid=i","cat":284264},{"id":156156,"n":"Fromage enfant Kiri crème 8 portions à tartiner - 144g","p":2.05,"u":"0,26 €/P","img":"https://fd13-photos.leclercdrive.fr/image.ashx?id=2973562&use=l&cat=p&typeid=i","cat":314030},{"id":156175,"n":"Doomino St Michel Chocolat - x6","p":1.93,"u":"10,72 €/KG","img":"https://fd13-photos.leclercdrive.fr/image.ashx?id=2949979&use=l&cat=p&typeid=i","cat":284495},{"id":156188,"n":"Préparation Flan Pâtissier alsa Vanille - 740g","p":2.66,"u":"3,59 €/KG","img":"https://fd13-photos.leclercdrive.fr/image.ashx?id=2790591&use=l&cat=p&typeid=i","cat":284505},{"id":156189,"n":"Préparation Gâteau alsa Brownies - 305g","p":2.81,"u":"9,21 €/KG","img":"https://fd13-photos.leclercdrive.fr/image.ashx?id=2996440&use=l&cat=p&typeid=i","cat":284505},{"id":156190,"n":"Joker 30% Moins Sucré Orange sans pulpe - 0,9L","p":2.23,"u":"2,48 €/L","img":"https://fd13-photos.leclercdrive.fr/image.ashx?id=3001296&use=l&cat=p&typeid=i","cat":284521},{"id":156198,"n":"Bière blonde Tripel Karmeliet 8,4% - 6x33cl","p":12.7,"u":"6,41 €/L","img":"https://fd13-photos.leclercdrive.fr/image.ashx?id=2675586&use=l&cat=p&typeid=i","cat":334872},{"id":156199,"n":"Bière ambrée Kwak 8,4° - 6x33cl","p":12.95,"u":"6,54 €/L","img":"https://fd13-photos.leclercdrive.fr/image.ashx?id=2677504&use=l&cat=p&typeid=i","cat":334872},{"id":156200,"n":"Wraps Old El Paso de blé nature format familial x10 - 580g","p":3.81,"u":"6,57 €/KG","img":"https://fd13-photos.leclercdrive.fr/image.ashx?id=2745352&use=l&cat=p&typeid=i","cat":288993},{"id":156223,"n":"Croquette Truite One Sterilcat Indoor formula","p":14.22,"u":"4,74 €/KG","img":"https://fd13-photos.leclercdrive.fr/image.ashx?id=2488076&use=l&cat=p&typeid=i","cat":284680},{"id":156299,"n":"Yaourt à la grecque YAOS  Vanille - 8x125g","p":4.18,"u":"4,18 €/KG","img":"https://fd13-photos.leclercdrive.fr/image.ashx?id=3007942&use=l&cat=p&typeid=i","cat":314999},{"id":156343,"n":"Abondance AOP NRT L'Atelier Fromagerie - 150g","p":3.2,"u":"21,33 €/KG","img":"https://fd13-photos.leclercdrive.fr/image.ashx?id=2123907&use=l&cat=p&typeid=i","cat":314036},{"id":156344,"n":"Fromage Beaufort AOP L'Atelier Fromagerie - 150g","p":4.49,"u":"29,93 €/KG","img":"https://fd13-photos.leclercdrive.fr/image.ashx?id=2120472&use=l&cat=p&typeid=i","cat":327294},{"id":156346,"n":"Pointe Brie de Meaux AOP L'Atelier Fromagerie - 200g","p":3.19,"u":"15,95 €/KG","img":"https://fd13-photos.leclercdrive.fr/image.ashx?id=2123910&use=l&cat=p&typeid=i","cat":314036},{"id":156347,"n":"Pointe de Melun AOP L'Atelier Fromagerie - 185g","p":4.25,"u":"22,97 €/KG","img":"https://fd13-photos.leclercdrive.fr/image.ashx?id=2124128&use=l&cat=p&typeid=i","cat":314036},{"id":156351,"n":"Coulommiers 3/4 affiné L'Atelier Fromagerie - 250g","p":3.95,"u":"15,80 €/KG","img":"https://fd13-photos.leclercdrive.fr/image.ashx?id=2546156&use=l&cat=p&typeid=i","cat":314036},{"id":156353,"n":"Rocamadour fermier AOP L'Atelier Fromagerie - 2x35g","p":2.5,"u":"35,71 €/KG","img":"https://fd13-photos.leclercdrive.fr/image.ashx?id=2697471&use=l&cat=p&typeid=i","cat":314036},{"id":156355,"n":"Grana padano 20 mois AOP L'Atelier Fromagerie - 180g","p":3.99,"u":"22,17 €/KG","img":"https://fd13-photos.leclercdrive.fr/image.ashx?id=2817178&use=l&cat=p&typeid=i","cat":314036},{"id":156397,"n":"Glaces Ferrero Rocher x4 chocolat lait noisettes - 200g","p":3.49,"img":"https://fd13-photos.leclercdrive.fr/image.ashx?id=2759065&use=l&cat=p&typeid=i","cat":284265},{"id":156405,"n":"Cônes macaron caramel Extrême x6 - 396g","p":3.5,"u":"8,84 €/KG","img":"https://fd13-photos.leclercdrive.fr/image.ashx?id=2878378&use=l&cat=p&typeid=i","cat":284264},{"id":156412,"n":"Glaces Nui Caramel White chocolate & Texan pecan x4 264g","p":4.51,"u":"17,08 €/KG","img":"https://fd13-photos.leclercdrive.fr/image.ashx?id=2519900&use=l&cat=p&typeid=i","cat":284265},{"id":156415,"n":"Bâtonnet Raffaello  Noix de coco amandes x4 - 188g","p":3.53,"u":"18,78 €/KG","img":"https://fd13-photos.leclercdrive.fr/image.ashx?id=2863890&use=l&cat=p&typeid=i","cat":284265},{"id":156424,"n":"Camembert Les Croisés   A chauffer - 250g","p":2.99,"u":"11,96 €/KG","img":"https://fd13-photos.leclercdrive.fr/image.ashx?id=2793299&use=l&cat=p&typeid=i","cat":314037},{"id":156436,"n":"Lave glace Eco  Jusqu'à -10°C - 5L","p":3.65,"u":"0,73 €/L","img":"https://fd13-photos.leclercdrive.fr/image.ashx?id=2187257&use=l&cat=p&typeid=i","cat":298252},{"id":156465,"n":"AOC Muscadet blanc Plessis Duval - 3L","p":16.64,"u":"5,55 €/L","img":"https://fd13-photos.leclercdrive.fr/image.ashx?id=2941023&use=l&cat=p&typeid=i","cat":289557},{"id":156493,"n":"Petit pot bébé Blédina 6 mois  Légumes bœuf - 2x200g","p":2.37,"u":"5,93 €/KG","img":"https://fd13-photos.leclercdrive.fr/image.ashx?id=2968091&use=l&cat=p&typeid=i","cat":312236},{"id":156494,"n":"Petit pot bébé Blédina 6 mois Riz légumes saumon - 2x200g","p":2.32,"u":"5,80 €/KG","img":"https://fd13-photos.leclercdrive.fr/image.ashx?id=2911214&use=l&cat=p&typeid=i","cat":312236},{"id":156495,"n":"Petit pot bébé Blédina 6 mois Légumes lieu - 2x200g","p":1.78,"u":"4,45 €/KG","img":"https://fd13-photos.leclercdrive.fr/image.ashx?id=2935771&use=l&cat=p&typeid=i","cat":312236},{"id":156496,"n":"Petit pot bébé Blédina 6 mois Potimarron jambon - 2x200g","p":2.19,"u":"5,48 €/KG","img":"https://fd13-photos.leclercdrive.fr/image.ashx?id=2935768&use=l&cat=p&typeid=i","cat":312236},{"id":156497,"n":"Petit pot bébé Blédina 8 mois Riz ratatouille poisson -2x200g","p":1.91,"u":"4,78 €/KG","img":"https://fd13-photos.leclercdrive.fr/image.ashx?id=2911208&use=l&cat=p&typeid=i","cat":312236},{"id":156499,"n":"Petit pot bébé Blédina 8 mois Légumes poulet - 2x200g","p":2.08,"u":"5,20 €/KG","img":"https://fd13-photos.leclercdrive.fr/image.ashx?id=2935765&use=l&cat=p&typeid=i","cat":312236},{"id":156501,"n":"Petit pot bébé Blédina 6 mois Légumes jambon - 2x200g","p":2.17,"u":"5,43 €/KG","img":"https://fd13-photos.leclercdrive.fr/image.ashx?id=2948767&use=l&cat=p&typeid=i","cat":312236},{"id":156503,"n":"Petit pot bébé Blédina 6 mois  Légumes verts poulet - 2x200g","p":2.15,"u":"5,38 €/KG","img":"https://fd13-photos.leclercdrive.fr/image.ashx?id=2983063&use=l&cat=p&typeid=i","cat":312236},{"id":156527,"n":"Capsules Starbucks by Nespresso  Blonde Espresso Int 6 - x18","p":6.05,"u":"64,36 €/KG","img":"https://fd13-photos.leclercdrive.fr/image.ashx?id=2668177&use=l&cat=p&typeid=i","cat":284749},{"id":156528,"n":"Petit pot bébé Blédina 4-6 mois Carotte - 2x130g","p":1.22,"u":"4,69 €/KG","img":"https://fd13-photos.leclercdrive.fr/image.ashx?id=2911870&use=l&cat=p&typeid=i","cat":312234},{"id":156538,"n":"Compote bébé Blédina 6 mois  Aux fruits - 4x130g","p":2.55,"u":"4,90 €/KG","img":"https://fd13-photos.leclercdrive.fr/image.ashx?id=2911196&use=l&cat=p&typeid=i","cat":312388},{"id":156539,"n":"Petit pot bébé Blédina 6 mois Semoule carotte dinde - 2x200g","p":2.19,"u":"5,48 €/KG","img":"https://fd13-photos.leclercdrive.fr/image.ashx?id=2935774&use=l&cat=p&typeid=i","cat":312236},{"id":156540,"n":"Petit pot bébé Blédina 6 mois Patate douce carotte-2x200g","p":1.92,"u":"4,80 €/KG","img":"https://fd13-photos.leclercdrive.fr/image.ashx?id=2951617&use=l&cat=p&typeid=i","cat":312235},{"id":156550,"n":"Petites Tartelettes Bonne Maman Chocolat caramel - 250g","p":2.44,"u":"9,76 €/KG","img":"https://fd13-photos.leclercdrive.fr/image.ashx?id=2962302&use=l&cat=p&typeid=i","cat":284488},{"id":156563,"n":"Petit pot bébé Blédina 6 mois Purée carotte jambon - 2x200g","p":2.21,"u":"5,53 €/KG","img":"https://fd13-photos.leclercdrive.fr/image.ashx?id=2935762&use=l&cat=p&typeid=i","cat":312236},{"id":156598,"n":"Biscuits fourrés bio Jardin Bio Chocolat - 300g","p":2.38,"u":"7,93 €/KG","img":"https://fd13-photos.leclercdrive.fr/image.ashx?id=2903353&use=l&cat=p&typeid=i","cat":284488},{"id":156638,"n":"Emincés de truites fumé ASC Ronde des Mers - 100g","p":4.39,"u":"43,90 €/KG","img":"https://fd13-photos.leclercdrive.fr/image.ashx?id=2953638&use=l&cat=p&typeid=i","cat":285188},{"id":156911,"n":"Cahier Classeur Color Life A4 XL - Vert","p":2.81,"img":"https://fd13-photos.leclercdrive.fr/image.ashx?id=2134920&use=l&cat=p&typeid=i","cat":284745},{"id":156913,"n":"Cahier Classeur Color Life A4 XL - Bleu","p":2.81,"img":"https://fd13-photos.leclercdrive.fr/image.ashx?id=2134926&use=l&cat=p&typeid=i","cat":284745},{"id":156915,"n":"Cahier Classeur Color Life A4 XL - Rouge","p":2.81,"img":"https://fd13-photos.leclercdrive.fr/image.ashx?id=2134932&use=l&cat=p&typeid=i","cat":284745},{"id":156916,"n":"Cahier Classeur Color Life A4 XL - Bleu foncé","p":2.81,"img":"https://fd13-photos.leclercdrive.fr/image.ashx?id=2134935&use=l&cat=p&typeid=i","cat":284745},{"id":156917,"n":"Cahier Classeur Color Life A4 XL - Turquoise","p":2.81,"img":"https://fd13-photos.leclercdrive.fr/image.ashx?id=2134938&use=l&cat=p&typeid=i","cat":284745},{"id":156956,"n":"4 gommes softy et 2 minis Maped","p":2.75,"img":"https://fd13-photos.leclercdrive.fr/image.ashx?id=2129975&use=l&cat=p&typeid=i","cat":334133},{"id":157015,"n":"Pochettes coins A4 Exacompta 210X297mm - x10","p":2.92,"img":"https://fd13-photos.leclercdrive.fr/image.ashx?id=2121884&use=l&cat=p&typeid=i","cat":284745},{"id":157083,"n":"Cahier piqure 96pages Mimesys Grands carreaux - 21x29,7cm- X3","p":5.6,"img":"https://fd13-photos.leclercdrive.fr/image.ashx?id=2121911&use=l&cat=p&typeid=i","cat":284697},{"id":157098,"n":"Cahier piqure 96pages Mimesys Petits carreaux - 21X29,7cm- x3","p":5.6,"img":"https://fd13-photos.leclercdrive.fr/image.ashx?id=2121914&use=l&cat=p&typeid=i","cat":284697},{"id":157130,"n":"Recharges Frixion Ball 0,5 Bleu - x3","p":4.87,"img":"https://fd13-photos.leclercdrive.fr/image.ashx?id=2546386&use=l&cat=p&typeid=i","cat":284696},{"id":157131,"n":"Roller Frixion Ball  Noir Bleu - x4","p":8.3,"img":"https://fd13-photos.leclercdrive.fr/image.ashx?id=2127523&use=l&cat=p&typeid=i","cat":284696},{"id":157135,"n":"Recharges Frixion  x9","p":9.47,"img":"https://fd13-photos.leclercdrive.fr/image.ashx?id=2572143&use=l&cat=p&typeid=i","cat":284696},{"id":157137,"n":"Recharges Frixion  x9","p":9.47,"img":"https://fd13-photos.leclercdrive.fr/image.ashx?id=2545409&use=l&cat=p&typeid=i","cat":284696},{"id":157144,"n":"Roller Pilot Frixion Ball  x4 + surligneur - Rose","p":6.94,"img":"https://fd13-photos.leclercdrive.fr/image.ashx?id=2578037&use=l&cat=p&typeid=i","cat":284696},{"id":157156,"n":"Stylos-Bille 4 couleurs Party Champagne doré","p":2.28,"img":"https://fd13-photos.leclercdrive.fr/image.ashx?id=2972922&use=l&cat=p&typeid=i","cat":284696},{"id":157157,"n":"Crayons de couleur Bic Kids Evolution Illusion - x24","p":3.66,"img":"https://fd13-photos.leclercdrive.fr/image.ashx?id=2260656&use=l&cat=p&typeid=i","cat":284696},{"id":157160,"n":"Set de traçage Bic 3 pièces Double dec, Equerre, Rapporteur","p":2.49,"img":"https://fd13-photos.leclercdrive.fr/image.ashx?id=2164243&use=l&cat=p&typeid=i","cat":334133},{"id":157163,"n":"Stylo-bille 4 couleurs Bic 1 stylo + 2 coques","p":5.26,"img":"https://fd13-photos.leclercdrive.fr/image.ashx?id=2407100&use=l&cat=p&typeid=i","cat":284696},{"id":157183,"n":"Crayon à papier Stabilo Othello Arty -mines dures et tendres-x6","p":2.87,"img":"https://fd13-photos.leclercdrive.fr/image.ashx?id=2525339&use=l&cat=p&typeid=i","cat":284696},{"id":157217,"n":"Stylo-Bille 4 couleurs Bic All you need is love","p":1.78,"img":"https://fd13-photos.leclercdrive.fr/image.ashx?id=2135331&use=l&cat=p&typeid=i","cat":284696},{"id":157218,"n":"Stylo-Bille 4 couleurs Bic Happy Birthday","p":1.78,"img":"https://fd13-photos.leclercdrive.fr/image.ashx?id=2135334&use=l&cat=p&typeid=i","cat":284696},{"id":157219,"n":"Stylo-Bille 4 couleurs Bic I m so excited","p":1.78,"img":"https://fd13-photos.leclercdrive.fr/image.ashx?id=2135337&use=l&cat=p&typeid=i","cat":284696},{"id":157220,"n":"Stylo-Bille 4 couleurs Bic Who is the boss","p":1.78,"img":"https://fd13-photos.leclercdrive.fr/image.ashx?id=2135340&use=l&cat=p&typeid=i","cat":284696},{"id":157221,"n":"Stylo-Bille 4 couleurs Bic Free spirit","p":1.78,"img":"https://fd13-photos.leclercdrive.fr/image.ashx?id=2149309&use=l&cat=p&typeid=i","cat":284696},{"id":157333,"n":"Bière ambrée Kekette 33 cl","p":2.2,"u":"6,67 €/L","img":"https://fd13-photos.leclercdrive.fr/image.ashx?id=2582348&use=l&cat=p&typeid=i","cat":334852},{"id":157522,"n":"Feutres pour ardoise Esquisse Bleu - A sec Pointe moyenne- x4","p":1.75,"u":"0,44 €/P","img":"https://fd13-photos.leclercdrive.fr/image.ashx?id=2124164&use=l&cat=p&typeid=i","cat":334133},{"id":157542,"n":"Cahier Esquisse 48 pages Bleu - petits carreaux- 17x22cm","p":0.99,"img":"https://fd13-photos.leclercdrive.fr/image.ashx?id=2131443&use=l&cat=p&typeid=i","cat":284697},{"id":157543,"n":"Cahier Esquisse 48 pages Rouge - petits carreaux-17x22cm","p":0.99,"img":"https://fd13-photos.leclercdrive.fr/image.ashx?id=2131446&use=l&cat=p&typeid=i","cat":284697},{"id":157544,"n":"Cahier Esquisse 48 pages Vert - petits carreaux- 17x22cm","p":0.99,"img":"https://fd13-photos.leclercdrive.fr/image.ashx?id=2131449&use=l&cat=p&typeid=i","cat":284697},{"id":157545,"n":"Cahier Esquisse 48 pages Jaune - petits carreaux-17x22cm","p":0.99,"img":"https://fd13-photos.leclercdrive.fr/image.ashx?id=2131452&use=l&cat=p&typeid=i","cat":284697},{"id":157590,"n":"Bière Jenlain triple 8.5° - 75cl","p":3.69,"u":"4,92 €/L","img":"https://fd13-photos.leclercdrive.fr/image.ashx?id=2732854&use=l&cat=p&typeid=i","cat":334872},{"id":157611,"n":"Bière blonde La Bête 8° - 75cl","p":4.2,"u":"5,60 €/L","img":"https://fd13-photos.leclercdrive.fr/image.ashx?id=3011242&use=l&cat=p&typeid=i","cat":334872},{"id":157777,"n":"Lave glace hiver TECH9 -30° - Dégivrant - 5L","p":6.99,"u":"1,40 €/L","img":"https://fd13-photos.leclercdrive.fr/image.ashx?id=2162702&use=l&cat=p&typeid=i","cat":298252},{"id":157778,"n":"Fromage de brebis Lou Pérac 6 tranches - 120g","p":3.01,"u":"25,08 €/KG","img":"https://fd13-photos.leclercdrive.fr/image.ashx?id=2758843&use=l&cat=p&typeid=i","cat":314028},{"id":157818,"n":"Bière blanche Affligem Fût 5L","p":22.09,"u":"4,42 €/L","img":"https://fd13-photos.leclercdrive.fr/image.ashx?id=2765045&use=l&cat=p&typeid=i","cat":334879},{"id":157835,"n":"Soin Contour des yeux Bcombio Triple action - 20ml","p":13.9,"pp":10.42,"u":"521,00 €/L","img":"https://fd13-photos.leclercdrive.fr/image.ashx?id=2664506&use=l&cat=p&typeid=i","cat":291172},{"id":157960,"n":"Infusion minceur Bio Village Bio - x20 - 30g","p":1.55,"u":"51,67 €/KG","img":"https://fd13-photos.leclercdrive.fr/image.ashx?id=2961713&use=l&cat=p&typeid=i","cat":293234},{"id":158032,"n":"Gel lavant dermo douceur Jonza Bio hypoallergeniques 500ml","p":7.0,"img":"https://fd13-photos.leclercdrive.fr/image.ashx?id=2454292&use=l&cat=p&typeid=i","cat":290425},{"id":158180,"n":"Crème de change Bio Jonzac 75ml","p":7.0,"u":"93,33 €/L","img":"https://fd13-photos.leclercdrive.fr/image.ashx?id=2751180&use=l&cat=p&typeid=i","cat":290387},{"id":158220,"n":"Rhum Havana Club 3 ans 37,5% vol - 70cl","p":16.33,"u":"23,33 €/L","img":"https://fd13-photos.leclercdrive.fr/image.ashx?id=2874096&use=l&cat=p&typeid=i","cat":284550},{"id":158234,"n":"Soin yeux La Provençale Bio  Anti-âge rose éclat - 15ml","p":11.03,"u":"735,33 €/L","img":"https://fd13-photos.leclercdrive.fr/image.ashx?id=2958854&use=l&cat=p&typeid=i","cat":325345},{"id":158235,"n":"Batonnets Oasis Fruits exotiques x10 - 400g","p":2.54,"u":"6,35 €/KG","img":"https://fd13-photos.leclercdrive.fr/image.ashx?id=2877868&use=l&cat=p&typeid=i","cat":284265},{"id":158255,"n":"Serum visage La Provençale Bio Anti-âge - 30ml","p":10.67,"u":"355,67 €/L","img":"https://fd13-photos.leclercdrive.fr/image.ashx?id=2971155&use=l&cat=p&typeid=i","cat":325345},{"id":158285,"n":"Glace Ben & Jerry's Mini pots Cool-loction 4x100ml","p":6.15,"u":"21,35 €/KG","img":"https://fd13-photos.leclercdrive.fr/image.ashx?id=3009278&use=l&cat=p&typeid=i","cat":284725},{"id":158329,"n":"Gel Douche Le Petit Marseillais  Bio amande douce - 250ml","p":2.54,"u":"10,16 €/L","img":"https://fd13-photos.leclercdrive.fr/image.ashx?id=2685144&use=l&cat=p&typeid=i","cat":284594},{"id":158352,"n":"Gel Douche Le Petit Marseillais Bio Recharge Amande - 250ml","p":1.73,"u":"6,92 €/L","img":"https://fd13-photos.leclercdrive.fr/image.ashx?id=2128914&use=l&cat=p&typeid=i","cat":284594},{"id":158361,"n":"Stylo bille 4 couleurs Bic Rose gold -Pointe moyenne 1.0mm","p":1.78,"img":"https://fd13-photos.leclercdrive.fr/image.ashx?id=2974584&use=l&cat=p&typeid=i","cat":284696},{"id":158363,"n":"Crème Douche Surgras Bio Cadum Karité - 500ml","p":2.14,"u":"4,28 €/L","img":"https://fd13-photos.leclercdrive.fr/image.ashx?id=2575630&use=l&cat=p&typeid=i","cat":284594},{"id":158364,"n":"Whisky Ballantine's 7 ans Blended Scotch 40% vol - 70cl","p":18.95,"pp":15.16,"u":"21,66 €/L","img":"https://fd13-photos.leclercdrive.fr/image.ashx?id=3000366&use=l&cat=p&typeid=i","cat":284547},{"id":158374,"n":"Shampoing Le Petit Marseillais  Thym & the vert - 250ml","p":2.19,"u":"8,76 €/L","img":"https://fd13-photos.leclercdrive.fr/image.ashx?id=2684176&use=l&cat=p&typeid=i","cat":284606},{"id":158391,"n":"Nuggets végétaux HappyVore - 210g","p":3.63,"u":"17,29 €/KG","img":"https://fd13-photos.leclercdrive.fr/image.ashx?id=2965241&use=l&cat=p&typeid=i","cat":316036},{"id":158414,"n":"Café en grains L'OR Brésil 100% Arabica N° 5 500g","p":10.4,"u":"20,80 €/KG","img":"https://fd13-photos.leclercdrive.fr/image.ashx?id=2350400&use=l&cat=p&typeid=i","cat":293237},{"id":158415,"n":"Eau gazeuse San Pellegrino Fleur d'oranger - 6x33cl","p":3.43,"u":"1,73 €/L","img":"https://fd13-photos.leclercdrive.fr/image.ashx?id=2672650&use=l&cat=p&typeid=i","cat":284536},{"id":158545,"n":"Sauce Mayonnaise La Sablaise 135g","p":2.3,"u":"17,04 €/KG","img":"https://fd13-photos.leclercdrive.fr/image.ashx?id=2617951&use=l&cat=p&typeid=i","cat":327284},{"id":158548,"n":"Huile végétale de ricin 100ml Laboratoire du Haut Ségala","p":9.11,"u":"91,10 €/L","img":"https://fd13-photos.leclercdrive.fr/image.ashx?id=2131593&use=l&cat=p&typeid=i","cat":290422},{"id":158569,"n":"Blanc de poulet Tradilège Sans nitrite - 4 Tranches 120g","p":1.45,"u":"12,08 €/KG","img":"https://fd13-photos.leclercdrive.fr/image.ashx?id=2970480&use=l&cat=p&typeid=i","cat":316010},{"id":158571,"n":"Plat bébé Blédina 8 mois  Pâtes tomate boeuf - 2x200g","p":2.8,"u":"7,00 €/KG","img":"https://fd13-photos.leclercdrive.fr/image.ashx?id=2975092&use=l&cat=p&typeid=i","cat":312236},{"id":158575,"n":"Single malt Scotch Glenfiddich Tripple Oak 40%vol - 70cl 12ans","p":33.12,"u":"47,31 €/L","img":"https://fd13-photos.leclercdrive.fr/image.ashx?id=2131596&use=l&cat=p&typeid=i","cat":284547},{"id":158588,"n":"Vin de France rouge Merlot Cabernet Sauvign.Cambras BIB 5L","p":13.5,"u":"2,70 €/L","img":"https://fd13-photos.leclercdrive.fr/image.ashx?id=2694587&use=l&cat=p&typeid=i","cat":289556},{"id":158632,"n":"Couronne de crevettes Delpierre ASC sauce fines herbes - 130g","p":6.24,"u":"48,00 €/KG","img":"https://fd13-photos.leclercdrive.fr/image.ashx?id=2772014&use=l&cat=p&typeid=i","cat":284343},{"id":158649,"n":"Lait céréales Blédidej 12 mois Biscuité vanille - 500ml","p":1.71,"u":"3,42 €/KG","img":"https://fd13-photos.leclercdrive.fr/image.ashx?id=2503728&use=l&cat=p&typeid=i","cat":312226},{"id":158715,"n":"Doomino St Michel Choco Noisette x6 - 180g","p":1.92,"u":"10,67 €/KG","img":"https://fd13-photos.leclercdrive.fr/image.ashx?id=2953495&use=l&cat=p&typeid=i","cat":284495},{"id":158781,"n":"Céréales Fitness  Chocolat noir - 450g","p":3.05,"u":"6,78 €/KG","img":"https://fd13-photos.leclercdrive.fr/image.ashx?id=2922170&use=l&cat=p&typeid=i","cat":309512},{"id":158784,"n":"Petit pot bébé Blédina 8 mois Légumes viande poisson - 8x200g","p":7.65,"u":"4,78 €/KG","img":"https://fd13-photos.leclercdrive.fr/image.ashx?id=2935777&use=l&cat=p&typeid=i","cat":312236},{"id":158787,"n":"Petit pot bébé Blédina 6 mois Légume viande poisson - 8x200g","p":7.42,"u":"4,64 €/KG","img":"https://fd13-photos.leclercdrive.fr/image.ashx?id=2948773&use=l&cat=p&typeid=i","cat":312236},{"id":158788,"n":"Noisette décortiquée Vahiné 125g","p":3.43,"u":"27,44 €/KG","img":"https://fd13-photos.leclercdrive.fr/image.ashx?id=2559814&use=l&cat=p&typeid=i","cat":284504},{"id":158789,"n":"Levure boulanger Vahiné x6 - 48g","p":1.02,"u":"21,25 €/KG","img":"https://fd13-photos.leclercdrive.fr/image.ashx?id=2559793&use=l&cat=p&typeid=i","cat":294686},{"id":158791,"n":"Poivre noir grain Ducros 200g - n°6","p":8.13,"u":"40,65 €/KG","img":"https://fd13-photos.leclercdrive.fr/image.ashx?id=2486599&use=l&cat=p&typeid=i","cat":284457},{"id":158805,"n":"Quinoa gourmand Tipiak Aux épices douces 240g","p":2.33,"u":"9,71 €/KG","img":"https://fd13-photos.leclercdrive.fr/image.ashx?id=2947054&use=l&cat=p&typeid=i","cat":284429},{"id":158817,"n":"Capsules café L'Or Espresso Bio N°7 x10","p":3.59,"u":"69,04 €/KG","img":"https://fd13-photos.leclercdrive.fr/image.ashx?id=2133545&use=l&cat=p&typeid=i","cat":284749},{"id":158834,"n":"Céréales Fitness Nature 475g","p":3.05,"u":"6,42 €/KG","img":"https://fd13-photos.leclercdrive.fr/image.ashx?id=2874084&use=l&cat=p&typeid=i","cat":309512},{"id":158837,"n":"Céréales Chocapic Nestlé Pack 6x30g","p":2.57,"u":"14,28 €/KG","img":"https://fd13-photos.leclercdrive.fr/image.ashx?id=2995436&use=l&cat=p&typeid=i","cat":309513},{"id":158845,"n":"Compote bébé Blédina 4-6 mois Pomme pêche - 4x130g","p":2.6,"u":"5,00 €/KG","img":"https://fd13-photos.leclercdrive.fr/image.ashx?id=2911199&use=l&cat=p&typeid=i","cat":312387},{"id":158891,"n":"Boisson aux fruits Jafun Tropical - 1L","p":1.19,"u":"1,19 €/L","img":"https://fd13-photos.leclercdrive.fr/image.ashx?id=2913763&use=l&cat=p&typeid=i","cat":295018},{"id":158911,"n":"Sucette Physiologique Tigex Mickey +18M  - x2","p":5.83,"u":"2,92 €/P","img":"https://fd13-photos.leclercdrive.fr/image.ashx?id=2400151&use=l&cat=p&typeid=i","cat":284743},{"id":158913,"n":"Biberon Air Control Tigex Col etroit 330ml - x1","p":5.26,"img":"https://fd13-photos.leclercdrive.fr/image.ashx?id=2224319&use=l&cat=p&typeid=i","cat":284742},{"id":158920,"n":"Petit pot bébé Blédina 6 mois Semoule épinards merlu - 2x200g","p":2.17,"u":"5,43 €/KG","img":"https://fd13-photos.leclercdrive.fr/image.ashx?id=2935759&use=l&cat=p&typeid=i","cat":312236},{"id":158936,"n":"Pains au lait La Boulangère x10 - 350g","p":1.77,"u":"5,06 €/KG","img":"https://fd13-photos.leclercdrive.fr/image.ashx?id=2912437&use=l&cat=p&typeid=i","cat":293505},{"id":158937,"n":"Sauce Tikka Masala Patak's 450g","p":3.21,"u":"7,13 €/KG","img":"https://fd13-photos.leclercdrive.fr/image.ashx?id=2593698&use=l&cat=p&typeid=i","cat":289012},{"id":158939,"n":"Sauce Butter Chicken Patak's 450g","p":2.78,"u":"6,18 €/KG","img":"https://fd13-photos.leclercdrive.fr/image.ashx?id=2857713&use=l&cat=p&typeid=i","cat":289012},{"id":158943,"n":"Sauce Korma Patak's 450g","p":2.74,"u":"6,09 €/KG","img":"https://fd13-photos.leclercdrive.fr/image.ashx?id=2607764&use=l&cat=p&typeid=i","cat":289012},{"id":158949,"n":"Gaufres aux oeufs Lotus 371g","p":4.36,"u":"11,75 €/KG","img":"https://fd13-photos.leclercdrive.fr/image.ashx?id=2133849&use=l&cat=p&typeid=i","cat":294777},{"id":158955,"n":"Gambas royales rouges Gimbert - 400g","p":10.48,"u":"26,20 €/KG","img":"https://fd13-photos.leclercdrive.fr/image.ashx?id=2879080&use=l&cat=p&typeid=i","cat":319787},{"id":158970,"n":"Sauce Tomacouli Panzani - 200G","p":0.84,"u":"4,20 €/KG","img":"https://fd13-photos.leclercdrive.fr/image.ashx?id=2872853&use=l&cat=p&typeid=i","cat":288384},{"id":158977,"n":"Tripe Paul et Louise 400g","p":2.31,"u":"5,78 €/KG","img":"https://fd13-photos.leclercdrive.fr/image.ashx?id=2367565&use=l&cat=p&typeid=i","cat":284441},{"id":159067,"n":"Bière blonde Victoria 8,5% - 75cl","p":3.55,"u":"4,73 €/L","img":"https://fd13-photos.leclercdrive.fr/image.ashx?id=2157400&use=l&cat=p&typeid=i","cat":334872},{"id":159081,"n":"Rhum Havana Club Especial 37,5% vol - 70cl","p":17.65,"u":"25,21 €/L","img":"https://fd13-photos.leclercdrive.fr/image.ashx?id=2961311&use=l&cat=p&typeid=i","cat":284550},{"id":159112,"n":"Matière grasse St Hubert Doux - 500g","p":5.02,"u":"10,04 €/KG","img":"https://fd13-photos.leclercdrive.fr/image.ashx?id=2734084&use=l&cat=p&typeid=i","cat":315229},{"id":159209,"n":"Lasagne Lustucru Selection  250g","p":2.27,"u":"9,08 €/KG","img":"https://fd13-photos.leclercdrive.fr/image.ashx?id=2792396&use=l&cat=p&typeid=i","cat":333682},{"id":159212,"n":"Bloc WC Bref Deluxe Magnolia  Toilettes propres - 50g x1","p":1.84,"u":"36,80 €/KG","img":"https://fd13-photos.leclercdrive.fr/image.ashx?id=2907581&use=l&cat=p&typeid=i","cat":284662},{"id":159218,"n":"Cabillaud surgelé Filets Findus MSC - x4 - 400g","p":9.28,"u":"23,20 €/P","img":"https://fd13-photos.leclercdrive.fr/image.ashx?id=2735344&use=l&cat=p&typeid=i","cat":319786},{"id":159220,"n":"Dos de Cabillaud Findus MSC - x4 - 440g","p":11.39,"u":"25,89 €/KG","img":"https://fd13-photos.leclercdrive.fr/image.ashx?id=2735347&use=l&cat=p&typeid=i","cat":319786},{"id":159343,"n":"Whisky Aerstone Land Cask 40d - 70cl","p":23.49,"u":"33,56 €/L","img":"https://fd13-photos.leclercdrive.fr/image.ashx?id=2834728&use=l&cat=p&typeid=i","cat":284547},{"id":159352,"n":"Concentré à diluer Pulco Citron Fraise - 70cl","p":2.69,"u":"3,84 €/L","img":"https://fd13-photos.leclercdrive.fr/image.ashx?id=2687782&use=l&cat=p&typeid=i","cat":295020},{"id":159355,"n":"Whisky aerstone Sea Cask 40° - 70cl","p":23.81,"u":"34,01 €/L","img":"https://fd13-photos.leclercdrive.fr/image.ashx?id=2834725&use=l&cat=p&typeid=i","cat":284547},{"id":159381,"n":"Rhum epice Lagoa 35% 70cl","p":9.99,"u":"14,27 €/L","img":"https://fd13-photos.leclercdrive.fr/image.ashx?id=2966499&use=l&cat=p&typeid=i","cat":284550},{"id":159448,"n":"Boisson aux fruits Jafun Pomme Cassis Framboise - 2L","p":1.49,"u":"0,75 €/L","img":"https://fd13-photos.leclercdrive.fr/image.ashx?id=2956924&use=l&cat=p&typeid=i","cat":295018},{"id":159505,"n":"Saké Miyako Nihonshu 72cl","p":16.17,"u":"22,46 €/L","img":"https://fd13-photos.leclercdrive.fr/image.ashx?id=2148675&use=l&cat=p&typeid=i","cat":284913},{"id":159513,"n":"Bière aromatisée Desquiles Ginger - 50cl","p":1.39,"u":"2,78 €/L","img":"https://fd13-photos.leclercdrive.fr/image.ashx?id=2637982&use=l&cat=p&typeid=i","cat":334853},{"id":159519,"n":"Pates fusili Côté Snack Raclette - 300g","p":1.99,"u":"6,63 €/KG","img":"https://fd13-photos.leclercdrive.fr/image.ashx?id=2140203&use=l&cat=p&typeid=i","cat":334983},{"id":159522,"n":"Cremio Box Sodebo Jambon Emmental 280g","p":2.82,"u":"10,07 €/KG","img":"https://fd13-photos.leclercdrive.fr/image.ashx?id=2860196&use=l&cat=p&typeid=i","cat":334983},{"id":159627,"n":"Fromage Fol Epi  Originale 8 Tranches - 150g","p":2.2,"u":"14,67 €/KG","img":"https://fd13-photos.leclercdrive.fr/image.ashx?id=2456801&use=l&cat=p&typeid=i","cat":314028},{"id":159630,"n":"Pomme de terre Eco+ Epluchées - 1kg","p":1.95,"u":"1,95 €/KG","img":"https://fd13-photos.leclercdrive.fr/image.ashx?id=2699096&use=l&cat=p&typeid=i","cat":284352},{"id":159684,"n":"Piles alcalines Duracell Plus AA 1,5V LR6 MN 1500 - x4","p":5.49,"u":"1,37 €/P","img":"https://fd13-photos.leclercdrive.fr/image.ashx?id=2314521&use=l&cat=p&typeid=i","cat":300572},{"id":159688,"n":"Piles alcalines Duracell Plus AAA 1,5V LR03 MN2400 - x4","p":5.49,"u":"1,37 €/P","img":"https://fd13-photos.leclercdrive.fr/image.ashx?id=2314536&use=l&cat=p&typeid=i","cat":300572},{"id":159690,"n":"Piles alcalines Duracell Plus AAA 1,5V LR03 MN2400 - x8","p":9.49,"u":"1,19 €/P","img":"https://fd13-photos.leclercdrive.fr/image.ashx?id=2314539&use=l&cat=p&typeid=i","cat":300572},{"id":159702,"n":"Piles alcalines Duracell Plus 9V 6LR61 MN1604 - x1","p":4.29,"img":"https://fd13-photos.leclercdrive.fr/image.ashx?id=2929113&use=l&cat=p&typeid=i","cat":300572},{"id":159708,"n":"Piles alcalines Duracell Plus 4,5V 3LR12 - x1","p":3.12,"img":"https://fd13-photos.leclercdrive.fr/image.ashx?id=2749850&use=l&cat=p&typeid=i","cat":300572},{"id":159734,"n":"Pomme Figue Bio Good Goût Gourde - 120g","p":1.67,"u":"13,92 €/KG","img":"https://fd13-photos.leclercdrive.fr/image.ashx?id=2736082&use=l&cat=p&typeid=i","cat":312387},{"id":159735,"n":"Pomme Framboise Bio Good Goût - Gourde - 120g","p":1.67,"u":"13,92 €/KG","img":"https://fd13-photos.leclercdrive.fr/image.ashx?id=2736103&use=l&cat=p&typeid=i","cat":312387},{"id":159846,"n":"Ampoule Led Standard Osram B22 6,5W=60 verre dépoli - x2","p":10.9,"u":"5,45 €/P","img":"https://fd13-photos.leclercdrive.fr/image.ashx?id=2655508&use=l&cat=p&typeid=i","cat":300573},{"id":159897,"n":"Fromage Enfant Kiri Crème 12 portions à tartiner - 216g","p":2.86,"u":"13,24 €/KG","img":"https://fd13-photos.leclercdrive.fr/image.ashx?id=2973565&use=l&cat=p&typeid=i","cat":314030},{"id":159903,"n":"Boisson aux fruits Jafun Tropical - 2L","p":1.75,"u":"0,88 €/L","img":"https://fd13-photos.leclercdrive.fr/image.ashx?id=2897835&use=l&cat=p&typeid=i","cat":295018},{"id":159910,"n":"Bouteille filtrante Brita Gris foncé 1 microdisc filtrant","p":21.9,"img":"https://fd13-photos.leclercdrive.fr/image.ashx?id=2878270&use=l&cat=p&typeid=i","cat":334135},{"id":159938,"n":"Desserts Lactés P'TIT BRASSE   Fraise BIO 6M+ - 4x90g","p":2.18,"u":"24,22 €/KG","img":"https://fd13-photos.leclercdrive.fr/image.ashx?id=2510202&use=l&cat=p&typeid=i","cat":312392},{"id":159942,"n":"Huile motoculture Beaux Jours 2t 100% synthèse - 2L","p":11.49,"u":"5,75 €/L","img":"https://fd13-photos.leclercdrive.fr/image.ashx?id=2297789&use=l&cat=p&typeid=i","cat":298253},{"id":159945,"n":"Huile motoculture Beaux Jours 2t - 2L","p":9.49,"u":"4,75 €/L","img":"https://fd13-photos.leclercdrive.fr/image.ashx?id=2297795&use=l&cat=p&typeid=i","cat":298253},{"id":159947,"n":"Huile motoculture Beaux Jours 4t - 2L","p":7.49,"u":"3,75 €/L","img":"https://fd13-photos.leclercdrive.fr/image.ashx?id=2297798&use=l&cat=p&typeid=i","cat":298253},{"id":159954,"n":"Huile moteur Tech 9 5W30 C3 504/507 - 2L","p":13.9,"u":"6,95 €/L","img":"https://fd13-photos.leclercdrive.fr/image.ashx?id=2162681&use=l&cat=p&typeid=i","cat":298253},{"id":159956,"n":"Huile moteur Tech 9 5W30 C3 504/507 - 5L","p":34.9,"u":"6,98 €/L","img":"https://fd13-photos.leclercdrive.fr/image.ashx?id=2148776&use=l&cat=p&typeid=i","cat":298253},{"id":159957,"n":"Huile moteur Tech 9 5W30 C4 6 2L","p":18.98,"u":"9,49 €/L","img":"https://fd13-photos.leclercdrive.fr/image.ashx?id=2162684&use=l&cat=p&typeid=i","cat":298253},{"id":159958,"n":"Huile moteur Tech 9 5W40 Diesel - 5L","p":23.5,"u":"4,70 €/L","img":"https://fd13-photos.leclercdrive.fr/image.ashx?id=2148782&use=l&cat=p&typeid=i","cat":298253},{"id":159959,"n":"Huile moteur Tech 9 5W40 Diesel - 2L","p":11.39,"u":"5,70 €/L","img":"https://fd13-photos.leclercdrive.fr/image.ashx?id=2162687&use=l&cat=p&typeid=i","cat":298253},{"id":159961,"n":"Huile moteur Tech 9 5W40 Essence - 5L","p":23.5,"u":"4,70 €/L","img":"https://fd13-photos.leclercdrive.fr/image.ashx?id=2148785&use=l&cat=p&typeid=i","cat":298253},{"id":159965,"n":"Capsules Starbucks by Nespresso  Colombia Int 7 - x18","p":6.05,"u":"59,90 €/KG","img":"https://fd13-photos.leclercdrive.fr/image.ashx?id=2668174&use=l&cat=p&typeid=i","cat":284749},{"id":159969,"n":"Huile moteur Tech 9 0W30 mixte - 5L","p":46.49,"u":"9,30 €/L","img":"https://fd13-photos.leclercdrive.fr/image.ashx?id=2162696&use=l&cat=p&typeid=i","cat":298253},{"id":159980,"n":"Huile moteur Tech 9 10W40 Diesel - 5L","p":18.4,"u":"3,68 €/L","img":"https://fd13-photos.leclercdrive.fr/image.ashx?id=2148767&use=l&cat=p&typeid=i","cat":298253},{"id":159985,"n":"Huile moteur Tech 9 10W40 Essence - 5L","p":18.4,"u":"3,68 €/L","img":"https://fd13-photos.leclercdrive.fr/image.ashx?id=2148770&use=l&cat=p&typeid=i","cat":298253},{"id":159986,"n":"Huile moteur Tech 9 15W40 Diesel - 2L","p":7.98,"u":"3,99 €/L","img":"https://fd13-photos.leclercdrive.fr/image.ashx?id=2162666&use=l&cat=p&typeid=i","cat":298253},{"id":159989,"n":"Huile moteur Tech 9 15W49 Diesel - 5L","p":15.75,"u":"3,15 €/L","img":"https://fd13-photos.leclercdrive.fr/image.ashx?id=2162672&use=l&cat=p&typeid=i","cat":298253},{"id":159990,"n":"Huile moteur Tech 9 15W40 Essence - 5L","p":15.75,"u":"3,15 €/L","img":"https://fd13-photos.leclercdrive.fr/image.ashx?id=2162675&use=l&cat=p&typeid=i","cat":298253},{"id":159991,"n":"Huile moteur Tech 9 5W30 C2 - 2L","p":13.99,"u":"7,00 €/L","img":"https://fd13-photos.leclercdrive.fr/image.ashx?id=2162678&use=l&cat=p&typeid=i","cat":298253},{"id":159992,"n":"Huile moteur Tech 9 5W30 C2 - 5L","p":28.99,"u":"5,80 €/L","img":"https://fd13-photos.leclercdrive.fr/image.ashx?id=2148773&use=l&cat=p&typeid=i","cat":298253},{"id":160101,"n":"Yaourt brassé Perle de Lait Panaché - 8x125g","p":3.49,"u":"3,49 €/KG","img":"https://fd13-photos.leclercdrive.fr/image.ashx?id=2989222&use=l&cat=p&typeid=i","cat":286006},{"id":160106,"n":"Jus innocent  tutti frutti 1.5L","p":4.0,"u":"2,67 €/L","img":"https://fd13-photos.leclercdrive.fr/image.ashx?id=2907449&use=l&cat=p&typeid=i","cat":284354},{"id":160107,"n":"Jus innocent  pomme 1.5L","p":4.23,"u":"2,82 €/L","img":"https://fd13-photos.leclercdrive.fr/image.ashx?id=2893522&use=l&cat=p&typeid=i","cat":284354},{"id":160139,"n":"Desserts panaches Andros Pomme +pomme poire - 12x100g","p":3.56,"u":"2,97 €/KG","img":"https://fd13-photos.leclercdrive.fr/image.ashx?id=2968103&use=l&cat=p&typeid=i","cat":284416},{"id":160177,"n":"Madeleines Saint Michel Pépites chocolat - 700g","p":4.17,"u":"5,96 €/KG","img":"https://fd13-photos.leclercdrive.fr/image.ashx?id=2338141&use=l&cat=p&typeid=i","cat":284492},{"id":160189,"n":"Desserts panaches Andros 16x100g","p":5.1,"u":"3,19 €/KG","img":"https://fd13-photos.leclercdrive.fr/image.ashx?id=2883988&use=l&cat=p&typeid=i","cat":284416},{"id":160238,"n":"Nappage Fruits rouges Vahiné 155g","p":2.3,"u":"14,84 €/KG","img":"https://fd13-photos.leclercdrive.fr/image.ashx?id=2805270&use=l&cat=p&typeid=i","cat":284504},{"id":160264,"n":"Billes chocolatées Lindt Crispy Céréale grillée - 140g","p":2.9,"u":"20,71 €/KG","img":"https://fd13-photos.leclercdrive.fr/image.ashx?id=2208942&use=l&cat=p&typeid=i","cat":304238},{"id":160361,"n":"AOP Château L'hospitalet Languedoc La Clape - 75cl","p":10.9,"u":"14,53 €/L","img":"https://fd13-photos.leclercdrive.fr/image.ashx?id=2407604&use=l&cat=p&typeid=i","cat":289557},{"id":160428,"n":"Lessive liquide fraicheur Epsil 40 lavages - 2L","p":4.6,"u":"2,30 €/L","img":"https://fd13-photos.leclercdrive.fr/image.ashx?id=2602982&use=l&cat=p&typeid=i","cat":284640},{"id":160429,"n":"Lessive liquide printemps Epsil 40 Lavages - 2L","p":4.6,"u":"2,30 €/L","img":"https://fd13-photos.leclercdrive.fr/image.ashx?id=2958347&use=l&cat=p&typeid=i","cat":284640},{"id":160430,"n":"Lessive liquide sensitive Epsil 40 lavages - 2L","p":5.99,"u":"3,00 €/L","img":"https://fd13-photos.leclercdrive.fr/image.ashx?id=2838951&use=l&cat=p&typeid=i","cat":284640},{"id":160629,"n":"AOP Crémant de Bordeaux rosé Brut Malesan - 75cl","p":6.9,"pp":4.55,"u":"6,07 €/L","img":"https://fd13-photos.leclercdrive.fr/image.ashx?id=2464705&use=l&cat=p&typeid=i","cat":289558},{"id":160756,"n":"Papier Toilette Humide - Aloe Vera Lotus - x80","p":3.51,"u":"0,04 €/P","img":"https://fd13-photos.leclercdrive.fr/image.ashx?id=2842927&use=l&cat=p&typeid=i","cat":284634},{"id":161003,"n":"Mayonnaise Bénédicta Nature - 510g","p":2.49,"u":"4,88 €/KG","img":"https://fd13-photos.leclercdrive.fr/image.ashx?id=2548225&use=l&cat=p&typeid=i","cat":298295},{"id":161009,"n":"Cahier piqûre Force 8 17x22 Bleu marine-96p petits carreaux","p":1.06,"img":"https://fd13-photos.leclercdrive.fr/image.ashx?id=2152633&use=l&cat=p&typeid=i","cat":284697},{"id":161010,"n":"Cahier piqûre Force 8 17x22 Orange-96p petits carreaux","p":1.06,"img":"https://fd13-photos.leclercdrive.fr/image.ashx?id=2152636&use=l&cat=p&typeid=i","cat":284697},{"id":161011,"n":"Cahier piqûre Force 8 17x22 Bleu - 96p petits carreaux","p":1.06,"img":"https://fd13-photos.leclercdrive.fr/image.ashx?id=2152666&use=l&cat=p&typeid=i","cat":284697},{"id":161012,"n":"Cahier piqûre Force 8 17x22 Jaune - 96p petits carreaux","p":1.06,"img":"https://fd13-photos.leclercdrive.fr/image.ashx?id=2152639&use=l&cat=p&typeid=i","cat":284697},{"id":161013,"n":"Cahier piqûre Force 8 17x22 Vert - 96p petits carreaux","p":1.06,"img":"https://fd13-photos.leclercdrive.fr/image.ashx?id=2152642&use=l&cat=p&typeid=i","cat":284697},{"id":161014,"n":"Cahier piqûre Force 8 17x22 Rose - 96p petits carreaux","p":1.06,"img":"https://fd13-photos.leclercdrive.fr/image.ashx?id=2152645&use=l&cat=p&typeid=i","cat":284697},{"id":161015,"n":"Cahier piqûre Force 8 17x22 Rouge - 96p petits carreaux","p":1.06,"img":"https://fd13-photos.leclercdrive.fr/image.ashx?id=2152648&use=l&cat=p&typeid=i","cat":284697},{"id":161067,"n":"Nappe gaufrée Homeside Jaune - 25m","p":9.9,"u":"0,40 €/MT","img":"https://fd13-photos.leclercdrive.fr/image.ashx?id=2152720&use=l&cat=p&typeid=i","cat":334134},{"id":161069,"n":"Nappe gaufrée Homeside Vert olive - 25m","p":8.9,"u":"0,36 €/MT","img":"https://fd13-photos.leclercdrive.fr/image.ashx?id=2947280&use=l&cat=p&typeid=i","cat":334134},{"id":161070,"n":"Nappe gaufrée Homeside Turquoise - 25m","p":9.9,"u":"0,40 €/MT","img":"https://fd13-photos.leclercdrive.fr/image.ashx?id=2152705&use=l&cat=p&typeid=i","cat":334134},{"id":161082,"n":"Café capsules DOLCE GUSTO Starbucks vanilla macchiato 2x6","p":4.39,"u":"33,26 €/KG","img":"https://fd13-photos.leclercdrive.fr/image.ashx?id=2986912&use=l&cat=p&typeid=i","cat":293239},{"id":161091,"n":"Nettoyant Ménager La Croix  Désinfectant sans Javel - 1L","p":2.25,"u":"2,25 €/L","img":"https://fd13-photos.leclercdrive.fr/image.ashx?id=2666429&use=l&cat=p&typeid=i","cat":284907},{"id":161093,"n":"Nettoyant ménager La Croix  spray cuisine sans javel- 500ml","p":2.25,"u":"4,50 €/L","img":"https://fd13-photos.leclercdrive.fr/image.ashx?id=2676918&use=l&cat=p&typeid=i","cat":325357},{"id":161121,"n":"Boisson aromatisée Vin rosé Pamplemousse 7.5% vol - BIB 3L","p":14.37,"u":"4,79 €/L","img":"https://fd13-photos.leclercdrive.fr/image.ashx?id=2958528&use=l&cat=p&typeid=i","cat":304569},{"id":161123,"n":"Boisson aux fruits Jafun Fraise Framboise - 2L","p":2.12,"u":"1,06 €/L","img":"https://fd13-photos.leclercdrive.fr/image.ashx?id=2865287&use=l&cat=p&typeid=i","cat":295018},{"id":161126,"n":"Boisson aux fruits Jafun Multifruits - 2L","p":1.99,"u":"1,00 €/L","img":"https://fd13-photos.leclercdrive.fr/image.ashx?id=2897832&use=l&cat=p&typeid=i","cat":295018},{"id":161140,"n":"Capsules café Royal Lungo - x18 - 95g","p":4.85,"u":"51,05 €/KG","img":"https://fd13-photos.leclercdrive.fr/image.ashx?id=2465913&use=l&cat=p&typeid=i","cat":284749},{"id":161148,"n":"Capsules café Royal Expresso - x18 - 93g","p":4.71,"u":"50,65 €/KG","img":"https://fd13-photos.leclercdrive.fr/image.ashx?id=2355983&use=l&cat=p&typeid=i","cat":284749},{"id":161164,"n":"2 fontaines holographiques or Devineau - 1 pièce","p":2.9,"img":"https://fd13-photos.leclercdrive.fr/image.ashx?id=2155627&use=l&cat=p&typeid=i","cat":335913},{"id":161167,"n":"Beef-Stick Vitakraft Gibier - 48g","p":2.1,"u":"43,75 €/KG","img":"https://fd13-photos.leclercdrive.fr/image.ashx?id=2859755&use=l&cat=p&typeid=i","cat":294527},{"id":161168,"n":"Beef-Stick Vitakraft Dinde - 48g","p":2.1,"u":"43,75 €/KG","img":"https://fd13-photos.leclercdrive.fr/image.ashx?id=2184323&use=l&cat=p&typeid=i","cat":294527},{"id":161174,"n":"2 fontaines holographiques Argent Devineau - 1 pièce","p":2.9,"img":"https://fd13-photos.leclercdrive.fr/image.ashx?id=2155630&use=l&cat=p&typeid=i","cat":335913},{"id":161226,"n":"Huile essentielle Puressentiel Gaulthérie Bio - 10ml","p":5.42,"u":"542,00 €/L","img":"https://fd13-photos.leclercdrive.fr/image.ashx?id=2155564&use=l&cat=p&typeid=i","cat":298633},{"id":161413,"n":"Confiture fraises Léonce Blanc 70% de fruits - 320g","p":2.97,"u":"9,28 €/KG","img":"https://fd13-photos.leclercdrive.fr/image.ashx?id=2181164&use=l&cat=p&typeid=i","cat":284480},{"id":161415,"n":"Confiture aux abricots Léonce Blanc 70% de fruits-320g","p":3.14,"u":"9,81 €/KG","img":"https://fd13-photos.leclercdrive.fr/image.ashx?id=2181161&use=l&cat=p&typeid=i","cat":284480},{"id":161437,"n":"Happy Cola Pik Haribo Sachet bonbons acidulés - 200g","p":1.66,"u":"8,30 €/KG","img":"https://fd13-photos.leclercdrive.fr/image.ashx?id=2984928&use=l&cat=p&typeid=i","cat":304250},{"id":161483,"n":"Lait Le Petit Marseillais Hydratant désaltérant 400ml","p":4.26,"u":"10,65 €/L","img":"https://fd13-photos.leclercdrive.fr/image.ashx?id=2157175&use=l&cat=p&typeid=i","cat":325349},{"id":161602,"n":"Gin Pink Beefeater 37,5%vol - 70cl","p":19.09,"u":"27,27 €/L","img":"https://fd13-photos.leclercdrive.fr/image.ashx?id=2868714&use=l&cat=p&typeid=i","cat":284550},{"id":161846,"n":"Sucre roux Tablier blanc En morceaux - 1kg","p":1.81,"u":"1,81 €/KG","img":"https://fd13-photos.leclercdrive.fr/image.ashx?id=3010437&use=l&cat=p&typeid=i","cat":284502},{"id":161913,"n":"Rhum vieux Saint-James AOC - 42%vol - 70cl","p":24.95,"u":"35,64 €/L","img":"https://fd13-photos.leclercdrive.fr/image.ashx?id=2164288&use=l&cat=p&typeid=i","cat":284550},{"id":161914,"n":"Boisson aux fruits Jafun Tropical light - 2L","p":1.39,"u":"0,70 €/L","img":"https://fd13-photos.leclercdrive.fr/image.ashx?id=2720184&use=l&cat=p&typeid=i","cat":295018},{"id":162161,"n":"Compotes Pom'Potes Gourdes  5 Fruits Rouges&Jaunes -12x90g","p":5.86,"u":"5,43 €/KG","img":"https://fd13-photos.leclercdrive.fr/image.ashx?id=3010945&use=l&cat=p&typeid=i","cat":284508},{"id":162162,"n":"Compotes Pom'Potes Gourdes  5 Fruits Jaunes&Exotiq - 20x90g","p":8.15,"u":"4,53 €/KG","img":"https://fd13-photos.leclercdrive.fr/image.ashx?id=2883411&use=l&cat=p&typeid=i","cat":284508},{"id":162164,"n":"Compotes Pom'Potes Gourdes 5 Fruits Exotiques&Vert -12x90g","p":5.94,"u":"5,50 €/KG","img":"https://fd13-photos.leclercdrive.fr/image.ashx?id=3010948&use=l&cat=p&typeid=i","cat":284508},{"id":162175,"n":"Pancakes chocolat Whaou! x7 - 259g","p":2.56,"u":"9,88 €/KG","img":"https://fd13-photos.leclercdrive.fr/image.ashx?id=2740652&use=l&cat=p&typeid=i","cat":284495},{"id":162187,"n":"Skyr Bio Les 2 vaches Nature 0%MG - 480g","p":3.53,"u":"7,35 €/KG","img":"https://fd13-photos.leclercdrive.fr/image.ashx?id=2787293&use=l&cat=p&typeid=i","cat":315000},{"id":162202,"n":"Tablette de chocolat noir Lindt 70% doux - 2x100g","p":4.48,"u":"22,40 €/KG","img":"https://fd13-photos.leclercdrive.fr/image.ashx?id=2214741&use=l&cat=p&typeid=i","cat":284956},{"id":162271,"n":"Tablette de chocolat noir Lindt Intense 70% - 2x200g","p":6.46,"pp":4.26,"u":"10,65 €/KG","img":"https://fd13-photos.leclercdrive.fr/image.ashx?id=2208936&use=l&cat=p&typeid=i","cat":285562},{"id":162274,"n":"Sauce Crudités Benedicta  Nature légère - 295g","p":1.92,"u":"6,51 €/KG","img":"https://fd13-photos.leclercdrive.fr/image.ashx?id=2755206&use=l&cat=p&typeid=i","cat":284456},{"id":162315,"n":"Stylo-bille 4 couleurs Bic Dream Big","p":1.78,"img":"https://fd13-photos.leclercdrive.fr/image.ashx?id=2163665&use=l&cat=p&typeid=i","cat":284696},{"id":162358,"n":"Saucisson Mini Justin Bridou Bâton de Berger Noisette - 80g","p":2.32,"u":"29,00 €/KG","img":"https://fd13-photos.leclercdrive.fr/image.ashx?id=2165251&use=l&cat=p&typeid=i","cat":316006},{"id":162403,"n":"Nems au porc L'Atelier Traiteur 280g","p":2.85,"u":"10,18 €/KG","img":"https://fd13-photos.leclercdrive.fr/image.ashx?id=2987646&use=l&cat=p&typeid=i","cat":333673},{"id":162495,"n":"Changes Pampers Hybrid Normal - x25 inserts","p":8.98,"u":"0,36 €/P","img":"https://fd13-photos.leclercdrive.fr/image.ashx?id=2474908&use=l&cat=p&typeid=i","cat":284737},{"id":162498,"n":"Changes Pampers Hybrid Starter Kit -  x3 couches + 25 inserts","p":59.89,"u":"2,14 €/P","img":"https://fd13-photos.leclercdrive.fr/image.ashx?id=2217828&use=l&cat=p&typeid=i","cat":284737},{"id":162572,"n":"Sauce apéritif Doritos Goût sour cream -280g","p":2.45,"u":"8,75 €/KG","img":"https://fd13-photos.leclercdrive.fr/image.ashx?id=2167528&use=l&cat=p&typeid=i","cat":284451},{"id":162596,"n":"Boisson aux fruits Jafun Orange - 2L","p":1.49,"u":"0,75 €/L","img":"https://fd13-photos.leclercdrive.fr/image.ashx?id=2997961&use=l&cat=p&typeid=i","cat":295018},{"id":162613,"n":"Paëlla royale L'Atelier Traiteur - 900g","p":6.98,"u":"7,76 €/KG","img":"https://fd13-photos.leclercdrive.fr/image.ashx?id=3012451&use=l&cat=p&typeid=i","cat":333666},{"id":162615,"n":"Gratin dauphinois L'Atelier Traiteur - 750g","p":7.29,"u":"9,72 €/KG","img":"https://fd13-photos.leclercdrive.fr/image.ashx?id=2208027&use=l&cat=p&typeid=i","cat":333666},{"id":162760,"n":"Crème Dermo Age Perfect Jour Nuit Gamme blanche - 50ml","p":17.21,"u":"344,20 €/L","img":"https://fd13-photos.leclercdrive.fr/image.ashx?id=2422755&use=l&cat=p&typeid=i","cat":325345},{"id":162810,"n":"Chemise 3 rabats Exacompta Bleu violet - 24x32cm","p":2.79,"img":"https://fd13-photos.leclercdrive.fr/image.ashx?id=2169894&use=l&cat=p&typeid=i","cat":284745},{"id":162844,"n":"Genepi père Chartreux 70cl","p":27.95,"u":"39,93 €/L","img":"https://fd13-photos.leclercdrive.fr/image.ashx?id=2313696&use=l&cat=p&typeid=i","cat":286032},{"id":162845,"n":"Chartreuse jaune  70cl","p":41.04,"u":"58,63 €/L","img":"https://fd13-photos.leclercdrive.fr/image.ashx?id=2313693&use=l&cat=p&typeid=i","cat":286032},{"id":162902,"n":"Aveze Gentiane Cherry Rocher - 100cl","p":7.47,"u":"7,47 €/L","img":"https://fd13-photos.leclercdrive.fr/image.ashx?id=2505115&use=l&cat=p&typeid=i","cat":286032},{"id":163021,"n":"Biscuits Knoppers Lait / Noisettes - 6x25g","p":2.01,"u":"13,40 €/KG","img":"https://fd13-photos.leclercdrive.fr/image.ashx?id=2659151&use=l&cat=p&typeid=i","cat":284488},{"id":163033,"n":"Tablette chocolat Villars Lait - 100g","p":2.87,"u":"28,70 €/KG","img":"https://fd13-photos.leclercdrive.fr/image.ashx?id=2464318&use=l&cat=p&typeid=i","cat":284497},{"id":163115,"n":"Piles alcalines Duracell MX1500 Optimum Type AA/LR06 1,5V - x4","p":7.2,"u":"1,80 €/P","img":"https://fd13-photos.leclercdrive.fr/image.ashx?id=2941823&use=l&cat=p&typeid=i","cat":300572},{"id":163127,"n":"Thon entier nature MSC Saupiquet - 2x140g","p":5.02,"u":"17,93 €/KG","img":"https://fd13-photos.leclercdrive.fr/image.ashx?id=2860871&use=l&cat=p&typeid=i","cat":303867},{"id":163132,"n":"Boisson orange Jafun Brique - 6x20cl","p":2.5,"u":"2,08 €/L","img":"https://fd13-photos.leclercdrive.fr/image.ashx?id=2992582&use=l&cat=p&typeid=i","cat":284524},{"id":163133,"n":"Bière ambrée Kwak 8.4% - 75cl","p":4.6,"u":"6,13 €/L","img":"https://fd13-photos.leclercdrive.fr/image.ashx?id=2948423&use=l&cat=p&typeid=i","cat":334872},{"id":163143,"n":"Dragibus Soft Haribo Sachet bonbons - 300g","p":1.35,"u":"4,50 €/KG","img":"https://fd13-photos.leclercdrive.fr/image.ashx?id=2806123&use=l&cat=p&typeid=i","cat":304250},{"id":163144,"n":"Piles alcalines Duracell MN2400 Optimum AAA/LR03 1,5V - x4","p":7.2,"u":"1,80 €/P","img":"https://fd13-photos.leclercdrive.fr/image.ashx?id=2929095&use=l&cat=p&typeid=i","cat":300572},{"id":163145,"n":"Dragibus Original Haribo Multipack bonbons - 250g","p":1.74,"u":"6,96 €/KG","img":"https://fd13-photos.leclercdrive.fr/image.ashx?id=2984943&use=l&cat=p&typeid=i","cat":304250},{"id":163146,"n":"Piles alcalines Duracell MX1500 Optimum AA/LR06 1,5V - x6","p":9.55,"u":"1,59 €/P","img":"https://fd13-photos.leclercdrive.fr/image.ashx?id=2855367&use=l&cat=p&typeid=i","cat":300572},{"id":163147,"n":"Bonbons Haribo Dragolo - 750g","p":4.33,"u":"5,77 €/KG","img":"https://fd13-photos.leclercdrive.fr/image.ashx?id=2803586&use=l&cat=p&typeid=i","cat":304250},{"id":163149,"n":"Piles alcalines Duracell MX1500 Optimum AA/LR06 1,5V - x8","p":11.9,"u":"1,49 €/P","img":"https://fd13-photos.leclercdrive.fr/image.ashx?id=2929098&use=l&cat=p&typeid=i","cat":300572},{"id":163179,"n":"Piles alcalines Duracell Plus C/LR14 1.5V MN1400 - x4","p":5.59,"u":"1,40 €/P","img":"https://fd13-photos.leclercdrive.fr/image.ashx?id=2929104&use=l&cat=p&typeid=i","cat":300572},{"id":163180,"n":"Piles alcalines Duracell Plus D/LR20 1.5V MN1300 - x4","p":5.7,"u":"1,43 €/P","img":"https://fd13-photos.leclercdrive.fr/image.ashx?id=2929110&use=l&cat=p&typeid=i","cat":300572},{"id":163185,"n":"Assiettes plates Homeside 23cm blanc sans film PE - x100","p":3.99,"u":"0,04 €/P","img":"https://fd13-photos.leclercdrive.fr/image.ashx?id=2177418&use=l&cat=p&typeid=i","cat":334134},{"id":163286,"n":"Gel de rasage Eucerin Nobacter - 150ml","p":7.99,"u":"53,27 €/L","img":"https://fd13-photos.leclercdrive.fr/image.ashx?id=2175602&use=l&cat=p&typeid=i","cat":291167},{"id":163319,"n":"Assiettes plates Homeside 23cm rouge sans film PE - x20","p":1.96,"u":"0,10 €/P","img":"https://fd13-photos.leclercdrive.fr/image.ashx?id=2177406&use=l&cat=p&typeid=i","cat":334134},{"id":163323,"n":"Assiettes plates Homeside 23cm turquoise sans film PE-x20","p":1.96,"u":"0,10 €/P","img":"https://fd13-photos.leclercdrive.fr/image.ashx?id=2177409&use=l&cat=p&typeid=i","cat":334134},{"id":163324,"n":"Assiettes plates Homeside 23 cm grise sans film PE - x20","p":1.96,"u":"0,10 €/P","img":"https://fd13-photos.leclercdrive.fr/image.ashx?id=2177391&use=l&cat=p&typeid=i","cat":334134},{"id":163325,"n":"Assiettes plates Homeside Rose clair 23 cm - x20","p":1.96,"u":"0,10 €/P","img":"https://fd13-photos.leclercdrive.fr/image.ashx?id=2928345&use=l&cat=p&typeid=i","cat":334134},{"id":163326,"n":"Assiettes plates Homeside 23 cm noir sans film PE - x20","p":1.96,"u":"0,10 €/P","img":"https://fd13-photos.leclercdrive.fr/image.ashx?id=2177397&use=l&cat=p&typeid=i","cat":334134},{"id":163328,"n":"Aassiettes plates Homeside 23 cm anis sans film PE - x20","p":1.96,"u":"0,10 €/P","img":"https://fd13-photos.leclercdrive.fr/image.ashx?id=2177385&use=l&cat=p&typeid=i","cat":334134},{"id":163329,"n":"Assiettes plates Homeside 23 cm jaune sans film PE - x20","p":1.96,"u":"0,10 €/P","img":"https://fd13-photos.leclercdrive.fr/image.ashx?id=2177394&use=l&cat=p&typeid=i","cat":334134},{"id":163340,"n":"Gobelet 47cl Homeside American cup bleu - x10","p":2.39,"u":"0,24 €/P","img":"https://fd13-photos.leclercdrive.fr/image.ashx?id=2177340&use=l&cat=p&typeid=i","cat":334134},{"id":163341,"n":"Gobelets 25cl Homeside Noir - x12","p":1.5,"u":"0,13 €/P","img":"https://fd13-photos.leclercdrive.fr/image.ashx?id=2708958&use=l&cat=p&typeid=i","cat":334134},{"id":163342,"n":"Gobelets 25cl Homeside Gris - x12","p":1.5,"u":"0,13 €/P","img":"https://fd13-photos.leclercdrive.fr/image.ashx?id=2708961&use=l&cat=p&typeid=i","cat":334134},{"id":163350,"n":"Gobelets 25cl Homeside Chaud/froid - 25","p":1.9,"u":"0,08 €/P","img":"https://fd13-photos.leclercdrive.fr/image.ashx?id=2177355&use=l&cat=p&typeid=i","cat":334134},{"id":163353,"n":"Verres à biere 35cl Homeside x12","p":1.9,"u":"0,16 €/P","img":"https://fd13-photos.leclercdrive.fr/image.ashx?id=2177358&use=l&cat=p&typeid=i","cat":334134},{"id":163355,"n":"Gobelets 10cl Homeside Décor café - x20","p":1.1,"u":"0,06 €/P","img":"https://fd13-photos.leclercdrive.fr/image.ashx?id=2177361&use=l&cat=p&typeid=i","cat":334134},{"id":163356,"n":"Gobelets 25cl Homeside Olive - x12","p":1.5,"u":"0,13 €/P","img":"https://fd13-photos.leclercdrive.fr/image.ashx?id=2708973&use=l&cat=p&typeid=i","cat":334134},{"id":163357,"n":"Gobelets 25cl Homeside Bleu ciel - x12","p":1.5,"u":"0,13 €/P","img":"https://fd13-photos.leclercdrive.fr/image.ashx?id=2708976&use=l&cat=p&typeid=i","cat":334134},{"id":163358,"n":"Gobelets 25cl Homeside Rose nude - x12","p":1.5,"u":"0,13 €/P","img":"https://fd13-photos.leclercdrive.fr/image.ashx?id=2708979&use=l&cat=p&typeid=i","cat":334134},{"id":163360,"n":"Gobelets 47cl Homeside Amercican cup rouge - x10","p":2.39,"u":"0,24 €/P","img":"https://fd13-photos.leclercdrive.fr/image.ashx?id=2177373&use=l&cat=p&typeid=i","cat":334134},{"id":163361,"n":"Gobelets 25cl Homeside Rouge - x12","p":1.5,"u":"0,13 €/P","img":"https://fd13-photos.leclercdrive.fr/image.ashx?id=2708982&use=l&cat=p&typeid=i","cat":334134},{"id":163370,"n":"Thon entier Petit Navire MSC Nature - 3x112g","p":8.67,"u":"25,80 €/KG","img":"https://fd13-photos.leclercdrive.fr/image.ashx?id=2521921&use=l&cat=p&typeid=i","cat":303867},{"id":163420,"n":"Smarties Mini Bonbons Chocolats 21 boites - 315g","p":3.84,"u":"12,19 €/KG","img":"https://fd13-photos.leclercdrive.fr/image.ashx?id=2740862&use=l&cat=p&typeid=i","cat":304238},{"id":163428,"n":"Crayon à sourcils Maybelline  Duo crayon et poudre","p":9.11,"img":"https://fd13-photos.leclercdrive.fr/image.ashx?id=2377787&use=l&cat=p&typeid=i","cat":287029},{"id":163434,"n":"Ampoule H1 + 50% de luminosité - x1","p":2.5,"img":"https://fd13-photos.leclercdrive.fr/image.ashx?id=2283570&use=l&cat=p&typeid=i","cat":300573},{"id":163435,"n":"Ampoules H7 + 50% de luminosité - x2","p":11.99,"u":"6,00 €/P","img":"https://fd13-photos.leclercdrive.fr/image.ashx?id=2283573&use=l&cat=p&typeid=i","cat":300573},{"id":163436,"n":"Ampoule H4 +50% de luminosité - x1","p":4.3,"img":"https://fd13-photos.leclercdrive.fr/image.ashx?id=2665883&use=l&cat=p&typeid=i","cat":300573},{"id":163437,"n":"Ampoule H7 + 50% de luminosité - x1","p":6.49,"img":"https://fd13-photos.leclercdrive.fr/image.ashx?id=2283610&use=l&cat=p&typeid=i","cat":300573},{"id":163438,"n":"Ampoules H4 + 50% de luminosité - x2","p":5.99,"u":"3,00 €/P","img":"https://fd13-photos.leclercdrive.fr/image.ashx?id=2283613&use=l&cat=p&typeid=i","cat":300573},{"id":163476,"n":"Petit pot bébé Bledina 6 mois purée Carottes Choux fleurs","p":1.93,"u":"4,83 €/KG","img":"https://fd13-photos.leclercdrive.fr/image.ashx?id=2909509&use=l&cat=p&typeid=i","cat":312235},{"id":163525,"n":"Petit pot bébé Blédina 6 mois Haricot carotte veau - 2x200g","p":2.25,"u":"5,63 €/KG","img":"https://fd13-photos.leclercdrive.fr/image.ashx?id=2935756&use=l&cat=p&typeid=i","cat":312236},{"id":163526,"n":"Petit pot bébé bledina 6 mois  Purée légumes agneau - 2x200g","p":2.32,"u":"5,80 €/KG","img":"https://fd13-photos.leclercdrive.fr/image.ashx?id=2976770&use=l&cat=p&typeid=i","cat":312236},{"id":163612,"n":"Rasoirs Bic Hybrid 5 Flex Rechargeables - x2","p":5.88,"u":"2,94 €/P","img":"https://fd13-photos.leclercdrive.fr/image.ashx?id=2771744&use=l&cat=p&typeid=i","cat":284616},{"id":163613,"n":"Mozzarella fromage râpé  Les Croisés - 150g","p":1.39,"u":"9,27 €/KG","img":"https://fd13-photos.leclercdrive.fr/image.ashx?id=2178848&use=l&cat=p&typeid=i","cat":314035},{"id":163749,"n":"Mousseline Purina Gourmet Boeuf nappé de sauce - 4x57g","p":2.96,"u":"12,98 €/KG","img":"https://fd13-photos.leclercdrive.fr/image.ashx?id=2861773&use=l&cat=p&typeid=i","cat":285286},{"id":163750,"n":"Mousseline Purina Gourmet Poulet nappé de sauce - 4x57g","p":3.06,"u":"13,42 €/KG","img":"https://fd13-photos.leclercdrive.fr/image.ashx?id=2864197&use=l&cat=p&typeid=i","cat":285286},{"id":163793,"n":"Gobelets 25cl Jaune - x12","p":1.5,"u":"0,13 €/P","img":"https://fd13-photos.leclercdrive.fr/image.ashx?id=2708964&use=l&cat=p&typeid=i","cat":334134},{"id":163843,"n":"Bière Ch'ti Signature Triple - 8.5%vol 75cl","p":3.99,"u":"5,32 €/L","img":"https://fd13-photos.leclercdrive.fr/image.ashx?id=2560945&use=l&cat=p&typeid=i","cat":334872},{"id":163844,"n":"Bière Ch'ti IPA - 6%vol - 75cl","p":3.9,"u":"5,20 €/L","img":"https://fd13-photos.leclercdrive.fr/image.ashx?id=2560948&use=l&cat=p&typeid=i","cat":334872},{"id":163930,"n":"Chorizo doux tranché L'Atelier Charcuterie - 100g","p":2.46,"u":"24,60 €/KG","img":"https://fd13-photos.leclercdrive.fr/image.ashx?id=2856666&use=l&cat=p&typeid=i","cat":316007},{"id":163931,"n":"Chiffonnade de chorizo L'Atelier Charcuterie - 80g","p":2.09,"u":"26,13 €/KG","img":"https://fd13-photos.leclercdrive.fr/image.ashx?id=2992675&use=l&cat=p&typeid=i","cat":316007},{"id":163936,"n":"Pommes dauphine L'Atelier Traiteur - 500g","p":4.09,"u":"8,18 €/KG","img":"https://fd13-photos.leclercdrive.fr/image.ashx?id=2625122&use=l&cat=p&typeid=i","cat":333666},{"id":164235,"n":"Bière Triple Lefort 75cl","p":6.02,"u":"8,03 €/L","img":"https://fd13-photos.leclercdrive.fr/image.ashx?id=2398682&use=l&cat=p&typeid=i","cat":334872},{"id":164247,"n":"Nouilles de Blé Mie Go-Tan - 250g","p":2.07,"u":"8,28 €/KG","img":"https://fd13-photos.leclercdrive.fr/image.ashx?id=2890493&use=l&cat=p&typeid=i","cat":288992},{"id":164251,"n":"Nouilles de Riz Miehoen Go-Tan - 250g","p":2.62,"u":"10,48 €/KG","img":"https://fd13-photos.leclercdrive.fr/image.ashx?id=2890496&use=l&cat=p&typeid=i","cat":287367},{"id":164284,"n":"Rhum Japonais Ambré Ryoma Avec Etui - 70cl - 40°","p":35.22,"u":"50,31 €/L","img":"https://fd13-photos.leclercdrive.fr/image.ashx?id=2407916&use=l&cat=p&typeid=i","cat":284550},{"id":164394,"n":"Compotes Pom'Potes Gourdes  Pomme Poire Banane - 32x90g","p":12.91,"u":"4,48 €/KG","img":"https://fd13-photos.leclercdrive.fr/image.ashx?id=3010936&use=l&cat=p&typeid=i","cat":284508},{"id":164448,"n":"Yaourt à la Grecque Yaos Coco - 4x125g + 2 offert","p":3.0,"u":"6,00 €/KG","img":"https://fd13-photos.leclercdrive.fr/image.ashx?id=2817314&use=l&cat=p&typeid=i","cat":314999},{"id":164449,"n":"Yaourt à la Grecque Yaos Citron - 4x125g + 2 offerts","p":2.37,"u":"3,16 €/KG","img":"https://fd13-photos.leclercdrive.fr/image.ashx?id=2561631&use=l&cat=p&typeid=i","cat":314999},{"id":164464,"n":"Dessert Charles & Alice Coco/Stracciatella - 2x110g","p":1.62,"u":"7,36 €/KG","img":"https://fd13-photos.leclercdrive.fr/image.ashx?id=2911354&use=l&cat=p&typeid=i","cat":316071},{"id":164541,"n":"Maïs Bonduelle Sans Résidu De Pesticides 285g","p":1.26,"u":"4,42 €/KG","img":"https://fd13-photos.leclercdrive.fr/image.ashx?id=2972892&use=l&cat=p&typeid=i","cat":312611},{"id":164567,"n":"Eau nettoyante Cadum Bébé  Douceur - 750ml","p":3.28,"u":"4,37 €/L","img":"https://fd13-photos.leclercdrive.fr/image.ashx?id=2278451&use=l&cat=p&typeid=i","cat":284741},{"id":164569,"n":"Gel nettoyant Cadum Bébé  Corps et Cheveux - 750ml","p":3.28,"u":"4,37 €/L","img":"https://fd13-photos.leclercdrive.fr/image.ashx?id=2377799&use=l&cat=p&typeid=i","cat":284740},{"id":164583,"n":"Gel Lavant enfant Cadum Corps & cheveux - 750ml","p":4.35,"u":"5,80 €/L","img":"https://fd13-photos.leclercdrive.fr/image.ashx?id=2839496&use=l&cat=p&typeid=i","cat":284594},{"id":164584,"n":"Crème Douche surgras Cadum Beurre de Karité - 750ml","p":3.17,"u":"4,23 €/L","img":"https://fd13-photos.leclercdrive.fr/image.ashx?id=2395020&use=l&cat=p&typeid=i","cat":284594},{"id":164598,"n":"40 sacs congélation Alfapac avec lien Moyen modèle","p":1.85,"u":"0,05 €/P","img":"https://fd13-photos.leclercdrive.fr/image.ashx?id=2918700&use=l&cat=p&typeid=i","cat":334134},{"id":164601,"n":"Muscat de Rivesaltes AOC 15,5%","p":4.67,"u":"6,23 €/L","img":"https://fd13-photos.leclercdrive.fr/image.ashx?id=2974717&use=l&cat=p&typeid=i","cat":284913},{"id":164602,"n":"Lessive liquide fraîcheur ECO+ 40 lavages - 2L","p":2.16,"u":"1,08 €/L","img":"https://fd13-photos.leclercdrive.fr/image.ashx?id=2597988&use=l&cat=p&typeid=i","cat":284640},{"id":164603,"n":"Lessive liquide fleurie Epsil 25 lavages - 1,25L","p":3.91,"u":"3,13 €/L","img":"https://fd13-photos.leclercdrive.fr/image.ashx?id=2603000&use=l&cat=p&typeid=i","cat":284640},{"id":164604,"n":"Lessive liquide fraîcheur Epsil 25 lavages - 1,25L","p":3.33,"u":"2,66 €/L","img":"https://fd13-photos.leclercdrive.fr/image.ashx?id=2450140&use=l&cat=p&typeid=i","cat":284640},{"id":164606,"n":"Rhum blanc DOM 40° - 70cl","p":9.11,"u":"13,01 €/L","img":"https://fd13-photos.leclercdrive.fr/image.ashx?id=2188772&use=l&cat=p&typeid=i","cat":284550},{"id":164607,"n":"Blended whisky Eco+ 40% - 70cl","p":10.92,"u":"15,60 €/L","img":"https://fd13-photos.leclercdrive.fr/image.ashx?id=2907150&use=l&cat=p&typeid=i","cat":284547},{"id":164870,"n":"Raclette au poivre pasteurisée L'Atelier Fromagerie - 250g","p":3.75,"u":"15,00 €/KG","img":"https://fd13-photos.leclercdrive.fr/image.ashx?id=2215467&use=l&cat=p&typeid=i","cat":314036},{"id":164871,"n":"Raclette fumée pasteurisée L'Atelier Fromagerie - 250g","p":3.75,"u":"15,00 €/KG","img":"https://fd13-photos.leclercdrive.fr/image.ashx?id=2215470&use=l&cat=p&typeid=i","cat":314036},{"id":164873,"n":"Raclette à l'oignon pasteurisée L'Atelier Fromagerie - 250g","p":3.75,"u":"15,00 €/KG","img":"https://fd13-photos.leclercdrive.fr/image.ashx?id=2215473&use=l&cat=p&typeid=i","cat":314036},{"id":165062,"n":"Gel Lubrifiant Intime Cherry Arome Cerise Durex 100ml","p":8.99,"u":"89,90 €/L","img":"https://fd13-photos.leclercdrive.fr/image.ashx?id=2960696&use=l&cat=p&typeid=i","cat":285160},{"id":165064,"n":"Lessive poudre Eco + 60 lavages - 3kg","p":4.81,"u":"1,60 €/KG","img":"https://fd13-photos.leclercdrive.fr/image.ashx?id=2638524&use=l&cat=p&typeid=i","cat":284642},{"id":165131,"n":"Crème de cassis d'Anjou  Giffard 16% - 50cl","p":5.5,"pp":4.95,"u":"9,90 €/L","img":"https://fd13-photos.leclercdrive.fr/image.ashx?id=2219150&use=l&cat=p&typeid=i","cat":286032},{"id":165138,"n":"Crème de fleur de sureau  Giffard 16% - 50cl","p":5.5,"pp":4.95,"u":"9,90 €/L","img":"https://fd13-photos.leclercdrive.fr/image.ashx?id=2219165&use=l&cat=p&typeid=i","cat":286032},{"id":165156,"n":"Jus MultiFruits Désucré Jafaden - 1L","p":1.69,"u":"1,69 €/L","img":"https://fd13-photos.leclercdrive.fr/image.ashx?id=2497971&use=l&cat=p&typeid=i","cat":284917},{"id":165174,"n":"Spray aérien Puressentiel  Sommeil et détente - 75ml","p":10.89,"u":"145,20 €/L","img":"https://fd13-photos.leclercdrive.fr/image.ashx?id=2194253&use=l&cat=p&typeid=i","cat":298633},{"id":165199,"n":"Pate à tartiner Bonne Maman Noisette et cacao - 360g","p":3.73,"u":"10,36 €/KG","img":"https://fd13-photos.leclercdrive.fr/image.ashx?id=2891106&use=l&cat=p&typeid=i","cat":284481},{"id":165200,"n":"Pate à tartiner Bonne Maman Noisette et cacao - 580g","p":6.07,"u":"10,47 €/KG","img":"https://fd13-photos.leclercdrive.fr/image.ashx?id=2891109&use=l&cat=p&typeid=i","cat":284481},{"id":165224,"n":"Roller Pure Heat Articulations& Muscles - 75ml","p":11.85,"u":"158,00 €/L","img":"https://fd13-photos.leclercdrive.fr/image.ashx?id=2243620&use=l&cat=p&typeid=i","cat":284630},{"id":165225,"n":"Novanuit Triple action x30","p":9.99,"u":"222,00 €/KG","img":"https://fd13-photos.leclercdrive.fr/image.ashx?id=2237202&use=l&cat=p&typeid=i","cat":301265},{"id":165308,"n":"Shell Helix Ultra 5W30 mixte - 5L","p":35.9,"u":"Dont 0,36 € d'éco-part.","img":"https://fd13-photos.leclercdrive.fr/image.ashx?id=2787641&use=l&cat=p&typeid=i","cat":298253},{"id":165310,"n":"Shell Helix HX7 10W40 Diesel - 5L","p":22.44,"u":"Dont 0,36 € d'éco-part.","img":"https://fd13-photos.leclercdrive.fr/image.ashx?id=2197496&use=l&cat=p&typeid=i","cat":298253},{"id":165642,"n":"Protège matelas Tissaïa Basics Blanc - 140x190cm","p":8.94,"img":"https://fd13-photos.leclercdrive.fr/image.ashx?id=2219428&use=l&cat=p&typeid=i","cat":286694},{"id":165643,"n":"Protège matelas Tissaïa Basics Blanc - 160x200cm","p":9.94,"img":"https://fd13-photos.leclercdrive.fr/image.ashx?id=2219431&use=l&cat=p&typeid=i","cat":286694},{"id":165656,"n":"Diffuseur Glade avec bâtonnets Lavandin & Santal - 80ml","p":7.02,"u":"87,75 €/L","img":"https://fd13-photos.leclercdrive.fr/image.ashx?id=2266083&use=l&cat=p&typeid=i","cat":311627},{"id":165666,"n":"Confitures Léonce Blanc 70% 4 agrumes - 320g","p":2.88,"u":"9,00 €/KG","img":"https://fd13-photos.leclercdrive.fr/image.ashx?id=2362591&use=l&cat=p&typeid=i","cat":284480},{"id":165670,"n":"Tête de recharge Dentamyl Brosse à dent médium - x3","p":1.0,"u":"0,33 €/P","img":"https://fd13-photos.leclercdrive.fr/image.ashx?id=2791018&use=l&cat=p&typeid=i","cat":284614},{"id":165671,"n":"Tête de recharge Dentamyl Brosse à dent dure - x3","p":1.0,"u":"0,33 €/P","img":"https://fd13-photos.leclercdrive.fr/image.ashx?id=2791021&use=l&cat=p&typeid=i","cat":284614},{"id":165678,"n":"Crème Whisky Baileys Caramel salé 17% vol - 70cl","p":13.3,"u":"19,00 €/L","img":"https://fd13-photos.leclercdrive.fr/image.ashx?id=2351475&use=l&cat=p&typeid=i","cat":286032},{"id":165726,"n":"Madeleine Bonne Maman Framboise x10 - 300g","p":3.52,"u":"11,73 €/KG","img":"https://fd13-photos.leclercdrive.fr/image.ashx?id=2936251&use=l&cat=p&typeid=i","cat":284492},{"id":165801,"n":"Sauce bolognaise Eco+ 420g","p":1.13,"u":"2,69 €/KG","img":"https://fd13-photos.leclercdrive.fr/image.ashx?id=2634845&use=l&cat=p&typeid=i","cat":287599},{"id":166221,"n":"Acide citrique Biovie 350g","p":5.29,"u":"15,11 €/KG","img":"https://fd13-photos.leclercdrive.fr/image.ashx?id=2997007&use=l&cat=p&typeid=i","cat":325365},{"id":166304,"n":"Croquettes poisson pané Findus MSC Ail Fines Herbes x6 - 300g","p":2.9,"u":"9,67 €/KG","img":"https://fd13-photos.leclercdrive.fr/image.ashx?id=3008752&use=l&cat=p&typeid=i","cat":319788},{"id":166312,"n":"Bière Saint-Côme 33cl","p":2.42,"u":"7,33 €/L","img":"https://fd13-photos.leclercdrive.fr/image.ashx?id=2205619&use=l&cat=p&typeid=i","cat":334872},{"id":166313,"n":"Bière ambrée pur malt 109 33cl","p":2.42,"u":"7,33 €/L","img":"https://fd13-photos.leclercdrive.fr/image.ashx?id=2205622&use=l&cat=p&typeid=i","cat":334872},{"id":166315,"n":"Bière Ramberte 33cl","p":2.42,"u":"7,33 €/L","img":"https://fd13-photos.leclercdrive.fr/image.ashx?id=2207364&use=l&cat=p&typeid=i","cat":334872},{"id":166316,"n":"Bière Gueule Noire 33cl","p":2.42,"u":"7,33 €/L","img":"https://fd13-photos.leclercdrive.fr/image.ashx?id=2205625&use=l&cat=p&typeid=i","cat":334872},{"id":166317,"n":"Bière Sibère 33cl","p":2.43,"u":"7,36 €/L","img":"https://fd13-photos.leclercdrive.fr/image.ashx?id=2480935&use=l&cat=p&typeid=i","cat":334872},{"id":166320,"n":"Saint Côme 75cl","p":5.1,"u":"Dont 0,01 € d'éco-part.","img":"https://fd13-photos.leclercdrive.fr/image.ashx?id=2240928&use=l&cat=p&typeid=i","cat":334872},{"id":166321,"n":"Bière 109 75cl","p":5.1,"u":"6,80 €/L","img":"https://fd13-photos.leclercdrive.fr/image.ashx?id=2205613&use=l&cat=p&typeid=i","cat":334872},{"id":166322,"n":"Ramberte 75cl","p":5.1,"u":"Dont 0,01 € d'éco-part.","img":"https://fd13-photos.leclercdrive.fr/image.ashx?id=2205616&use=l&cat=p&typeid=i","cat":334872},{"id":166324,"n":"Bière Gueule Noire 75cl","p":5.1,"u":"Dont 0,01 € d'éco-part.","img":"https://fd13-photos.leclercdrive.fr/image.ashx?id=2207358&use=l&cat=p&typeid=i","cat":334872},{"id":166325,"n":"Bière Sibère 75cl","p":5.1,"u":"Dont 0,01 € d'éco-part.","img":"https://fd13-photos.leclercdrive.fr/image.ashx?id=2207373&use=l&cat=p&typeid=i","cat":334872},{"id":166327,"n":"Bière de Noel Pampille 75cl","p":5.2,"u":"Dont 0,01 € d'éco-part.","img":"https://fd13-photos.leclercdrive.fr/image.ashx?id=2207352&use=l&cat=p&typeid=i","cat":334872},{"id":166377,"n":"Lessive eco-recharge Uni Vert Fleur x30 lavages - 1,05L","p":4.12,"u":"3,92 €/L","img":"https://fd13-photos.leclercdrive.fr/image.ashx?id=2838942&use=l&cat=p&typeid=i","cat":284640},{"id":166399,"n":"AOC Jurançon blanc Matayac Petit et Gros Manseng - 75cl","p":7.9,"pp":5.53,"u":"7,37 €/L","img":"https://fd13-photos.leclercdrive.fr/image.ashx?id=2792324&use=l&cat=p&typeid=i","cat":289557},{"id":166403,"n":"Lessive eco-recharge Uni Vert Aloe x30 lavages - 1.05L","p":4.12,"u":"3,92 €/L","img":"https://fd13-photos.leclercdrive.fr/image.ashx?id=2669780&use=l&cat=p&typeid=i","cat":284640},{"id":166404,"n":"Lessive eco-recharge Uni Vert  Aloe Vera x42 lavages - 1.5L","p":5.91,"u":"3,94 €/L","img":"https://fd13-photos.leclercdrive.fr/image.ashx?id=2838954&use=l&cat=p&typeid=i","cat":284640},{"id":166419,"n":"Signature Patato Pops McCain Pommes de terre - 650g","p":3.08,"u":"4,74 €/KG","img":"https://fd13-photos.leclercdrive.fr/image.ashx?id=2752233&use=l&cat=p&typeid=i","cat":319792},{"id":166478,"n":"Démaquillant Maybelline  Waterproof biphase 2en1 - 150ml","p":2.35,"u":"15,67 €/L","img":"https://fd13-photos.leclercdrive.fr/image.ashx?id=2278169&use=l&cat=p&typeid=i","cat":284603},{"id":166485,"n":"Muesli aux fruits bio Happy Bio 375g","p":2.82,"u":"7,52 €/KG","img":"https://fd13-photos.leclercdrive.fr/image.ashx?id=2945520&use=l&cat=p&typeid=i","cat":309512},{"id":166486,"n":"Nectar Fruits du Verger Jafaden Sans sucre ajouté - 1L","p":1.59,"u":"1,59 €/L","img":"https://fd13-photos.leclercdrive.fr/image.ashx?id=2919658&use=l&cat=p&typeid=i","cat":284521},{"id":166598,"n":"Sauce spaghetti bio Jardin Bio 510g","p":3.36,"u":"6,59 €/KG","img":"https://fd13-photos.leclercdrive.fr/image.ashx?id=2811164&use=l&cat=p&typeid=i","cat":288384},{"id":166601,"n":"Compote bio Jardin Bio Pomme banane - 680g","p":3.5,"u":"5,15 €/KG","img":"https://fd13-photos.leclercdrive.fr/image.ashx?id=2918307&use=l&cat=p&typeid=i","cat":284508},{"id":166602,"n":"Compote bio Jardin Bio Pomme fraise - 680g","p":3.35,"u":"4,93 €/KG","img":"https://fd13-photos.leclercdrive.fr/image.ashx?id=2918835&use=l&cat=p&typeid=i","cat":284508},{"id":166654,"n":"1ère Crème lavante bébé Uriage Flacon pompe - 500ml","p":9.05,"u":"18,10 €/L","img":"https://fd13-photos.leclercdrive.fr/image.ashx?id=2735455&use=l&cat=p&typeid=i","cat":290425},{"id":166655,"n":"1ère Crème lavante bébé Uriage Flacon pompe - 1L","p":10.0,"u":"10,00 €/L","img":"https://fd13-photos.leclercdrive.fr/image.ashx?id=2209531&use=l&cat=p&typeid=i","cat":290425},{"id":166656,"n":"1ère eau nettoyante bébé Uriage Flacon pompe - 500ml","p":8.21,"u":"16,42 €/L","img":"https://fd13-photos.leclercdrive.fr/image.ashx?id=2689970&use=l&cat=p&typeid=i","cat":290425},{"id":166657,"n":"1ère eau nettoyante bébé Uriage Flacon pompe - 1L","p":10.15,"u":"10,15 €/L","img":"https://fd13-photos.leclercdrive.fr/image.ashx?id=2209537&use=l&cat=p&typeid=i","cat":290425},{"id":166661,"n":"Crème La Roche Posay Tolériane Dermallergo - 40ml","p":16.78,"u":"419,50 €/L","img":"https://fd13-photos.leclercdrive.fr/image.ashx?id=2813444&use=l&cat=p&typeid=i","cat":291171},{"id":166664,"n":"Baume Lipikar La Roche Posay AP M Tube Eco Responsable-200ml","p":14.99,"u":"74,95 €/L","img":"https://fd13-photos.leclercdrive.fr/image.ashx?id=2209435&use=l&cat=p&typeid=i","cat":290421},{"id":166665,"n":"Correcteur intensif SVR Sebiaclear Active Gel - 40ml","p":8.47,"u":"211,75 €/L","img":"https://fd13-photos.leclercdrive.fr/image.ashx?id=2965139&use=l&cat=p&typeid=i","cat":291166},{"id":166666,"n":"Gel lavant Topialyse SVR Apaisant hydratant 24h - 1L","p":7.49,"pp":5.62,"u":"5,62 €/L","img":"https://fd13-photos.leclercdrive.fr/image.ashx?id=2971655&use=l&cat=p&typeid=i","cat":301591},{"id":166667,"n":"Huile lavante Topialyse SVR 1L","p":13.99,"pp":10.49,"u":"10,49 €/L","img":"https://fd13-photos.leclercdrive.fr/image.ashx?id=2971185&use=l&cat=p&typeid=i","cat":301591},{"id":166674,"n":"Confiture Douceur du Verger Fraise - 750g","p":2.15,"u":"2,87 €/KG","img":"https://fd13-photos.leclercdrive.fr/image.ashx?id=2251974&use=l&cat=p&typeid=i","cat":284480},{"id":166686,"n":"Yaourt protéiné Hipro  Coco 0%mg - 2x160g","p":2.23,"u":"6,97 €/KG","img":"https://fd13-photos.leclercdrive.fr/image.ashx?id=2807423&use=l&cat=p&typeid=i","cat":315000},{"id":166687,"n":"Yaourt protéiné Hipro 0%mg  Banane beurre cacahuète -2x160g","p":2.24,"u":"7,00 €/KG","img":"https://fd13-photos.leclercdrive.fr/image.ashx?id=2807426&use=l&cat=p&typeid=i","cat":315000},{"id":166689,"n":"Yaourt Velouté Fruix Danone Brassé mutlifruits - 8x125g","p":2.72,"u":"2,72 €/KG","img":"https://fd13-photos.leclercdrive.fr/image.ashx?id=2912953&use=l&cat=p&typeid=i","cat":284410},{"id":166707,"n":"Saumon fumé Delpierre Norvège 10 tranches - 320g","p":11.45,"u":"35,78 €/KG","img":"https://fd13-photos.leclercdrive.fr/image.ashx?id=2961915&use=l&cat=p&typeid=i","cat":285188},{"id":166722,"n":"Palermo Gentiane Apéritif sans alcool - 1L","p":3.48,"u":"3,48 €/L","img":"https://fd13-photos.leclercdrive.fr/image.ashx?id=2210416&use=l&cat=p&typeid=i","cat":284549},{"id":166723,"n":"Palermo Bianco Apéritif sans alcool - 1L","p":3.19,"u":"3,19 €/L","img":"https://fd13-photos.leclercdrive.fr/image.ashx?id=2210419&use=l&cat=p&typeid=i","cat":284549},{"id":166753,"n":"Apéritif Apérol Spritz 12.5% vol - 1L","p":15.07,"u":"15,07 €/L","img":"https://fd13-photos.leclercdrive.fr/image.ashx?id=2957287&use=l&cat=p&typeid=i","cat":286032},{"id":166757,"n":"Filet de poulet rôti Fleury Michon sans nitrite x6 - 160g","p":2.81,"u":"17,56 €/KG","img":"https://fd13-photos.leclercdrive.fr/image.ashx?id=2954830&use=l&cat=p&typeid=i","cat":316010},{"id":166876,"n":"Lessive bi-doses Xeor Fraîcheur x30","p":5.24,"u":"7,13 €/L","img":"https://fd13-photos.leclercdrive.fr/image.ashx?id=2838945&use=l&cat=p&typeid=i","cat":284641},{"id":166878,"n":"Lessive bi-doses Xeor Savon de Marseille x30","p":5.24,"u":"7,13 €/L","img":"https://fd13-photos.leclercdrive.fr/image.ashx?id=2838948&use=l&cat=p&typeid=i","cat":284641},{"id":166891,"n":"Cookies crunchy melts Cadbury Oreo 156g","p":2.26,"u":"14,49 €/KG","img":"https://fd13-photos.leclercdrive.fr/image.ashx?id=2328286&use=l&cat=p&typeid=i","cat":325066},{"id":167011,"n":"Pur jus de clémentine Jafaden 90cl","p":2.15,"u":"2,39 €/L","img":"https://fd13-photos.leclercdrive.fr/image.ashx?id=2441468&use=l&cat=p&typeid=i","cat":285435},{"id":167071,"n":"Rhum Dictador 10 ans - 40% vol. - 70cl","p":38.0,"u":"54,29 €/L","img":"https://fd13-photos.leclercdrive.fr/image.ashx?id=2215239&use=l&cat=p&typeid=i","cat":284550},{"id":167095,"n":"Rhum vieux agricole Martinique AOC 43%vol - 70cl","p":33.55,"u":"47,93 €/L","img":"https://fd13-photos.leclercdrive.fr/image.ashx?id=2215023&use=l&cat=p&typeid=i","cat":284550},{"id":167096,"n":"Vodka Cîroc Ultra Premium 40% vol - 70cl","p":37.48,"u":"53,54 €/L","img":"https://fd13-photos.leclercdrive.fr/image.ashx?id=2948411&use=l&cat=p&typeid=i","cat":284550},{"id":167099,"n":"Vodka Cîroc Ultra Premium Red Berry - 37.5% vol - 70cl","p":35.9,"u":"51,29 €/L","img":"https://fd13-photos.leclercdrive.fr/image.ashx?id=2215215&use=l&cat=p&typeid=i","cat":284550},{"id":167100,"n":"Vodka Cîroc Ultra Premium Coconut - 37.5% vol - 70cl","p":36.66,"u":"52,37 €/L","img":"https://fd13-photos.leclercdrive.fr/image.ashx?id=2215212&use=l&cat=p&typeid=i","cat":284550},{"id":167101,"n":"Vodka Cîroc Ultra Premium Mango - 37.5% vol - 70cl","p":35.9,"u":"51,29 €/L","img":"https://fd13-photos.leclercdrive.fr/image.ashx?id=2215209&use=l&cat=p&typeid=i","cat":284550},{"id":167106,"n":"Vodka Cîroc Ultra Premium Pineapple - 37.5% vol - 70cl","p":36.66,"u":"52,37 €/L","img":"https://fd13-photos.leclercdrive.fr/image.ashx?id=2215203&use=l&cat=p&typeid=i","cat":284550},{"id":167306,"n":"Soupe Déshydratée Oignon KNORR 4 portions - 94g","p":1.42,"u":"15,11 €/KG","img":"https://fd13-photos.leclercdrive.fr/image.ashx?id=2780088&use=l&cat=p&typeid=i","cat":284463},{"id":167331,"n":"Cookies Mini Granola Pépites de chocolat - 110g","p":2.24,"u":"20,36 €/KG","img":"https://fd13-photos.leclercdrive.fr/image.ashx?id=2983489&use=l&cat=p&typeid=i","cat":325066},{"id":167375,"n":"Pois chiches d'aucy Bien Cultivés - 250g","p":2.0,"u":"8,00 €/KG","img":"https://fd13-photos.leclercdrive.fr/image.ashx?id=2800764&use=l&cat=p&typeid=i","cat":312609},{"id":167378,"n":"Haricots verts d'aucy  Bien Cultivés - 58cl","p":2.26,"u":"3,90 €/L","img":"https://fd13-photos.leclercdrive.fr/image.ashx?id=2800770&use=l&cat=p&typeid=i","cat":312606},{"id":167380,"n":"Flageolets d'aucy Bien Cultivés - 250g","p":1.82,"u":"7,28 €/KG","img":"https://fd13-photos.leclercdrive.fr/image.ashx?id=2216347&use=l&cat=p&typeid=i","cat":312606},{"id":167381,"n":"Petits pois d'aucy  Bien Cultivés - 250g","p":1.99,"u":"7,96 €/KG","img":"https://fd13-photos.leclercdrive.fr/image.ashx?id=2216353&use=l&cat=p&typeid=i","cat":312607},{"id":167382,"n":"Pois carottes d'aucy  Bien Cultivés - 250g","p":1.93,"u":"7,72 €/KG","img":"https://fd13-photos.leclercdrive.fr/image.ashx?id=2835259&use=l&cat=p&typeid=i","cat":312607},{"id":167389,"n":"Pur jus d'orange Jafaden Sans pulpe - 90cl","p":2.15,"u":"2,39 €/L","img":"https://fd13-photos.leclercdrive.fr/image.ashx?id=2386170&use=l&cat=p&typeid=i","cat":285435},{"id":167390,"n":"Pur jus de pamplemousse Jafaden Avec pulpe - 90cl","p":1.88,"u":"2,09 €/L","img":"https://fd13-photos.leclercdrive.fr/image.ashx?id=2441471&use=l&cat=p&typeid=i","cat":285435},{"id":167391,"n":"Jus de pomme Jafaden 90cl","p":1.91,"u":"2,12 €/L","img":"https://fd13-photos.leclercdrive.fr/image.ashx?id=2441474&use=l&cat=p&typeid=i","cat":285435},{"id":167392,"n":"Jus d'ananas Jafaden 90cl","p":2.21,"u":"2,46 €/L","img":"https://fd13-photos.leclercdrive.fr/image.ashx?id=2624016&use=l&cat=p&typeid=i","cat":285435},{"id":167395,"n":"Pur jus d'orange frais Jafaden Avec pulpe - 1,5L","p":3.66,"u":"2,44 €/L","img":"https://fd13-photos.leclercdrive.fr/image.ashx?id=2442857&use=l&cat=p&typeid=i","cat":285435},{"id":167397,"n":"Pur jus d'orange Jafaden Avec pulpe - 90cl","p":2.21,"u":"2,46 €/L","img":"https://fd13-photos.leclercdrive.fr/image.ashx?id=2637988&use=l&cat=p&typeid=i","cat":285435},{"id":167416,"n":"Gel douche Le Petit Marseillais Noix de coco - 250ml","p":1.49,"u":"5,96 €/L","img":"https://fd13-photos.leclercdrive.fr/image.ashx?id=2681856&use=l&cat=p&typeid=i","cat":284594},{"id":167529,"n":"Lait bébé en poudre Gallia Calisma 1er âge 0-6 mois 830g","p":15.77,"u":"19,00 €/KG","img":"https://fd13-photos.leclercdrive.fr/image.ashx?id=2456201&use=l&cat=p&typeid=i","cat":284726},{"id":167530,"n":"Lait bébé en poudre Gallia Calisma 2e âge 6-12 mois 830g","p":15.07,"u":"18,16 €/KG","img":"https://fd13-photos.leclercdrive.fr/image.ashx?id=2479730&use=l&cat=p&typeid=i","cat":284727},{"id":167531,"n":"Lait bébé poudre Gallia Relais Calisma  1er âge 0-6 mois 830g","p":19.53,"u":"23,53 €/KG","img":"https://fd13-photos.leclercdrive.fr/image.ashx?id=2462460&use=l&cat=p&typeid=i","cat":284726},{"id":167532,"n":"Lait bébé poudre Gallia Relais Calisma 2e âge 6-12 mois 830g","p":18.38,"u":"22,14 €/KG","img":"https://fd13-photos.leclercdrive.fr/image.ashx?id=2911217&use=l&cat=p&typeid=i","cat":284727},{"id":167533,"n":"Tagliatelle Lustucru Selection  360g","p":1.44,"u":"4,00 €/KG","img":"https://fd13-photos.leclercdrive.fr/image.ashx?id=2885351&use=l&cat=p&typeid=i","cat":333682},{"id":167534,"n":"Tagliatelle Lustucru Selection  Maxi 600g","p":2.36,"u":"3,93 €/KG","img":"https://fd13-photos.leclercdrive.fr/image.ashx?id=2792399&use=l&cat=p&typeid=i","cat":333682},{"id":167535,"n":"Fettucini Lustucru Selection  350g","p":1.95,"u":"5,57 €/KG","img":"https://fd13-photos.leclercdrive.fr/image.ashx?id=2792402&use=l&cat=p&typeid=i","cat":333682},{"id":167561,"n":"Brique pur jus Jafaden Multifruits - 1,5L","p":2.82,"u":"1,88 €/L","img":"https://fd13-photos.leclercdrive.fr/image.ashx?id=2916722&use=l&cat=p&typeid=i","cat":285435},{"id":167612,"n":"Lessive Epsil Perfect Tri Doses Pure fraîcheur x20 - 490ml","p":4.99,"u":"10,18 €/L","img":"https://fd13-photos.leclercdrive.fr/image.ashx?id=2450122&use=l&cat=p&typeid=i","cat":284641},{"id":167639,"n":"Protège matelas Tissaïa Basics Blanc - 90x190cm","p":6.94,"img":"https://fd13-photos.leclercdrive.fr/image.ashx?id=2219425&use=l&cat=p&typeid=i","cat":286694},{"id":167641,"n":"Tapis de bain Tissaïa Gris perle - 60x90cm","p":10.95,"img":"https://fd13-photos.leclercdrive.fr/image.ashx?id=2219446&use=l&cat=p&typeid=i","cat":286694},{"id":167646,"n":"Rhum Havana Club Cuban Spiced 35% vol - 70cl","p":19.99,"u":"28,56 €/L","img":"https://fd13-photos.leclercdrive.fr/image.ashx?id=2839415&use=l&cat=p&typeid=i","cat":284550},{"id":167656,"n":"Whisky Glenfiddich 43%vol. 14 ans - Etui - 70cl","p":40.66,"u":"58,09 €/L","img":"https://fd13-photos.leclercdrive.fr/image.ashx?id=2491745&use=l&cat=p&typeid=i","cat":284547},{"id":168151,"n":"Biscuit bébé Blédina 15 mois  Céréales pépites chocolat -168g","p":2.79,"u":"16,61 €/KG","img":"https://fd13-photos.leclercdrive.fr/image.ashx?id=2892421&use=l&cat=p&typeid=i","cat":312227},{"id":168168,"n":"Huile d'olive Cauvin Vierge Extra - 75cl","p":9.48,"u":"12,64 €/L","img":"https://fd13-photos.leclercdrive.fr/image.ashx?id=2498353&use=l&cat=p&typeid=i","cat":284453},{"id":168169,"n":"Ferments Lactiques Tablier Blanc - 8g","p":2.42,"u":"302,50 €/KG","img":"https://fd13-photos.leclercdrive.fr/image.ashx?id=2487488&use=l&cat=p&typeid=i","cat":284504},{"id":168249,"n":"Gaufrettes Knoppers Lait Noisettes - 3x25g","p":1.35,"u":"18,00 €/KG","img":"https://fd13-photos.leclercdrive.fr/image.ashx?id=2659094&use=l&cat=p&typeid=i","cat":284488},{"id":168301,"n":"Skyr Yoplait  Nature 0%Mg - 850g","p":3.17,"u":"3,73 €/KG","img":"https://fd13-photos.leclercdrive.fr/image.ashx?id=2884444&use=l&cat=p&typeid=i","cat":315000},{"id":168354,"n":"Mascara Maybelline Sensational  - 1 pièce","p":8.95,"pp":5.91,"img":"https://fd13-photos.leclercdrive.fr/image.ashx?id=3010792&use=l&cat=p&typeid=i","cat":287029},{"id":168371,"n":"Masque Peel-Off Charbon Garnier Anti-Points Noirs - 50ml","p":4.47,"u":"89,40 €/L","img":"https://fd13-photos.leclercdrive.fr/image.ashx?id=2634193&use=l&cat=p&typeid=i","cat":325346},{"id":168372,"n":"Mascara L'Oréal Paris Volume  Millions de cils baume Noir","p":12.0,"pp":7.92,"img":"https://fd13-photos.leclercdrive.fr/image.ashx?id=2418420&use=l&cat=p&typeid=i","cat":287029},{"id":168377,"n":"Gratin Dauphinois Marie 300g","p":3.63,"u":"12,10 €/KG","img":"https://fd13-photos.leclercdrive.fr/image.ashx?id=2228783&use=l&cat=p&typeid=i","cat":333665},{"id":168391,"n":"Jus de pomme désucré Jafaden 1L","p":1.39,"u":"1,39 €/L","img":"https://fd13-photos.leclercdrive.fr/image.ashx?id=2227035&use=l&cat=p&typeid=i","cat":284522},{"id":168676,"n":"Compotes Pom'Potes Gourdes  Multivariétés Inédits - 20x90g","p":8.33,"u":"4,63 €/KG","img":"https://fd13-photos.leclercdrive.fr/image.ashx?id=2870179&use=l&cat=p&typeid=i","cat":284508},{"id":168750,"n":"CB12 Flacon - 500ml","p":11.79,"u":"23,58 €/L","img":"https://fd13-photos.leclercdrive.fr/image.ashx?id=2231386&use=l&cat=p&typeid=i","cat":290416},{"id":168869,"n":"Papier toilette Uni Vert 2 plis 4=12 - x4","p":3.38,"u":"0,85 €/P","img":"https://fd13-photos.leclercdrive.fr/image.ashx?id=2333718&use=l&cat=p&typeid=i","cat":284634},{"id":168871,"n":"Mouchoirs Boîte 3 plis Univert Mouchoir papier non blanchi x80","p":1.26,"u":"0,02 €/P","img":"https://fd13-photos.leclercdrive.fr/image.ashx?id=2571941&use=l&cat=p&typeid=i","cat":284638},{"id":168946,"n":"Sauce Nuoc Mam Go Tan Asian naturals - 145ml","p":2.18,"u":"15,03 €/L","img":"https://fd13-photos.leclercdrive.fr/image.ashx?id=2488163&use=l&cat=p&typeid=i","cat":288992},{"id":168990,"n":"Burgers Eco+ x10 - 1kg","p":6.53,"u":"6,53 €/KG","img":"https://fd13-photos.leclercdrive.fr/image.ashx?id=2966523&use=l&cat=p&typeid=i","cat":319778},{"id":168992,"n":"Nuggets de volaille Eco+ 500g","p":2.18,"u":"4,36 €/KG","img":"https://fd13-photos.leclercdrive.fr/image.ashx?id=2233397&use=l&cat=p&typeid=i","cat":319780},{"id":168993,"n":"Viande hachée Eco+  800g","p":9.49,"u":"11,86 €/KG","img":"https://fd13-photos.leclercdrive.fr/image.ashx?id=2381498&use=l&cat=p&typeid=i","cat":319779},{"id":168994,"n":"Yaourt Enfant Petits Filous Tubs Aromatisés - x15","p":3.15,"u":"5,68 €/KG","img":"https://fd13-photos.leclercdrive.fr/image.ashx?id=2811038&use=l&cat=p&typeid=i","cat":284415},{"id":168995,"n":"Yaourt brassé Perle de Lait Vanille - 4x125g","p":1.97,"u":"3,94 €/KG","img":"https://fd13-photos.leclercdrive.fr/image.ashx?id=2939715&use=l&cat=p&typeid=i","cat":314999},{"id":168996,"n":"Yaourt brassé Perle de Lait Nature - 6x125g","p":2.41,"u":"3,21 €/KG","img":"https://fd13-photos.leclercdrive.fr/image.ashx?id=2994199&use=l&cat=p&typeid=i","cat":314999},{"id":169003,"n":"Yaourt brassé Perle de Lait Nature - 4x125g","p":1.88,"u":"3,76 €/KG","img":"https://fd13-photos.leclercdrive.fr/image.ashx?id=2939706&use=l&cat=p&typeid=i","cat":314999},{"id":169006,"n":"Cocktail de fruits de mer Eco+ Précuit - 500g","p":3.77,"u":"7,54 €/KG","img":"https://fd13-photos.leclercdrive.fr/image.ashx?id=2529525&use=l&cat=p&typeid=i","cat":319787},{"id":169026,"n":"Pané de colin d'Alaska Eco+ x5 - 800g","p":4.49,"u":"5,61 €/KG","img":"https://fd13-photos.leclercdrive.fr/image.ashx?id=2529747&use=l&cat=p&typeid=i","cat":319788},{"id":169057,"n":"Pizza Margherita Eco+ x3 - 900g","p":2.62,"u":"2,91 €/KG","img":"https://fd13-photos.leclercdrive.fr/image.ashx?id=2781176&use=l&cat=p&typeid=i","cat":284256},{"id":169072,"n":"Yaourt brassé Perle de Lait Citron  - 4x125g","p":2.01,"u":"4,19 €/P","img":"https://fd13-photos.leclercdrive.fr/image.ashx?id=2939712&use=l&cat=p&typeid=i","cat":314999},{"id":169216,"n":"Yaourt brassé Perle de Lait Coco - 4x125g","p":2.01,"u":"4,02 €/KG","img":"https://fd13-photos.leclercdrive.fr/image.ashx?id=2939709&use=l&cat=p&typeid=i","cat":286006},{"id":169228,"n":"Rillettes Les Mouettes d'Arvor Thon au fromage frais - 125g","p":3.04,"u":"24,32 €/KG","img":"https://fd13-photos.leclercdrive.fr/image.ashx?id=2237046&use=l&cat=p&typeid=i","cat":303867},{"id":169297,"n":"Soupe Velouté de Poireaux Knorr - 1L","p":2.88,"u":"2,88 €/L","img":"https://fd13-photos.leclercdrive.fr/image.ashx?id=2395814&use=l&cat=p&typeid=i","cat":284462},{"id":169298,"n":"Velouté Carottes Française Knorr - 1L","p":2.94,"u":"2,94 €/L","img":"https://fd13-photos.leclercdrive.fr/image.ashx?id=2395811&use=l&cat=p&typeid=i","cat":284463},{"id":169342,"n":"Lardons fumés Herta 200g","p":2.16,"u":"10,80 €/KG","img":"https://fd13-photos.leclercdrive.fr/image.ashx?id=2939307&use=l&cat=p&typeid=i","cat":316011},{"id":169344,"n":"Lardons fumés Herta Sans nitrite - 2x75g","p":1.8,"u":"12,00 €/KG","img":"https://fd13-photos.leclercdrive.fr/image.ashx?id=2731369&use=l&cat=p&typeid=i","cat":316011},{"id":169345,"n":"Lardons nature Herta 200g","p":2.16,"u":"10,80 €/KG","img":"https://fd13-photos.leclercdrive.fr/image.ashx?id=2731357&use=l&cat=p&typeid=i","cat":316011},{"id":169346,"n":"Allumettes fumées Herta Sans nitrite - 2x75g","p":1.88,"u":"12,53 €/KG","img":"https://fd13-photos.leclercdrive.fr/image.ashx?id=2868903&use=l&cat=p&typeid=i","cat":316011},{"id":169347,"n":"Allumettes nature Herta Sans nitrite - 2x75g","p":1.96,"u":"13,07 €/KG","img":"https://fd13-photos.leclercdrive.fr/image.ashx?id=2868906&use=l&cat=p&typeid=i","cat":316011},{"id":169351,"n":"Allumettes fumées Herta 200g","p":2.0,"u":"10,00 €/KG","img":"https://fd13-photos.leclercdrive.fr/image.ashx?id=2817458&use=l&cat=p&typeid=i","cat":316011},{"id":169353,"n":"Pâte feuilletée Herta Tarte en Or - 230g","p":0.94,"u":"4,09 €/KG","img":"https://fd13-photos.leclercdrive.fr/image.ashx?id=2918658&use=l&cat=p&typeid=i","cat":333681},{"id":169354,"n":"Pâte brisée Herta Tarte en Or - 230g","p":1.04,"u":"4,52 €/KG","img":"https://fd13-photos.leclercdrive.fr/image.ashx?id=2739189&use=l&cat=p&typeid=i","cat":333681},{"id":169429,"n":"Tendres Effilés en Gelée Felix Selection poissons 12x85g","p":4.93,"u":"4,83 €/KG","img":"https://fd13-photos.leclercdrive.fr/image.ashx?id=2995439&use=l&cat=p&typeid=i","cat":285286},{"id":169430,"n":"Tendres Effilés en Gelée Felix Selection campagne 12x85g","p":4.97,"u":"4,87 €/KG","img":"https://fd13-photos.leclercdrive.fr/image.ashx?id=2957668&use=l&cat=p&typeid=i","cat":285286},{"id":169432,"n":"Tendres Effilés en Gelée Felix Selection mixte - 24x85g","p":8.87,"u":"4,35 €/KG","img":"https://fd13-photos.leclercdrive.fr/image.ashx?id=2869651&use=l&cat=p&typeid=i","cat":285286},{"id":169435,"n":"Délicieux Duos en Gelée Felix Selection mixte 24x85g","p":10.03,"u":"4,92 €/KG","img":"https://fd13-photos.leclercdrive.fr/image.ashx?id=2861779&use=l&cat=p&typeid=i","cat":285286},{"id":169443,"n":"Tendres Effilés Gelée 44x85g","p":17.27,"u":"4,62 €/KG","img":"https://fd13-photos.leclercdrive.fr/image.ashx?id=2957674&use=l&cat=p&typeid=i","cat":285286},{"id":169445,"n":"Duos en gelée Felix Selection campagne - 44x85g","p":16.84,"u":"4,50 €/KG","img":"https://fd13-photos.leclercdrive.fr/image.ashx?id=2976857&use=l&cat=p&typeid=i","cat":285286},{"id":169447,"n":"Emincés En Gelée Felix Selection mixte - 12x85g","p":4.19,"u":"4,11 €/KG","img":"https://fd13-photos.leclercdrive.fr/image.ashx?id=2869657&use=l&cat=p&typeid=i","cat":285286},{"id":169448,"n":"Emincés En Gelée  Felix Volaille légumes - 12x85g","p":4.18,"u":"4,10 €/KG","img":"https://fd13-photos.leclercdrive.fr/image.ashx?id=2909212&use=l&cat=p&typeid=i","cat":285286},{"id":169510,"n":"Crème lavante Uriage 1L","p":10.79,"u":"10,79 €/L","img":"https://fd13-photos.leclercdrive.fr/image.ashx?id=2240113&use=l&cat=p&typeid=i","cat":301591},{"id":169511,"n":"Margarine Oméga 3 Fruit d'Or Sans huile de palme - 450g","p":2.88,"u":"6,40 €/KG","img":"https://fd13-photos.leclercdrive.fr/image.ashx?id=2887329&use=l&cat=p&typeid=i","cat":315229},{"id":169513,"n":"Crème lavante Uriage 500ml","p":9.51,"u":"19,02 €/L","img":"https://fd13-photos.leclercdrive.fr/image.ashx?id=2689973&use=l&cat=p&typeid=i","cat":301591},{"id":170434,"n":"Matelote de thon D'Aucy Petits légumes 300g","p":2.83,"u":"9,43 €/KG","img":"https://fd13-photos.leclercdrive.fr/image.ashx?id=2247538&use=l&cat=p&typeid=i","cat":284953},{"id":170778,"n":"Bloc de foie gras Jean Larnaudie - 230g","p":30.45,"u":"132,39 €/KG","img":"https://fd13-photos.leclercdrive.fr/image.ashx?id=2915811&use=l&cat=p&typeid=i","cat":316008},{"id":170828,"n":"Chips Tortilla Old El Paso Chili - 185g","p":2.34,"u":"12,65 €/KG","img":"https://fd13-photos.leclercdrive.fr/image.ashx?id=2444525&use=l&cat=p&typeid=i","cat":288993},{"id":170935,"n":"Rhum Havana Club 3 ans 37,5% vol - 1L","p":23.4,"u":"23,40 €/L","img":"https://fd13-photos.leclercdrive.fr/image.ashx?id=2953992&use=l&cat=p&typeid=i","cat":284550},{"id":170957,"n":"Confiture Douceur du Verger Abricot - 750g","p":2.31,"u":"3,08 €/KG","img":"https://fd13-photos.leclercdrive.fr/image.ashx?id=2251977&use=l&cat=p&typeid=i","cat":284480},{"id":171004,"n":"Ramen nouilles Tanoshi Soja Caramel - 360g","p":2.92,"u":"8,11 €/KG","img":"https://fd13-photos.leclercdrive.fr/image.ashx?id=2922971&use=l&cat=p&typeid=i","cat":288992},{"id":171187,"n":"Barres glacées Snickers  Caramel & Cacahuètes x12 - 547g","p":5.09,"u":"9,31 €/KG","img":"https://fd13-photos.leclercdrive.fr/image.ashx?id=2295505&use=l&cat=p&typeid=i","cat":284264},{"id":171191,"n":"Barre glacée Mars  Caramel x6 - 240g","p":3.16,"img":"https://fd13-photos.leclercdrive.fr/image.ashx?id=2295924&use=l&cat=p&typeid=i","cat":284264},{"id":171252,"n":"Gros sel de Noirmoutier NRT Sachet -1kg","p":1.69,"u":"1,69 €/KG","img":"https://fd13-photos.leclercdrive.fr/image.ashx?id=2644927&use=l&cat=p&typeid=i","cat":284457},{"id":171409,"n":"Sac poubelle Elembal 50L - x40","p":5.99,"u":"0,15 €/P","img":"https://fd13-photos.leclercdrive.fr/image.ashx?id=2793311&use=l&cat=p&typeid=i","cat":285168},{"id":171680,"n":"Crème Densitium SVR 50ml","p":36.83,"u":"736,60 €/L","img":"https://fd13-photos.leclercdrive.fr/image.ashx?id=2971661&use=l&cat=p&typeid=i","cat":291171},{"id":171836,"n":"Céréales Trésor Kellogg's Chocolat au lait - 620g","p":4.39,"u":"7,08 €/KG","img":"https://fd13-photos.leclercdrive.fr/image.ashx?id=2598334&use=l&cat=p&typeid=i","cat":309513},{"id":171839,"n":"Yaourts Light & Free Aux fruits rouges 0% - 8x125g","p":3.29,"u":"3,29 €/KG","img":"https://fd13-photos.leclercdrive.fr/image.ashx?id=3008014&use=l&cat=p&typeid=i","cat":315000},{"id":171846,"n":"Skyr vanille Délisse 450g","p":1.98,"u":"4,40 €/KG","img":"https://fd13-photos.leclercdrive.fr/image.ashx?id=2992585&use=l&cat=p&typeid=i","cat":315000},{"id":172108,"n":"Gambas Delpierre ASC entières cuites - 400g","p":7.38,"u":"18,45 €/KG","img":"https://fd13-photos.leclercdrive.fr/image.ashx?id=2361494&use=l&cat=p&typeid=i","cat":284343},{"id":172585,"n":"Fromage blanc 0%MG Light & Free Pêche - 4x120g","p":2.36,"u":"4,92 €/KG","img":"https://fd13-photos.leclercdrive.fr/image.ashx?id=3008002&use=l&cat=p&typeid=i","cat":315000},{"id":172592,"n":"Fromage blanc 0%MG Light & Free Vanille - 4x120g","p":2.05,"u":"4,27 €/KG","img":"https://fd13-photos.leclercdrive.fr/image.ashx?id=3008005&use=l&cat=p&typeid=i","cat":315000},{"id":172725,"n":"Eau aromatisée San Pellegrino Limonata - 6x33cl","p":3.83,"u":"1,93 €/L","img":"https://fd13-photos.leclercdrive.fr/image.ashx?id=2525816&use=l&cat=p&typeid=i","cat":284536},{"id":172727,"n":"Eau aromatisée San Pellegrino Melograno e arancia - 6x33cl","p":4.21,"u":"2,13 €/L","img":"https://fd13-photos.leclercdrive.fr/image.ashx?id=2551555&use=l&cat=p&typeid=i","cat":284536},{"id":172731,"n":"Tablette chocolat Milka Chocolat au lait - 3x100g","p":4.23,"u":"14,10 €/KG","img":"https://fd13-photos.leclercdrive.fr/image.ashx?id=3009137&use=l&cat=p&typeid=i","cat":284497},{"id":172829,"n":"Yaourt à boire protéiné Hipro  Mangue 0%mg - 300g","p":2.19,"u":"7,30 €/KG","img":"https://fd13-photos.leclercdrive.fr/image.ashx?id=2807432&use=l&cat=p&typeid=i","cat":315000},{"id":173329,"n":"Soupe liquide Liebig  Poissons - Brique 1L","p":3.06,"u":"3,06 €/L","img":"https://fd13-photos.leclercdrive.fr/image.ashx?id=2647468&use=l&cat=p&typeid=i","cat":287366},{"id":173442,"n":"Beurre doux Tendrissime Président - 225g","p":3.07,"u":"13,64 €/KG","img":"https://fd13-photos.leclercdrive.fr/image.ashx?id=2657415&use=l&cat=p&typeid=i","cat":284379},{"id":173559,"n":"Black Spiced Rivière du Mât 35%vol. - 70cl","p":17.98,"u":"25,69 €/L","img":"https://fd13-photos.leclercdrive.fr/image.ashx?id=2731303&use=l&cat=p&typeid=i","cat":284551},{"id":173560,"n":"Arrangé Rivière du Mât Mangue Passion 35%vol - 70cl","p":16.98,"u":"24,26 €/L","img":"https://fd13-photos.leclercdrive.fr/image.ashx?id=2936014&use=l&cat=p&typeid=i","cat":284551},{"id":174148,"n":"Confiture Douceur du Verger Pêches - 370 g","p":1.6,"u":"4,32 €/KG","img":"https://fd13-photos.leclercdrive.fr/image.ashx?id=2269219&use=l&cat=p&typeid=i","cat":284480},{"id":174149,"n":"Confiture Douceur du Verger Fraises - 370 g","p":1.12,"u":"3,03 €/KG","img":"https://fd13-photos.leclercdrive.fr/image.ashx?id=2285846&use=l&cat=p&typeid=i","cat":284480},{"id":174150,"n":"Confiture Douceur du Verger Framboises - 370 g","p":1.99,"u":"5,38 €/KG","img":"https://fd13-photos.leclercdrive.fr/image.ashx?id=2965575&use=l&cat=p&typeid=i","cat":284480},{"id":174152,"n":"Sauce Tomate Provençale Panzani - 210G","p":1.27,"u":"6,05 €/KG","img":"https://fd13-photos.leclercdrive.fr/image.ashx?id=2880691&use=l&cat=p&typeid=i","cat":299047},{"id":174153,"n":"Sauce tomates cuisinées Panzani 210g","p":1.18,"u":"5,62 €/KG","img":"https://fd13-photos.leclercdrive.fr/image.ashx?id=2880688&use=l&cat=p&typeid=i","cat":299047},{"id":174154,"n":"Sauce Tomate Basilic Panzani - 210G","p":1.23,"u":"5,86 €/KG","img":"https://fd13-photos.leclercdrive.fr/image.ashx?id=2881290&use=l&cat=p&typeid=i","cat":288384},{"id":174155,"n":"Sauce tomate Panzani Provençale - 425g","p":1.39,"u":"3,27 €/KG","img":"https://fd13-photos.leclercdrive.fr/image.ashx?id=2742866&use=l&cat=p&typeid=i","cat":288384},{"id":174156,"n":"Sauce tomates cuisinées Panzani 425g","p":1.62,"u":"3,81 €/KG","img":"https://fd13-photos.leclercdrive.fr/image.ashx?id=2977276&use=l&cat=p&typeid=i","cat":288384},{"id":174157,"n":"Sauce Tomate Basilic Panzani - 400G","p":1.81,"u":"4,53 €/KG","img":"https://fd13-photos.leclercdrive.fr/image.ashx?id=2968088&use=l&cat=p&typeid=i","cat":288384},{"id":174158,"n":"Sauce Tomate Provençale Panzani - 650G","p":2.09,"u":"3,22 €/KG","img":"https://fd13-photos.leclercdrive.fr/image.ashx?id=2977942&use=l&cat=p&typeid=i","cat":299047},{"id":174159,"n":"Sauce Tomate Basilic Panzani - 650G","p":2.45,"u":"3,77 €/KG","img":"https://fd13-photos.leclercdrive.fr/image.ashx?id=2977945&use=l&cat=p&typeid=i","cat":288384},{"id":174160,"n":"Sauce tomates fraîches Panzani 3x190g","p":2.66,"u":"4,67 €/KG","img":"https://fd13-photos.leclercdrive.fr/image.ashx?id=2835274&use=l&cat=p&typeid=i","cat":288384},{"id":174189,"n":"Beignets de calamar Eco+ 500g","p":2.46,"u":"4,92 €/KG","img":"https://fd13-photos.leclercdrive.fr/image.ashx?id=2690955&use=l&cat=p&typeid=i","cat":319788},{"id":174196,"n":"Viande hachée 15% MG Férial 1kg","p":14.49,"u":"14,49 €/KG","img":"https://fd13-photos.leclercdrive.fr/image.ashx?id=2630094&use=l&cat=p&typeid=i","cat":284332},{"id":174222,"n":"Pur jus d'orange Eco  Sans pulpe - 1L","p":2.07,"u":"2,07 €/L","img":"https://fd13-photos.leclercdrive.fr/image.ashx?id=2779874&use=l&cat=p&typeid=i","cat":285435},{"id":174223,"n":"Pur jus de pomme Eco  1L","p":1.47,"u":"1,47 €/L","img":"https://fd13-photos.leclercdrive.fr/image.ashx?id=2779877&use=l&cat=p&typeid=i","cat":285435},{"id":174347,"n":"Chips à la crevette Suzi Wan 50g","p":1.23,"u":"24,60 €/KG","img":"https://fd13-photos.leclercdrive.fr/image.ashx?id=2270572&use=l&cat=p&typeid=i","cat":288992},{"id":174372,"n":"Whisky Japonais Suntory Toki 43° - 70cl","p":40.82,"u":"58,31 €/L","img":"https://fd13-photos.leclercdrive.fr/image.ashx?id=2278928&use=l&cat=p&typeid=i","cat":284547},{"id":174398,"n":"Eponges grattantes Eco + x6","p":0.96,"u":"0,16 €/P","img":"https://fd13-photos.leclercdrive.fr/image.ashx?id=2761295&use=l&cat=p&typeid=i","cat":284667},{"id":174517,"n":"Pur jus multifruits Jafaden 90cl","p":1.7,"u":"1,89 €/L","img":"https://fd13-photos.leclercdrive.fr/image.ashx?id=2441697&use=l&cat=p&typeid=i","cat":285435},{"id":174582,"n":"Feutre de coloriage Pointe  Incurvée Bic Intensity x12","p":6.88,"u":"0,57 €/P","img":"https://fd13-photos.leclercdrive.fr/image.ashx?id=2272274&use=l&cat=p&typeid=i","cat":284696},{"id":174593,"n":"Feutre de coloriage Pointe fine Bic Intensity x12","p":4.09,"u":"0,34 €/P","img":"https://fd13-photos.leclercdrive.fr/image.ashx?id=2272259&use=l&cat=p&typeid=i","cat":284696},{"id":174710,"n":"Confiture Douceur du Verger Mirabelles - 370g","p":1.64,"u":"4,43 €/KG","img":"https://fd13-photos.leclercdrive.fr/image.ashx?id=2965560&use=l&cat=p&typeid=i","cat":284480},{"id":174781,"n":"Gel douche Le Chat Extrait de coton - 300ml","p":3.45,"u":"11,50 €/L","img":"https://fd13-photos.leclercdrive.fr/image.ashx?id=2438402&use=l&cat=p&typeid=i","cat":284594},{"id":174784,"n":"Gel douche Le Chat Extrait d'hamamélis - 300ml","p":3.27,"u":"10,90 €/L","img":"https://fd13-photos.leclercdrive.fr/image.ashx?id=2450742&use=l&cat=p&typeid=i","cat":284594},{"id":174786,"n":"Plat rectangulaire en verre  avec couvercle Pyrex 22x17cm","p":11.9,"img":"https://fd13-photos.leclercdrive.fr/image.ashx?id=2556096&use=l&cat=p&typeid=i","cat":298490},{"id":174787,"n":"Plat rectangulaire en verre avec couvercle Pyrex 25x19cm","p":14.9,"img":"https://fd13-photos.leclercdrive.fr/image.ashx?id=2556099&use=l&cat=p&typeid=i","cat":298490},{"id":174788,"n":"Plat rectangulaire en verre avec couvercle Pyrex 27x22cm","p":17.9,"img":"https://fd13-photos.leclercdrive.fr/image.ashx?id=2907932&use=l&cat=p&typeid=i","cat":298490},{"id":174789,"n":"Plat carré en verre avec couvercle Pyrex 15x15cm","p":8.9,"img":"https://fd13-photos.leclercdrive.fr/image.ashx?id=2556192&use=l&cat=p&typeid=i","cat":298490},{"id":174790,"n":"Plat carré en verre avec couvercle Pyrex 20x20cm","p":12.9,"img":"https://fd13-photos.leclercdrive.fr/image.ashx?id=2505252&use=l&cat=p&typeid=i","cat":298490},{"id":174815,"n":"Confiture Douceur du Verger Myrtilles - 370g","p":1.72,"u":"4,65 €/KG","img":"https://fd13-photos.leclercdrive.fr/image.ashx?id=2965590&use=l&cat=p&typeid=i","cat":284480},{"id":174816,"n":"Confiture Douceur du Verger Rhubarbe - 370g","p":1.69,"u":"4,57 €/KG","img":"https://fd13-photos.leclercdrive.fr/image.ashx?id=2274394&use=l&cat=p&typeid=i","cat":284480},{"id":174832,"n":"Saucisses de Toulouse x4 Soutenons Nos Agriculteurs 400g","p":3.98,"u":"9,95 €/KG","img":"https://fd13-photos.leclercdrive.fr/image.ashx?id=2835232&use=l&cat=p&typeid=i","cat":284334},{"id":174833,"n":"Chipolatas x6 Soutenons Nos Agriculteurs 330g","p":4.5,"u":"13,64 €/KG","img":"https://fd13-photos.leclercdrive.fr/image.ashx?id=2716018&use=l&cat=p&typeid=i","cat":284334},{"id":174834,"n":"Chair à saucisse Soutenons Nos Agriculteurs 500g","p":5.11,"u":"10,22 €/KG","img":"https://fd13-photos.leclercdrive.fr/image.ashx?id=2452705&use=l&cat=p&typeid=i","cat":284332},{"id":174875,"n":"Gelée douceur du Verger Groseilles - 370g","p":1.29,"u":"3,49 €/KG","img":"https://fd13-photos.leclercdrive.fr/image.ashx?id=2275504&use=l&cat=p&typeid=i","cat":284480},{"id":174881,"n":"Carottes râpées Bonduelle Au Citron de Sicile - 320g","p":1.41,"u":"4,41 €/KG","img":"https://fd13-photos.leclercdrive.fr/image.ashx?id=2894194&use=l&cat=p&typeid=i","cat":333657},{"id":174887,"n":"Concombre Bonduelle Au Fromage blanc - 320g","p":1.97,"u":"6,16 €/KG","img":"https://fd13-photos.leclercdrive.fr/image.ashx?id=2905309&use=l&cat=p&typeid=i","cat":333657},{"id":174888,"n":"Betteraves Bonduelle Moutarde à l'ancienne - 320g","p":1.93,"u":"6,03 €/KG","img":"https://fd13-photos.leclercdrive.fr/image.ashx?id=2894200&use=l&cat=p&typeid=i","cat":333657},{"id":174927,"n":"Viande hachée 15% MG Soutenons Nos Agriculteurs 300g","p":5.59,"u":"18,63 €/KG","img":"https://fd13-photos.leclercdrive.fr/image.ashx?id=2930558&use=l&cat=p&typeid=i","cat":284332},{"id":174931,"n":"Steak haché façon bouchère x4 Soutenons Nos Agriculteurs 400g","p":6.39,"u":"15,98 €/KG","img":"https://fd13-photos.leclercdrive.fr/image.ashx?id=2968070&use=l&cat=p&typeid=i","cat":319778},{"id":174998,"n":"Jambon supérieur 6 tranches Soutenons Nos Agriculteurs 210g","p":3.89,"u":"18,52 €/KG","img":"https://fd13-photos.leclercdrive.fr/image.ashx?id=2943710&use=l&cat=p&typeid=i","cat":316009},{"id":174999,"n":"Jambon superieur 4 tranches Soutenons Nos Agriculteurs 140g","p":2.66,"u":"19,00 €/KG","img":"https://fd13-photos.leclercdrive.fr/image.ashx?id=2943707&use=l&cat=p&typeid=i","cat":316009},{"id":175058,"n":"Pois chiches Bonduelle Cuits Dans Très Peu De Jus 265g","p":1.24,"u":"4,68 €/KG","img":"https://fd13-photos.leclercdrive.fr/image.ashx?id=2926272&use=l&cat=p&typeid=i","cat":312609},{"id":175067,"n":"Secret de Mousse La Laitière Vanille coulis chocolat - 4x59g","p":1.69,"u":"7,16 €/KG","img":"https://fd13-photos.leclercdrive.fr/image.ashx?id=2847982&use=l&cat=p&typeid=i","cat":284417},{"id":175094,"n":"Brossettes Interdentaire - x5 Réutilisables - RICQLES","p":4.64,"u":"0,93 €/P","img":"https://fd13-photos.leclercdrive.fr/image.ashx?id=2675948&use=l&cat=p&typeid=i","cat":285159},{"id":175122,"n":"Crème Douche Nourrissante Cadum Surgras Coco - 750ml","p":4.05,"u":"5,40 €/L","img":"https://fd13-photos.leclercdrive.fr/image.ashx?id=2393284&use=l&cat=p&typeid=i","cat":284594},{"id":175125,"n":"Sauce Deluxe AMORA 250ml","p":2.03,"u":"8,12 €/L","img":"https://fd13-photos.leclercdrive.fr/image.ashx?id=3009266&use=l&cat=p&typeid=i","cat":318431},{"id":175303,"n":"Skyr Siggi's  Citron - 2x140g","p":2.23,"u":"7,96 €/KG","img":"https://fd13-photos.leclercdrive.fr/image.ashx?id=2673082&use=l&cat=p&typeid=i","cat":315000},{"id":175339,"n":"Poivrons bicolores Eco+ x2","p":0.99,"u":"0,50 €/P","img":"https://fd13-photos.leclercdrive.fr/image.ashx?id=2709716&use=l&cat=p&typeid=i","cat":284352},{"id":175414,"n":"Oranges non traitées Panier du Primeur Sachet x4","p":2.29,"u":"0,57 €/P","img":"https://fd13-photos.leclercdrive.fr/image.ashx?id=2930909&use=l&cat=p&typeid=i","cat":284356},{"id":175448,"n":"Tablette Ferrero Rocher Noir 55% Noisettes - 90g","p":1.96,"u":"21,78 €/KG","img":"https://fd13-photos.leclercdrive.fr/image.ashx?id=3001512&use=l&cat=p&typeid=i","cat":284956},{"id":175449,"n":"Tablette FERRERO ROCHER Blanc Noisettes - 90g","p":2.04,"u":"22,67 €/KG","img":"https://fd13-photos.leclercdrive.fr/image.ashx?id=3001515&use=l&cat=p&typeid=i","cat":284957},{"id":175551,"n":"Confit de canard du Sud-Ouest Nos Régions ont du Talent  420g","p":8.68,"u":"20,67 €/KG","img":"https://fd13-photos.leclercdrive.fr/image.ashx?id=2753544&use=l&cat=p&typeid=i","cat":284339},{"id":175560,"n":"Sérum nutrition Vitanove 100ml","p":3.99,"u":"39,90 €/L","img":"https://fd13-photos.leclercdrive.fr/image.ashx?id=2691441&use=l&cat=p&typeid=i","cat":284608},{"id":175564,"n":"Gel Douche Le Petit Marseillais  Haute tolerance aloevera 400ml","p":2.36,"u":"5,90 €/L","img":"https://fd13-photos.leclercdrive.fr/image.ashx?id=2677429&use=l&cat=p&typeid=i","cat":284594},{"id":175572,"n":"Thé noir Earl Grey Bio Village Bio - x20 - 36g","p":1.09,"u":"30,28 €/KG","img":"https://fd13-photos.leclercdrive.fr/image.ashx?id=2285084&use=l&cat=p&typeid=i","cat":293233},{"id":175574,"n":"Sauce bolognaise Panzani Extra riche - 400g","p":2.73,"u":"6,83 €/KG","img":"https://fd13-photos.leclercdrive.fr/image.ashx?id=2887527&use=l&cat=p&typeid=i","cat":299047},{"id":175579,"n":"Pur jus Bio Village Bio Pomme  - 1L","p":2.14,"u":"2,14 €/L","img":"https://fd13-photos.leclercdrive.fr/image.ashx?id=2285081&use=l&cat=p&typeid=i","cat":284522},{"id":175582,"n":"Sachet fraicheur chat Sheba Soupe filets de poulet - 4x40g","p":2.94,"u":"18,38 €/KG","img":"https://fd13-photos.leclercdrive.fr/image.ashx?id=2292590&use=l&cat=p&typeid=i","cat":285286},{"id":175585,"n":"Sachet fraicheur chat Sheba Soupe filets de thon - 4x40g","p":2.9,"u":"18,13 €/KG","img":"https://fd13-photos.leclercdrive.fr/image.ashx?id=2292593&use=l&cat=p&typeid=i","cat":285286},{"id":175603,"n":"Thé vert bio Bio Village Menthe x20 - 36g","p":1.65,"u":"45,83 €/KG","img":"https://fd13-photos.leclercdrive.fr/image.ashx?id=2961722&use=l&cat=p&typeid=i","cat":293233},{"id":175609,"n":"2 cuillères douces Tigex Mickey/Minnie thermosensibles","p":5.68,"img":"https://fd13-photos.leclercdrive.fr/image.ashx?id=2286711&use=l&cat=p&typeid=i","cat":289435},{"id":175610,"n":"2 tétines Air Control Tigex Base étroite silicone +12mois","p":3.08,"img":"https://fd13-photos.leclercdrive.fr/image.ashx?id=2286714&use=l&cat=p&typeid=i","cat":284743},{"id":175611,"n":"Tasse Smart'360° 250ml Tigex","p":9.5,"img":"https://fd13-photos.leclercdrive.fr/image.ashx?id=2286705&use=l&cat=p&typeid=i","cat":284742},{"id":175612,"n":"2 Tétines Silicone  Nuk Base large Serenity + 6-18 mois","p":3.5,"img":"https://fd13-photos.leclercdrive.fr/image.ashx?id=2286708&use=l&cat=p&typeid=i","cat":284743},{"id":175614,"n":"Serviettes hygiéniques Tigex","p":6.93,"img":"https://fd13-photos.leclercdrive.fr/image.ashx?id=2286702&use=l&cat=p&typeid=i","cat":289435},{"id":175615,"n":"5 Slips filet extensible Tigex","p":8.41,"img":"https://fd13-photos.leclercdrive.fr/image.ashx?id=2689829&use=l&cat=p&typeid=i","cat":289435},{"id":175618,"n":"Badabowls Badabulle Maxi-portions - 5x250ml","p":8.5,"img":"https://fd13-photos.leclercdrive.fr/image.ashx?id=2505768&use=l&cat=p&typeid=i","cat":289435},{"id":175685,"n":"Madeleine longue P'tit Déli Fourrés à la fraise - 240g","p":3.01,"u":"12,54 €/KG","img":"https://fd13-photos.leclercdrive.fr/image.ashx?id=2558386&use=l&cat=p&typeid=i","cat":284492},{"id":175713,"n":"Bière \"La Goudale\" Rubis - 6x25cl","p":4.78,"u":"3,19 €/L","img":"https://fd13-photos.leclercdrive.fr/image.ashx?id=2778245&use=l&cat=p&typeid=i","cat":334878},{"id":175763,"n":"Chocolat noir Novi Aux noisettes - 130g","p":2.97,"u":"22,85 €/KG","img":"https://fd13-photos.leclercdrive.fr/image.ashx?id=2294516&use=l&cat=p&typeid=i","cat":284956},{"id":175764,"n":"Chocolat blanc Novi Aux noisettes - 130g","p":3.04,"u":"23,38 €/KG","img":"https://fd13-photos.leclercdrive.fr/image.ashx?id=2294519&use=l&cat=p&typeid=i","cat":284957},{"id":175765,"n":"Chocolat au lait Lindt Création Praliné Feuillantine - 110g","p":3.61,"u":"32,82 €/KG","img":"https://fd13-photos.leclercdrive.fr/image.ashx?id=2287394&use=l&cat=p&typeid=i","cat":284497},{"id":175790,"n":"Sachet fraicheur chat Sheba Filets au poulet - 60g","p":1.1,"u":"18,33 €/KG","img":"https://fd13-photos.leclercdrive.fr/image.ashx?id=2287523&use=l&cat=p&typeid=i","cat":285286},{"id":175834,"n":"Boîte en verre carrée  Homeside - 0,8L","p":4.99,"img":"https://fd13-photos.leclercdrive.fr/image.ashx?id=2288892&use=l&cat=p&typeid=i","cat":284710},{"id":175895,"n":"Huile moteur Shell Helix Ultra Professional - AP-L 5W-30 - 5L","p":44.0,"u":"8,80 €/L","img":"https://fd13-photos.leclercdrive.fr/image.ashx?id=2288500&use=l&cat=p&typeid=i","cat":298253},{"id":175897,"n":"Huile moteur Shell Helix Ultra Professional - AR-L 5W-30 - 5L","p":44.9,"u":"8,98 €/L","img":"https://fd13-photos.leclercdrive.fr/image.ashx?id=2288503&use=l&cat=p&typeid=i","cat":298253},{"id":175984,"n":"Auto-bronzant Ambre Solaire  Brume corps - 150ml","p":9.65,"u":"64,33 €/L","img":"https://fd13-photos.leclercdrive.fr/image.ashx?id=2530630&use=l&cat=p&typeid=i","cat":325355},{"id":175986,"n":"Crème change bio Love & Green 100ml","p":7.17,"u":"71,70 €/L","img":"https://fd13-photos.leclercdrive.fr/image.ashx?id=2289267&use=l&cat=p&typeid=i","cat":284741},{"id":176027,"n":"Frites Classiques McCain Just Au Four - 700g","p":2.52,"u":"3,60 €/KG","img":"https://fd13-photos.leclercdrive.fr/image.ashx?id=2997340&use=l&cat=p&typeid=i","cat":319791},{"id":176034,"n":"Frites Express McCain Just Au Four - 600g","p":3.08,"u":"5,13 €/KG","img":"https://fd13-photos.leclercdrive.fr/image.ashx?id=2997337&use=l&cat=p&typeid=i","cat":319791},{"id":176040,"n":"Frites friteuse McCain Golden Allumette - 1,080kg","p":2.97,"u":"2,75 €/KG","img":"https://fd13-photos.leclercdrive.fr/image.ashx?id=2737939&use=l&cat=p&typeid=i","cat":319791},{"id":176239,"n":"Gnocchi Lustucru Selection  390g","p":1.72,"u":"4,41 €/KG","img":"https://fd13-photos.leclercdrive.fr/image.ashx?id=2965999&use=l&cat=p&typeid=i","cat":333682},{"id":176384,"n":"Soin Cheveux Magique Elsève Dream Long Embellisseur - 200ml","p":7.09,"u":"35,45 €/L","img":"https://fd13-photos.leclercdrive.fr/image.ashx?id=2439308&use=l&cat=p&typeid=i","cat":284608},{"id":176387,"n":"Masque Hydra-Régénérant Elsève Hyaluron Repulp - 310ml","p":5.43,"u":"17,52 €/L","img":"https://fd13-photos.leclercdrive.fr/image.ashx?id=2865878&use=l&cat=p&typeid=i","cat":284608},{"id":176391,"n":"Sérum Hydra-Texturisant Elsève Cheveux Déshydratés - 150ml","p":11.34,"u":"75,60 €/L","img":"https://fd13-photos.leclercdrive.fr/image.ashx?id=2870677&use=l&cat=p&typeid=i","cat":284608},{"id":176400,"n":"Gnocchi à poeler Lustucru  Lot de 2 + 1 offert - 900g","p":3.19,"u":"3,54 €/KG","img":"https://fd13-photos.leclercdrive.fr/image.ashx?id=2446671&use=l&cat=p&typeid=i","cat":333682},{"id":176614,"n":"Compotes Pom'Potes Gourdes  Explorateurs Les Incas - 12x90g","p":5.91,"u":"5,47 €/KG","img":"https://fd13-photos.leclercdrive.fr/image.ashx?id=2900740&use=l&cat=p&typeid=i","cat":284508},{"id":176615,"n":"Compotes Pom'Potes Gourdes  Battle Multivariétés - 12x90g","p":5.49,"u":"5,08 €/KG","img":"https://fd13-photos.leclercdrive.fr/image.ashx?id=2919745&use=l&cat=p&typeid=i","cat":284508},{"id":176616,"n":"Compotes Pom'Potes Gourdes  Multivariétés Régions - 12x90g","p":5.87,"u":"5,44 €/KG","img":"https://fd13-photos.leclercdrive.fr/image.ashx?id=2883426&use=l&cat=p&typeid=i","cat":284508},{"id":176659,"n":"Muesli chocolat bio  Terres et Céréales - 900g","p":6.32,"u":"7,02 €/KG","img":"https://fd13-photos.leclercdrive.fr/image.ashx?id=2858458&use=l&cat=p&typeid=i","cat":309512},{"id":176677,"n":"Sablés noisettes chocolat Bonne Maman - 150g","p":2.19,"u":"14,60 €/KG","img":"https://fd13-photos.leclercdrive.fr/image.ashx?id=2984386&use=l&cat=p&typeid=i","cat":284488},{"id":176755,"n":"Lessive en poudre Uni Vert 1,25kg","p":3.89,"u":"3,11 €/KG","img":"https://fd13-photos.leclercdrive.fr/image.ashx?id=2450107&use=l&cat=p&typeid=i","cat":284642},{"id":176846,"n":"Knacki Original Herta x6 - 210g","p":1.61,"u":"7,67 €/KG","img":"https://fd13-photos.leclercdrive.fr/image.ashx?id=2299070&use=l&cat=p&typeid=i","cat":316012},{"id":176847,"n":"Knacki Original Herta x10 - 350g","p":1.75,"u":"5,00 €/KG","img":"https://fd13-photos.leclercdrive.fr/image.ashx?id=2304111&use=l&cat=p&typeid=i","cat":316012},{"id":176848,"n":"Knacki Original Herta Sans nitrite x6 - 210g","p":2.39,"u":"11,38 €/KG","img":"https://fd13-photos.leclercdrive.fr/image.ashx?id=2299073&use=l&cat=p&typeid=i","cat":316012},{"id":176974,"n":"Tablette de chocolat noir Lindt Corsé 70% - 100g","p":2.48,"u":"24,80 €/KG","img":"https://fd13-photos.leclercdrive.fr/image.ashx?id=2299696&use=l&cat=p&typeid=i","cat":284956},{"id":176988,"n":"Bonbon à sucer Ricola Menthol Stévia - 50g","p":1.55,"u":"31,00 €/KG","img":"https://fd13-photos.leclercdrive.fr/image.ashx?id=2382201&use=l&cat=p&typeid=i","cat":304252},{"id":176990,"n":"Bonbon à sucer Ricola Citron melisse stévia - 50g","p":1.51,"u":"30,20 €/KG","img":"https://fd13-photos.leclercdrive.fr/image.ashx?id=2382207&use=l&cat=p&typeid=i","cat":304252},{"id":176993,"n":"Bonbon à sucer Ricola Cassis Stevia - 50g","p":1.56,"u":"31,20 €/KG","img":"https://fd13-photos.leclercdrive.fr/image.ashx?id=2382213&use=l&cat=p&typeid=i","cat":304252},{"id":176996,"n":"Soin sans rinçage Elsève Color vive Water Acidic - 200ml","p":8.34,"u":"41,70 €/L","img":"https://fd13-photos.leclercdrive.fr/image.ashx?id=2439317&use=l&cat=p&typeid=i","cat":284608},{"id":177216,"n":"Bière blanche sans alcool 1664 0,0° - 6x25cl","p":5.0,"u":"3,33 €/L","img":"https://fd13-photos.leclercdrive.fr/image.ashx?id=2907890&use=l&cat=p&typeid=i","cat":334877},{"id":177218,"n":"Lessive tri-doses couleurs Epsil - x20 capsules","p":4.89,"u":"0,24 €/P","img":"https://fd13-photos.leclercdrive.fr/image.ashx?id=2450113&use=l&cat=p&typeid=i","cat":284641},{"id":177262,"n":"Bâtonnets Manger Main Bio Yooji Butternut Quinoa blanc - 225g","p":4.19,"u":"18,62 €/KG","img":"https://fd13-photos.leclercdrive.fr/image.ashx?id=2529036&use=l&cat=p&typeid=i","cat":290631},{"id":177367,"n":"Coeur de Laitue Bonduelle 280g","p":2.5,"u":"8,93 €/KG","img":"https://fd13-photos.leclercdrive.fr/image.ashx?id=2939265&use=l&cat=p&typeid=i","cat":284353},{"id":177381,"n":"Bière blonde Ch'ti 6.8% vol. - 75cl","p":2.93,"u":"3,91 €/L","img":"https://fd13-photos.leclercdrive.fr/image.ashx?id=2840169&use=l&cat=p&typeid=i","cat":334852},{"id":177433,"n":"Sirop Carambar Grenadine -  75cl","p":3.29,"u":"4,39 €/L","img":"https://fd13-photos.leclercdrive.fr/image.ashx?id=2398910&use=l&cat=p&typeid=i","cat":295020},{"id":177434,"n":"Sirop Carambar Fraise - 75cl","p":3.5,"u":"4,67 €/L","img":"https://fd13-photos.leclercdrive.fr/image.ashx?id=2398913&use=l&cat=p&typeid=i","cat":295020},{"id":177643,"n":"Gnocchi Roll à poêler Lustucru Format maxi - 500g","p":2.88,"u":"5,76 €/KG","img":"https://fd13-photos.leclercdrive.fr/image.ashx?id=2786210&use=l&cat=p&typeid=i","cat":333682},{"id":177650,"n":"Jambon Le Fumé Fleury Michon Sans nitrite x4 - 140g","p":3.29,"u":"23,50 €/KG","img":"https://fd13-photos.leclercdrive.fr/image.ashx?id=2923948&use=l&cat=p&typeid=i","cat":316009},{"id":177652,"n":"Jambon Label Rouge Fleury Michon sans nitrite x4- 160g","p":4.15,"u":"25,94 €/KG","img":"https://fd13-photos.leclercdrive.fr/image.ashx?id=2923957&use=l&cat=p&typeid=i","cat":316009},{"id":177655,"n":"Blanc de poulet Fleury Michon Doré au Four x6 - 190g","p":1.86,"u":"9,79 €/KG","img":"https://fd13-photos.leclercdrive.fr/image.ashx?id=3004972&use=l&cat=p&typeid=i","cat":316010},{"id":177676,"n":"Skyr Yoplait  Nature 0%MG - 8x100G","p":3.43,"u":"4,29 €/KG","img":"https://fd13-photos.leclercdrive.fr/image.ashx?id=2884450&use=l&cat=p&typeid=i","cat":315000},{"id":177677,"n":"Skyr Yoplait  Lit Fruits Rouges 0%MG - 8x100G","p":3.46,"u":"4,33 €/KG","img":"https://fd13-photos.leclercdrive.fr/image.ashx?id=2884453&use=l&cat=p&typeid=i","cat":315000},{"id":177698,"n":"Knacki Original Herta Sans nitrite x4 - 140g","p":2.06,"u":"14,71 €/KG","img":"https://fd13-photos.leclercdrive.fr/image.ashx?id=2309423&use=l&cat=p&typeid=i","cat":316012},{"id":177704,"n":"Knacki Original Herta 100% Porc - 210g","p":2.2,"u":"10,48 €/KG","img":"https://fd13-photos.leclercdrive.fr/image.ashx?id=2309417&use=l&cat=p&typeid=i","cat":316012},{"id":177719,"n":"Soin contour des yeux Nivea Cellular Luminous - 15ml","p":16.1,"img":"https://fd13-photos.leclercdrive.fr/image.ashx?id=2839274&use=l&cat=p&typeid=i","cat":325345},{"id":177720,"n":"Crème mains correctrice Nivea Luminous FPS15 - 50ml","p":6.13,"u":"122,60 €/L","img":"https://fd13-photos.leclercdrive.fr/image.ashx?id=2503320&use=l&cat=p&typeid=i","cat":null},{"id":177721,"n":"Crème Visage Nuit Nivea Anti-taches Luminous - 50ml","p":19.09,"u":"381,80 €/L","img":"https://fd13-photos.leclercdrive.fr/image.ashx?id=3000345&use=l&cat=p&typeid=i","cat":325345},{"id":177849,"n":"Lessive Sanytol désinfectante fraicheur florale - 1,70L","p":10.19,"u":"5,99 €/L","img":"https://fd13-photos.leclercdrive.fr/image.ashx?id=2902978&use=l&cat=p&typeid=i","cat":284640},{"id":177941,"n":"Courgettes Bio Bio Village Filet - 750g","p":3.99,"u":"5,32 €/KG","img":"https://fd13-photos.leclercdrive.fr/image.ashx?id=2625698&use=l&cat=p&typeid=i","cat":284352},{"id":178110,"n":"Pizza Dr.Oetker Ristorante Thon - 355g","p":2.65,"u":"7,46 €/KG","img":"https://fd13-photos.leclercdrive.fr/image.ashx?id=2993056&use=l&cat=p&typeid=i","cat":284256},{"id":178111,"n":"Pizza Dr.Oetker Ristorante 4 fromages - 340g","p":2.47,"u":"7,26 €/KG","img":"https://fd13-photos.leclercdrive.fr/image.ashx?id=2993050&use=l&cat=p&typeid=i","cat":284256},{"id":178112,"n":"Pizza Dr.Oetker Ristorante Mozzarella - 335g","p":2.66,"u":"7,94 €/KG","img":"https://fd13-photos.leclercdrive.fr/image.ashx?id=2993062&use=l&cat=p&typeid=i","cat":284256},{"id":178120,"n":"Verrines de Courgettes  Pesto Chèvre Poivrons x4 - 160g","p":3.5,"u":"21,88 €/KG","img":"https://fd13-photos.leclercdrive.fr/image.ashx?id=2560963&use=l&cat=p&typeid=i","cat":316003},{"id":178144,"n":"Thé glacé MayTea Saveur Pêche - 1,2L","p":1.96,"u":"1,63 €/L","img":"https://fd13-photos.leclercdrive.fr/image.ashx?id=2648661&use=l&cat=p&typeid=i","cat":295019},{"id":178147,"n":"Céréales Trésor Kellogg's Chocolat noisettes - 620g","p":4.39,"u":"7,08 €/KG","img":"https://fd13-photos.leclercdrive.fr/image.ashx?id=2598331&use=l&cat=p&typeid=i","cat":309513},{"id":178163,"n":"Thé glacé MayTea Saveur Menthe - 1,2L","p":1.95,"u":"1,63 €/L","img":"https://fd13-photos.leclercdrive.fr/image.ashx?id=2648664&use=l&cat=p&typeid=i","cat":295019},{"id":178251,"n":"Brocoli Eco+ 400g","p":0.99,"u":"2,48 €/KG","img":"https://fd13-photos.leclercdrive.fr/image.ashx?id=2953398&use=l&cat=p&typeid=i","cat":284352},{"id":178253,"n":"Yaourt aux fruits Eco+ Panaché - 12x125g","p":2.47,"u":"1,65 €/KG","img":"https://fd13-photos.leclercdrive.fr/image.ashx?id=2849635&use=l&cat=p&typeid=i","cat":284410},{"id":178355,"n":"Hachis Parmentier Fleury Michon à l'Emmental - 300g","p":3.22,"u":"10,73 €/KG","img":"https://fd13-photos.leclercdrive.fr/image.ashx?id=3003248&use=l&cat=p&typeid=i","cat":333665},{"id":178359,"n":"Skyr 0%mg  Les 2 Vaches Vanille Bio - 480g","p":3.96,"u":"8,25 €/KG","img":"https://fd13-photos.leclercdrive.fr/image.ashx?id=2787296&use=l&cat=p&typeid=i","cat":315000},{"id":178625,"n":"Recharge gel douche Sanex Zéro% Tous types de peaux - 500ml","p":3.17,"u":"6,34 €/L","img":"https://fd13-photos.leclercdrive.fr/image.ashx?id=2859986&use=l&cat=p&typeid=i","cat":284594},{"id":178791,"n":"Huile d'olive Terra Delyssa Bio - 75cl","p":10.05,"u":"13,40 €/L","img":"https://fd13-photos.leclercdrive.fr/image.ashx?id=2736847&use=l&cat=p&typeid=i","cat":284453},{"id":178811,"n":"Compote Andros Pomme Poire - 8x100g","p":2.51,"u":"3,14 €/KG","img":"https://fd13-photos.leclercdrive.fr/image.ashx?id=2320654&use=l&cat=p&typeid=i","cat":284416},{"id":178812,"n":"Compote Andros Pomme Abricot - 8x100g","p":2.51,"u":"3,14 €/KG","img":"https://fd13-photos.leclercdrive.fr/image.ashx?id=2320657&use=l&cat=p&typeid=i","cat":284416},{"id":178813,"n":"Compote Andros Pomme Fraise - 8x100g","p":2.51,"u":"3,14 €/KG","img":"https://fd13-photos.leclercdrive.fr/image.ashx?id=2320660&use=l&cat=p&typeid=i","cat":284416},{"id":178845,"n":"Tampons Tampax Compak  Avec applicateur - Super+ - x22","p":2.99,"u":"0,14 €/P","img":"https://fd13-photos.leclercdrive.fr/image.ashx?id=2850405&use=l&cat=p&typeid=i","cat":284626},{"id":178897,"n":"Bière rouge Kwak 8% - 75cl","p":4.6,"u":"6,13 €/L","img":"https://fd13-photos.leclercdrive.fr/image.ashx?id=2548318&use=l&cat=p&typeid=i","cat":334872},{"id":178899,"n":"Bière blonde Kwak 7,4% - 75cl","p":4.6,"u":"6,13 €/L","img":"https://fd13-photos.leclercdrive.fr/image.ashx?id=2548321&use=l&cat=p&typeid=i","cat":334872},{"id":178948,"n":"Gâteau Savane Brossard Tout chocolat pocket x7 210g","p":2.41,"u":"11,48 €/KG","img":"https://fd13-photos.leclercdrive.fr/image.ashx?id=2870728&use=l&cat=p&typeid=i","cat":294776},{"id":178949,"n":"Gâteau Savane Brossard Max Barr' Pocket x7 - 210g","p":2.31,"u":"11,00 €/KG","img":"https://fd13-photos.leclercdrive.fr/image.ashx?id=2870731&use=l&cat=p&typeid=i","cat":294776},{"id":178951,"n":"Sacs poubelle Handy Bag   Ultra résistant 50L - x10","p":2.93,"u":"0,29 €/P","img":"https://fd13-photos.leclercdrive.fr/image.ashx?id=2918970&use=l&cat=p&typeid=i","cat":285168},{"id":178954,"n":"Mouchoirs Family Kleenex® Boîte x128","p":1.8,"u":"0,01 €/P","img":"https://fd13-photos.leclercdrive.fr/image.ashx?id=3009017&use=l&cat=p&typeid=i","cat":284638},{"id":178974,"n":"Mouchoirs Balsam Kleenex® Boîte x64","p":1.81,"u":"0,03 €/P","img":"https://fd13-photos.leclercdrive.fr/image.ashx?id=2853353&use=l&cat=p&typeid=i","cat":284638},{"id":178981,"n":"Crème adhésive Fixodent Plus Barrière anti-particules - 40g","p":4.39,"u":"109,75 €/KG","img":"https://fd13-photos.leclercdrive.fr/image.ashx?id=2737513&use=l&cat=p&typeid=i","cat":285158},{"id":179002,"n":"Préservatifs Durex Confort Essential Confiance x24","p":7.77,"u":"0,32 €/P","img":"https://fd13-photos.leclercdrive.fr/image.ashx?id=2962029&use=l&cat=p&typeid=i","cat":284631},{"id":179027,"n":"Sacs poubelle 30L Handy Bag Ultra résistant - x15","p":2.9,"u":"0,19 €/P","img":"https://fd13-photos.leclercdrive.fr/image.ashx?id=2992278&use=l&cat=p&typeid=i","cat":285168},{"id":179028,"n":"Gel douche Sanex zéro 0% Peaux normales - 725ml","p":4.61,"u":"6,36 €/L","img":"https://fd13-photos.leclercdrive.fr/image.ashx?id=2685540&use=l&cat=p&typeid=i","cat":284594},{"id":179031,"n":"Gel douche Sanex zéro 0% Peaux normales - 475ml","p":3.17,"u":"6,67 €/L","img":"https://fd13-photos.leclercdrive.fr/image.ashx?id=2648851&use=l&cat=p&typeid=i","cat":284594},{"id":179039,"n":"Film fraîcheur Albal 30m","p":1.93,"img":"https://fd13-photos.leclercdrive.fr/image.ashx?id=2929056&use=l&cat=p&typeid=i","cat":334134},{"id":179056,"n":"Dentifrice Signal Integral 8  Fraîcheur et détox -75ml","p":2.03,"u":"27,07 €/L","img":"https://fd13-photos.leclercdrive.fr/image.ashx?id=2960228&use=l&cat=p&typeid=i","cat":284612},{"id":179087,"n":"Liquide Vaisselle Paic Citron - 750ml","p":1.7,"u":"2,27 €/L","img":"https://fd13-photos.leclercdrive.fr/image.ashx?id=2322835&use=l&cat=p&typeid=i","cat":284655},{"id":179088,"n":"Liquide Vaisselle Paic Citron Vert - 750ml","p":1.9,"u":"2,53 €/L","img":"https://fd13-photos.leclercdrive.fr/image.ashx?id=2322838&use=l&cat=p&typeid=i","cat":284655},{"id":179184,"n":"Bière Blonde Peroni  Nastro Azzuro - 6x33cl","p":5.95,"u":"3,01 €/L","img":"https://fd13-photos.leclercdrive.fr/image.ashx?id=2339174&use=l&cat=p&typeid=i","cat":334877},{"id":179256,"n":"Jus Ocean Spray Classic  Cranberry - 1L","p":2.05,"u":"2,05 €/L","img":"https://fd13-photos.leclercdrive.fr/image.ashx?id=2324021&use=l&cat=p&typeid=i","cat":284915},{"id":179263,"n":"Sérum de nuit L'Oréal Paris Age Perfect anti-âge - 30ml","p":11.97,"pp":7.9,"u":"263,33 €/L","img":"https://fd13-photos.leclercdrive.fr/image.ashx?id=2867536&use=l&cat=p&typeid=i","cat":325345},{"id":179264,"n":"Sérum repulpant L'Oréal Paris Revitalift anti-rides - 20ml","p":14.96,"u":"748,00 €/L","img":"https://fd13-photos.leclercdrive.fr/image.ashx?id=2867539&use=l&cat=p&typeid=i","cat":325345},{"id":179278,"n":"Crème Yeux L'Oréal Paris Age Perfect Anti-rides - 15ml","p":13.8,"u":"920,00 €/L","img":"https://fd13-photos.leclercdrive.fr/image.ashx?id=2570451&use=l&cat=p&typeid=i","cat":325345},{"id":179299,"n":"Lait bébé Candia Baby  croissance 3ème âge - 6x1L","p":10.59,"u":"1,77 €/L","img":"https://fd13-photos.leclercdrive.fr/image.ashx?id=2963349&use=l&cat=p&typeid=i","cat":284728},{"id":179326,"n":"Gel douche Sanex Zéro 0% Peaux sèches - 475ml","p":3.17,"u":"6,67 €/L","img":"https://fd13-photos.leclercdrive.fr/image.ashx?id=2692857&use=l&cat=p&typeid=i","cat":284594},{"id":179352,"n":"Eco recharge gel douche Sanex 0% Peaux sèches - 500ml","p":3.04,"u":"6,08 €/L","img":"https://fd13-photos.leclercdrive.fr/image.ashx?id=2866199&use=l&cat=p&typeid=i","cat":284594},{"id":179384,"n":"Pâte à tartiner Eco+ 750g - aux noissettes","p":2.47,"u":"3,29 €/KG","img":"https://fd13-photos.leclercdrive.fr/image.ashx?id=2841148&use=l&cat=p&typeid=i","cat":284481},{"id":179390,"n":"Huile barbe SO'BiO étic Men nourrissante - 50ml","p":7.65,"u":"153,00 €/L","img":"https://fd13-photos.leclercdrive.fr/image.ashx?id=2694842&use=l&cat=p&typeid=i","cat":284622},{"id":179413,"n":"Piles Alcalines Energizer Max 9V - pack de 2","p":9.2,"img":"https://fd13-photos.leclercdrive.fr/image.ashx?id=2850713&use=l&cat=p&typeid=i","cat":300572},{"id":179415,"n":"Pile Alcalines Energizer Max Plus AA/LR6 - x4","p":6.75,"img":"https://fd13-photos.leclercdrive.fr/image.ashx?id=2393365&use=l&cat=p&typeid=i","cat":300572},{"id":179416,"n":"Pile Alcalines Energizer Max Plus AAA/LR03 - x4","p":6.75,"img":"https://fd13-photos.leclercdrive.fr/image.ashx?id=2393368&use=l&cat=p&typeid=i","cat":300572},{"id":179417,"n":"Pile Alcalines Energizer  Max AA/LR6 - x6","p":7.3,"img":"https://fd13-photos.leclercdrive.fr/image.ashx?id=2737198&use=l&cat=p&typeid=i","cat":300572},{"id":179418,"n":"Pile Alcalines Energizer Max AAA/LR03 - x6","p":7.3,"img":"https://fd13-photos.leclercdrive.fr/image.ashx?id=2850722&use=l&cat=p&typeid=i","cat":300572},{"id":179431,"n":"Brioche Pitch Chocolat x8 - 300g","p":1.77,"u":"5,90 €/KG","img":"https://fd13-photos.leclercdrive.fr/image.ashx?id=2452119&use=l&cat=p&typeid=i","cat":293505},{"id":179432,"n":"Brioches Pitch Fraise x8 - 300g","p":1.97,"u":"6,57 €/KG","img":"https://fd13-photos.leclercdrive.fr/image.ashx?id=2452116&use=l&cat=p&typeid=i","cat":293505},{"id":179433,"n":"Brioche Pitch Chocolat au lait x8 - 300g","p":2.15,"u":"7,17 €/KG","img":"https://fd13-photos.leclercdrive.fr/image.ashx?id=2452113&use=l&cat=p&typeid=i","cat":293505},{"id":179435,"n":"Brioche Pitch Chocolat x12 - 450g","p":3.09,"u":"6,87 €/KG","img":"https://fd13-photos.leclercdrive.fr/image.ashx?id=2452110&use=l&cat=p&typeid=i","cat":293505},{"id":179437,"n":"Brioches Pitch Pépites chocolat x8 - 300g","p":2.15,"u":"7,17 €/KG","img":"https://fd13-photos.leclercdrive.fr/image.ashx?id=2452107&use=l&cat=p&typeid=i","cat":293505},{"id":179438,"n":"Brioche Pitch Pépites de chocolat x12 - 450g","p":3.23,"u":"7,18 €/KG","img":"https://fd13-photos.leclercdrive.fr/image.ashx?id=2452104&use=l&cat=p&typeid=i","cat":293505},{"id":179439,"n":"Brioches Pitch Choco barre noir x8-  300g","p":2.88,"u":"9,60 €/KG","img":"https://fd13-photos.leclercdrive.fr/image.ashx?id=2452101&use=l&cat=p&typeid=i","cat":293505},{"id":179440,"n":"Brioches Pitch  Choco barre lait x8 - 300g","p":2.32,"u":"7,73 €/KG","img":"https://fd13-photos.leclercdrive.fr/image.ashx?id=2454115&use=l&cat=p&typeid=i","cat":293505},{"id":179442,"n":"Brioches Pitch Choco barre noisette x8 - 300g","p":2.8,"u":"9,33 €/KG","img":"https://fd13-photos.leclercdrive.fr/image.ashx?id=2454112&use=l&cat=p&typeid=i","cat":293505},{"id":179443,"n":"Brioches Pitch Crousti x8 - 300g","p":2.77,"u":"9,23 €/KG","img":"https://fd13-photos.leclercdrive.fr/image.ashx?id=2454109&use=l&cat=p&typeid=i","cat":293505},{"id":179487,"n":"Gel douche Sanex Zéro 0% Peaux sèches - 2x475ml","p":6.3,"u":"6,63 €/L","img":"https://fd13-photos.leclercdrive.fr/image.ashx?id=2676921&use=l&cat=p&typeid=i","cat":284594},{"id":179488,"n":"Gel douche Sanex Zéro 0% Peaux normales - 2x475ml","p":6.3,"u":"6,63 €/L","img":"https://fd13-photos.leclercdrive.fr/image.ashx?id=2676924&use=l&cat=p&typeid=i","cat":284594},{"id":179533,"n":"Soda Fanta citron  bouteille - 1.25L","p":1.68,"u":"1,34 €/L","img":"https://fd13-photos.leclercdrive.fr/image.ashx?id=2659394&use=l&cat=p&typeid=i","cat":284532},{"id":179645,"n":"Limonade double zest Lorina Bouteille - 1,25L","p":1.3,"u":"1,04 €/L","img":"https://fd13-photos.leclercdrive.fr/image.ashx?id=2723836&use=l&cat=p&typeid=i","cat":284531},{"id":179658,"n":"Capsules Café Carte Noire  Arabica Classique n°7 x10 - 55g","p":3.45,"u":"62,73 €/KG","img":"https://fd13-photos.leclercdrive.fr/image.ashx?id=2878387&use=l&cat=p&typeid=i","cat":284749},{"id":179661,"n":"Capsules Café Carte Noire  Arabica Lungo n°6 x10 - 56g","p":3.44,"u":"61,43 €/KG","img":"https://fd13-photos.leclercdrive.fr/image.ashx?id=2872967&use=l&cat=p&typeid=i","cat":284749},{"id":179662,"n":"Capsules Café Carte Noire  Arabica Intense n°9 x30 - 165g","p":9.22,"u":"55,88 €/KG","img":"https://fd13-photos.leclercdrive.fr/image.ashx?id=2877148&use=l&cat=p&typeid=i","cat":284749},{"id":179663,"n":"Capsules Café Carte Noire  Arabica Classique n7 x30 - 165g","p":9.22,"u":"55,88 €/KG","img":"https://fd13-photos.leclercdrive.fr/image.ashx?id=2878390&use=l&cat=p&typeid=i","cat":284749},{"id":179669,"n":"Liquide vaisselle Paic Citron - 1,5L","p":2.77,"u":"1,85 €/L","img":"https://fd13-photos.leclercdrive.fr/image.ashx?id=2328673&use=l&cat=p&typeid=i","cat":284655},{"id":179700,"n":"Crème glacée La Belle Aude Caramel - 356g","p":5.82,"u":"16,35 €/KG","img":"https://fd13-photos.leclercdrive.fr/image.ashx?id=2336129&use=l&cat=p&typeid=i","cat":284263},{"id":179702,"n":"Crème glacée La Belle Aude Chocolat - 356g","p":5.91,"u":"10,75 €/L","img":"https://fd13-photos.leclercdrive.fr/image.ashx?id=2336132&use=l&cat=p&typeid=i","cat":284263},{"id":179757,"n":"Compote Charles & Alices Pommes Mirabelles - 4x97g","p":1.74,"u":"4,48 €/KG","img":"https://fd13-photos.leclercdrive.fr/image.ashx?id=2757353&use=l&cat=p&typeid=i","cat":284416},{"id":179770,"n":"Bière Rince cochon triple 75cl","p":4.2,"u":"5,60 €/L","img":"https://fd13-photos.leclercdrive.fr/image.ashx?id=2475747&use=l&cat=p&typeid=i","cat":334872},{"id":179771,"n":"La Mauny passion 30° - 70cl","p":20.68,"u":"29,54 €/L","img":"https://fd13-photos.leclercdrive.fr/image.ashx?id=2956337&use=l&cat=p&typeid=i","cat":284550},{"id":179802,"n":"Risotto aux crevettes Delpierre Parmesan & Basilic - 500g","p":7.57,"u":"15,14 €/KG","img":"https://fd13-photos.leclercdrive.fr/image.ashx?id=2961942&use=l&cat=p&typeid=i","cat":285094},{"id":179826,"n":"Oreiller synthétique Carré uni Blanc 60x60cm","p":10.89,"u":"Dont 0,20 € d'éco-part.","img":"https://fd13-photos.leclercdrive.fr/image.ashx?id=2648517&use=l&cat=p&typeid=i","cat":288835},{"id":179860,"n":"Glaces Kinder Bueno noisettes chocolat lait x4 248g","p":3.84,"u":"15,48 €/KG","img":"https://fd13-photos.leclercdrive.fr/image.ashx?id=2759068&use=l&cat=p&typeid=i","cat":284264},{"id":179881,"n":"Crème glacée Ben & Jerry's Cookie Vermont-Ster - 324g","p":5.59,"u":"17,25 €/KG","img":"https://fd13-photos.leclercdrive.fr/image.ashx?id=2793044&use=l&cat=p&typeid=i","cat":284725},{"id":179892,"n":"Glace à l'eau Max Buzz l'éclair citron ananas fruits x6 -342g","p":3.53,"u":"10,32 €/KG","img":"https://fd13-photos.leclercdrive.fr/image.ashx?id=2651257&use=l&cat=p&typeid=i","cat":285250},{"id":179919,"n":"Huile moteur ELF Evolution Essence 900 5W40 - 5L","p":38.9,"u":"Dont 0,36 € d'éco-part.","img":"https://fd13-photos.leclercdrive.fr/image.ashx?id=2672302&use=l&cat=p&typeid=i","cat":298253},{"id":179922,"n":"Huile moteur ELF Evolution Full Tech TDI 5W30 - 5L","p":50.9,"u":"10,18 €/L","img":"https://fd13-photos.leclercdrive.fr/image.ashx?id=2505229&use=l&cat=p&typeid=i","cat":298253},{"id":179940,"n":"Crousti apéro bio Jardin Bio Cacahuètes - 85g","p":1.79,"u":"21,06 €/KG","img":"https://fd13-photos.leclercdrive.fr/image.ashx?id=2329239&use=l&cat=p&typeid=i","cat":284449},{"id":179961,"n":"Haricots verts Jardin Bio Etic Bio - sans sel ajouté - 185g","p":2.58,"u":"13,95 €/KG","img":"https://fd13-photos.leclercdrive.fr/image.ashx?id=2835421&use=l&cat=p&typeid=i","cat":312606},{"id":179967,"n":"Beurre de cacahuete Jardin Bio Bio - Creamy - 500g","p":6.36,"u":"12,72 €/KG","img":"https://fd13-photos.leclercdrive.fr/image.ashx?id=2926503&use=l&cat=p&typeid=i","cat":284481},{"id":179970,"n":"Thé noir bio Jardin Bio Etic Fruits rouges x20 - 28g","p":2.79,"u":"99,64 €/KG","img":"https://fd13-photos.leclercdrive.fr/image.ashx?id=2419089&use=l&cat=p&typeid=i","cat":293233},{"id":179973,"n":"Rosso  14,4% - 1L","p":3.47,"u":"3,47 €/L","img":"https://fd13-photos.leclercdrive.fr/image.ashx?id=2800228&use=l&cat=p&typeid=i","cat":284913},{"id":179974,"n":"Bianco 14,4% - 1L","p":3.5,"u":"3,50 €/L","img":"https://fd13-photos.leclercdrive.fr/image.ashx?id=2800231&use=l&cat=p&typeid=i","cat":284913},{"id":179975,"n":"Whisky Monkey Shoulder Smokey 40% - 70cl","p":32.59,"u":"46,56 €/L","img":"https://fd13-photos.leclercdrive.fr/image.ashx?id=2883714&use=l&cat=p&typeid=i","cat":284547},{"id":179976,"n":"Chocolat noir Lindt Excellence 28 bouchées - 154g","p":5.01,"u":"32,53 €/KG","img":"https://fd13-photos.leclercdrive.fr/image.ashx?id=2425592&use=l&cat=p&typeid=i","cat":284499},{"id":179977,"n":"Sucre glace Saint Louis - 500g","p":1.38,"u":"2,76 €/KG","img":"https://fd13-photos.leclercdrive.fr/image.ashx?id=2558963&use=l&cat=p&typeid=i","cat":284502},{"id":180024,"n":"Tablette de chocolat noir Lindt Noisette caramel - 100g","p":2.4,"u":"24,00 €/KG","img":"https://fd13-photos.leclercdrive.fr/image.ashx?id=2881296&use=l&cat=p&typeid=i","cat":284956},{"id":180029,"n":"Sucre gélifiant Daddy  spécial gelée - 1kg","p":2.95,"u":"2,95 €/KG","img":"https://fd13-photos.leclercdrive.fr/image.ashx?id=2975861&use=l&cat=p&typeid=i","cat":284502},{"id":180030,"n":"Sauce Crudités Bénédicta Nature - 735g","p":3.49,"u":"4,75 €/KG","img":"https://fd13-photos.leclercdrive.fr/image.ashx?id=2549777&use=l&cat=p&typeid=i","cat":284456},{"id":180041,"n":"Chips Tuiles Pringles Paprika - 175g","p":1.77,"u":"10,11 €/KG","img":"https://fd13-photos.leclercdrive.fr/image.ashx?id=2902301&use=l&cat=p&typeid=i","cat":287899},{"id":180061,"n":"Thé vert bio Bio village  36g","p":1.33,"u":"36,94 €/KG","img":"https://fd13-photos.leclercdrive.fr/image.ashx?id=2983853&use=l&cat=p&typeid=i","cat":293233},{"id":180065,"n":"Rillettes de thon Petit Navire 125g","p":2.01,"u":"16,08 €/KG","img":"https://fd13-photos.leclercdrive.fr/image.ashx?id=2533388&use=l&cat=p&typeid=i","cat":303867},{"id":180069,"n":"Rillettes au saumon  Petit Navire - 125g","p":1.83,"u":"14,64 €/KG","img":"https://fd13-photos.leclercdrive.fr/image.ashx?id=2533391&use=l&cat=p&typeid=i","cat":305147},{"id":180074,"n":"Fond de veau Maggi - 240g","p":3.6,"u":"15,00 €/KG","img":"https://fd13-photos.leclercdrive.fr/image.ashx?id=2918047&use=l&cat=p&typeid=i","cat":288379},{"id":180079,"n":"Biscuits chocolats Kinder Duo Chocolat blanc et lait - 150g","p":2.03,"u":"13,53 €/KG","img":"https://fd13-photos.leclercdrive.fr/image.ashx?id=2959127&use=l&cat=p&typeid=i","cat":284488},{"id":180083,"n":"Pastis Eco+ 40% - 1L","p":15.08,"u":"15,08 €/L","img":"https://fd13-photos.leclercdrive.fr/image.ashx?id=2637823&use=l&cat=p&typeid=i","cat":284548},{"id":180110,"n":"Chocolat noir Lindt Excellence Fleur de sel et Lait x28 - 154g","p":5.12,"u":"33,25 €/KG","img":"https://fd13-photos.leclercdrive.fr/image.ashx?id=2329765&use=l&cat=p&typeid=i","cat":284499},{"id":180118,"n":"Mais d'aucy  Bio - 2x140g","p":1.7,"u":"6,07 €/KG","img":"https://fd13-photos.leclercdrive.fr/image.ashx?id=2651825&use=l&cat=p&typeid=i","cat":312611},{"id":180121,"n":"Riz curry et poulet individuel William Saurin - 300g","p":3.02,"u":"10,07 €/KG","img":"https://fd13-photos.leclercdrive.fr/image.ashx?id=2335184&use=l&cat=p&typeid=i","cat":284953},{"id":180122,"n":"Rhum Old Nick  Ambre des Iles - 40D - 70cl","p":12.5,"u":"17,86 €/L","img":"https://fd13-photos.leclercdrive.fr/image.ashx?id=2585447&use=l&cat=p&typeid=i","cat":284550},{"id":180134,"n":"Armagnac saint Vivant 40° - 20cl","p":5.1,"u":"25,50 €/L","img":"https://fd13-photos.leclercdrive.fr/image.ashx?id=2555316&use=l&cat=p&typeid=i","cat":286032},{"id":180154,"n":"Chewing-gum Freedent Myrtille sans sucres 5x10 dragées -70g","p":2.8,"u":"40,00 €/KG","img":"https://fd13-photos.leclercdrive.fr/image.ashx?id=2330356&use=l&cat=p&typeid=i","cat":304251},{"id":180155,"n":"Chewing-gum Freedent White Fraise 5x10 dragées - 70g","p":3.02,"u":"43,14 €/KG","img":"https://fd13-photos.leclercdrive.fr/image.ashx?id=2330359&use=l&cat=p&typeid=i","cat":304251},{"id":180157,"n":"Gelée de Groseilles Bonne Maman - 370g","p":1.86,"u":"5,03 €/KG","img":"https://fd13-photos.leclercdrive.fr/image.ashx?id=2482975&use=l&cat=p&typeid=i","cat":284480},{"id":180178,"n":"Quenelles de brochet  Petit Jean - 400g","p":2.2,"u":"5,50 €/KG","img":"https://fd13-photos.leclercdrive.fr/image.ashx?id=2677228&use=l&cat=p&typeid=i","cat":284441},{"id":180180,"n":"Ramen Tanoshi saveur boeuf nouilles japonaises - 360g","p":2.96,"u":"8,22 €/KG","img":"https://fd13-photos.leclercdrive.fr/image.ashx?id=2922974&use=l&cat=p&typeid=i","cat":288992},{"id":180181,"n":"Sardines à l'huile d'olive Connétable - 135g","p":2.73,"u":"20,22 €/KG","img":"https://fd13-photos.leclercdrive.fr/image.ashx?id=2762115&use=l&cat=p&typeid=i","cat":305146},{"id":180187,"n":"Sauce Pesto Tomates Basilic Panzani - 200G","p":1.78,"u":"8,90 €/KG","img":"https://fd13-photos.leclercdrive.fr/image.ashx?id=2977930&use=l&cat=p&typeid=i","cat":287599},{"id":180193,"n":"Soupe déshydratée Knorr Cèpes  champignons  - 75cl","p":1.95,"u":"21,43 €/KG","img":"https://fd13-photos.leclercdrive.fr/image.ashx?id=2790318&use=l&cat=p&typeid=i","cat":284463},{"id":180196,"n":"Brioches Pitch  Pomme poire - x8 - 300g","p":2.69,"u":"8,97 €/KG","img":"https://fd13-photos.leclercdrive.fr/image.ashx?id=2454100&use=l&cat=p&typeid=i","cat":293505},{"id":180197,"n":"Langue Pik Haribo Sachet bonbons acidulés - 180g","p":1.67,"u":"9,28 €/KG","img":"https://fd13-photos.leclercdrive.fr/image.ashx?id=2984949&use=l&cat=p&typeid=i","cat":304250},{"id":180201,"n":"Thé Earl Grey Twinings 50 sachets - 100g","p":4.02,"u":"40,20 €/KG","img":"https://fd13-photos.leclercdrive.fr/image.ashx?id=2893018&use=l&cat=p&typeid=i","cat":293233},{"id":180204,"n":"Nouilles instantanées Tanoshi Blé bœuf - sachet 85g","p":0.97,"u":"11,41 €/KG","img":"https://fd13-photos.leclercdrive.fr/image.ashx?id=2955791&use=l&cat=p&typeid=i","cat":288992},{"id":180228,"n":"Boisson à base d'alcool Grants summer 35° - 70cl","p":13.99,"u":"19,99 €/L","img":"https://fd13-photos.leclercdrive.fr/image.ashx?id=2834722&use=l&cat=p&typeid=i","cat":284551},{"id":180247,"n":"Double concentré de tomates  Eco+ - 440g","p":1.31,"u":"2,98 €/KG","img":"https://fd13-photos.leclercdrive.fr/image.ashx?id=2669648&use=l&cat=p&typeid=i","cat":288384},{"id":180278,"n":"Sauce tomate pour pizza Zapetti - 300g","p":1.59,"u":"5,30 €/KG","img":"https://fd13-photos.leclercdrive.fr/image.ashx?id=2579990&use=l&cat=p&typeid=i","cat":288384},{"id":180291,"n":"Complément alimentaire Juvamine Lutéine myrtille pour yeux -x40","p":4.99,"u":"0,12 €/P","img":"https://fd13-photos.leclercdrive.fr/image.ashx?id=2455918&use=l&cat=p&typeid=i","cat":284632},{"id":180301,"n":"Complément alimentaire Juvamine Thé vert Guarana - x30","p":3.16,"u":"0,11 €/P","img":"https://fd13-photos.leclercdrive.fr/image.ashx?id=2578079&use=l&cat=p&typeid=i","cat":284632},{"id":180302,"n":"Biscuits Palmier St Michel  au beurre - 87g","p":1.18,"u":"13,56 €/KG","img":"https://fd13-photos.leclercdrive.fr/image.ashx?id=2555379&use=l&cat=p&typeid=i","cat":284487},{"id":180303,"n":"Biscuits galettes St Michel au  beurre 1905 - 150g","p":1.46,"u":"9,73 €/KG","img":"https://fd13-photos.leclercdrive.fr/image.ashx?id=2937766&use=l&cat=p&typeid=i","cat":284487},{"id":180304,"n":"Semoule de couscous moyen Eco+ - 1kg","p":1.05,"u":"1,05 €/KG","img":"https://fd13-photos.leclercdrive.fr/image.ashx?id=2690823&use=l&cat=p&typeid=i","cat":284429},{"id":180311,"n":"Double concentré de tomates  Eco+ - 200g","p":1.22,"u":"6,10 €/KG","img":"https://fd13-photos.leclercdrive.fr/image.ashx?id=2794820&use=l&cat=p&typeid=i","cat":288384},{"id":180317,"n":"Pistaches non salées Tokapi 125g","p":2.33,"u":"18,64 €/KG","img":"https://fd13-photos.leclercdrive.fr/image.ashx?id=2793302&use=l&cat=p&typeid=i","cat":284448},{"id":180327,"n":"Pâtée pour chats Eco+ poisson et à la carotte - 410g","p":0.7,"u":"1,71 €/KG","img":"https://fd13-photos.leclercdrive.fr/image.ashx?id=2690847&use=l&cat=p&typeid=i","cat":285601},{"id":180344,"n":"Fromage enfant Mini Babybel 6 portions goûter - 132g","p":2.3,"u":"17,42 €/KG","img":"https://fd13-photos.leclercdrive.fr/image.ashx?id=2970822&use=l&cat=p&typeid=i","cat":314030},{"id":180345,"n":"Fromage enfant Mini Babybel 12 portions goûter - 264g","p":4.32,"u":"16,36 €/KG","img":"https://fd13-photos.leclercdrive.fr/image.ashx?id=2970825&use=l&cat=p&typeid=i","cat":314030},{"id":180347,"n":"Chips Pom'lisse nature sans sel - 125g","p":1.19,"u":"9,52 €/KG","img":"https://fd13-photos.leclercdrive.fr/image.ashx?id=2919661&use=l&cat=p&typeid=i","cat":284447},{"id":180414,"n":"Chips Tuiles Pringles Pizza - 175g","p":2.45,"u":"14,00 €/KG","img":"https://fd13-photos.leclercdrive.fr/image.ashx?id=2661748&use=l&cat=p&typeid=i","cat":287899},{"id":180418,"n":"Pois chiches Sultanines 530g","p":1.54,"u":"2,91 €/KG","img":"https://fd13-photos.leclercdrive.fr/image.ashx?id=2331363&use=l&cat=p&typeid=i","cat":312609},{"id":180425,"n":"Capsules Café Carte Noire  Arabica Lungo n°6 x60 - 336g","p":16.28,"u":"48,45 €/KG","img":"https://fd13-photos.leclercdrive.fr/image.ashx?id=2750654&use=l&cat=p&typeid=i","cat":284749},{"id":180432,"n":"Thé noir Twinings vanille x20 - 32g","p":2.66,"u":"83,13 €/KG","img":"https://fd13-photos.leclercdrive.fr/image.ashx?id=2893057&use=l&cat=p&typeid=i","cat":293233},{"id":180433,"n":"Sérum Physiologique  Mercurochrome 30x5ml","p":3.79,"u":"25,27 €/L","img":"https://fd13-photos.leclercdrive.fr/image.ashx?id=2731474&use=l&cat=p&typeid=i","cat":284741},{"id":180453,"n":"Thé glacé Fuze Tea  Pêche Intense - 6x33cl","p":3.78,"u":"1,91 €/L","img":"https://fd13-photos.leclercdrive.fr/image.ashx?id=2940405&use=l&cat=p&typeid=i","cat":295019},{"id":180458,"n":"Amandes en poudre Vahiné 125g","p":2.94,"u":"23,52 €/KG","img":"https://fd13-photos.leclercdrive.fr/image.ashx?id=2785934&use=l&cat=p&typeid=i","cat":284504},{"id":180498,"n":"Chips ancienne nature Lay's Sel - 155g","p":1.29,"u":"8,32 €/KG","img":"https://fd13-photos.leclercdrive.fr/image.ashx?id=2996596&use=l&cat=p&typeid=i","cat":284447},{"id":180545,"n":"Serviettes hygiéniques Nana Ultra - Régulier+ - x14","p":2.0,"u":"0,14 €/P","img":"https://fd13-photos.leclercdrive.fr/image.ashx?id=3011881&use=l&cat=p&typeid=i","cat":284624},{"id":180547,"n":"Serviettes hygiéniques Nana Ultra - Régulier- x16","p":2.05,"u":"0,13 €/P","img":"https://fd13-photos.leclercdrive.fr/image.ashx?id=3000860&use=l&cat=p&typeid=i","cat":284624},{"id":180549,"n":"Serviettes Ultra Régulier Nana Deo Ailettes Flux modéré - x28","p":3.65,"u":"0,13 €/P","img":"https://fd13-photos.leclercdrive.fr/image.ashx?id=3005299&use=l&cat=p&typeid=i","cat":284624},{"id":180550,"n":"Serviettes hygiéniques Nana Ultra - Spécial Nuit - x10","p":1.98,"u":"0,20 €/P","img":"https://fd13-photos.leclercdrive.fr/image.ashx?id=2944990&use=l&cat=p&typeid=i","cat":284624},{"id":180556,"n":"Sirop de Citron Bio Village Bio - 50cl","p":2.29,"u":"4,58 €/L","img":"https://fd13-photos.leclercdrive.fr/image.ashx?id=2873192&use=l&cat=p&typeid=i","cat":295020},{"id":180563,"n":"Viande des Grisons Aoste 10 Tranches - 70g","p":4.55,"u":"65,00 €/KG","img":"https://fd13-photos.leclercdrive.fr/image.ashx?id=2939838&use=l&cat=p&typeid=i","cat":316007},{"id":180776,"n":"Lave-glace anti-pluie Total Parfum mangue - 5L","p":7.9,"u":"1,58 €/L","img":"https://fd13-photos.leclercdrive.fr/image.ashx?id=2660361&use=l&cat=p&typeid=i","cat":298252},{"id":180797,"n":"Mouchoirs UltraSoft Kleenex® Boîte x64","p":1.62,"img":"https://fd13-photos.leclercdrive.fr/image.ashx?id=2853350&use=l&cat=p&typeid=i","cat":284638},{"id":180800,"n":"Lait Corps Le Petit Marseillais  Bio miel argan - 250ml","p":5.02,"u":"20,08 €/L","img":"https://fd13-photos.leclercdrive.fr/image.ashx?id=2904856&use=l&cat=p&typeid=i","cat":325349},{"id":180803,"n":"Lait Corps Le Petit Marseillais  Bio amande douce - 250ml","p":6.1,"u":"24,40 €/L","img":"https://fd13-photos.leclercdrive.fr/image.ashx?id=2339751&use=l&cat=p&typeid=i","cat":null},{"id":180980,"n":"Cahier spirale Rhodia corail 22x29 seyes 160p pastel","p":3.9,"img":"https://fd13-photos.leclercdrive.fr/image.ashx?id=2365526&use=l&cat=p&typeid=i","cat":284697},{"id":180981,"n":"Cahier spirale Rhodia azur 22x29 seyes 160p pastel","p":3.9,"img":"https://fd13-photos.leclercdrive.fr/image.ashx?id=2356828&use=l&cat=p&typeid=i","cat":284697},{"id":180982,"n":"Cahier spirale Rhodia vert sauge 22x29 seyes 160p","p":3.9,"img":"https://fd13-photos.leclercdrive.fr/image.ashx?id=2356831&use=l&cat=p&typeid=i","cat":284697},{"id":180983,"n":"Cahier spirale Rhodia lilas 22x29 seyes 160p pastel","p":3.9,"img":"https://fd13-photos.leclercdrive.fr/image.ashx?id=2356834&use=l&cat=p&typeid=i","cat":284697},{"id":180984,"n":"Cahier spirale Rhodia rose 22x29 seyes 160p pastel","p":3.9,"img":"https://fd13-photos.leclercdrive.fr/image.ashx?id=2356837&use=l&cat=p&typeid=i","cat":284697},{"id":180986,"n":"Cahier spirale Rhodia bleu nuit 22x29 seyes 160p vive","p":3.9,"img":"https://fd13-photos.leclercdrive.fr/image.ashx?id=2356843&use=l&cat=p&typeid=i","cat":284697},{"id":180990,"n":"Cahier spirale Rhodia vert paon 22x29 seyes 160p vive","p":3.9,"img":"https://fd13-photos.leclercdrive.fr/image.ashx?id=2356855&use=l&cat=p&typeid=i","cat":284697},{"id":181067,"n":"Cahier koverbook Clairefontaine menthe 17x22 96p blush","p":2.1,"img":"https://fd13-photos.leclercdrive.fr/image.ashx?id=2356993&use=l&cat=p&typeid=i","cat":284697},{"id":181070,"n":"Cahier koverbook Clairefontaine lilas 17x22 96p blush","p":2.1,"img":"https://fd13-photos.leclercdrive.fr/image.ashx?id=2357002&use=l&cat=p&typeid=i","cat":284697},{"id":181160,"n":"10 feutres effacables Esquisse Pointes moyennes","p":2.8,"img":"https://fd13-photos.leclercdrive.fr/image.ashx?id=2349418&use=l&cat=p&typeid=i","cat":334133},{"id":181161,"n":"10 feutres pinceaux Esquisse Pointes moyennes","p":2.3,"img":"https://fd13-photos.leclercdrive.fr/image.ashx?id=2349433&use=l&cat=p&typeid=i","cat":334133},{"id":181162,"n":"10 stylos à bille Esquisse Pointes moyennes","p":1.75,"img":"https://fd13-photos.leclercdrive.fr/image.ashx?id=2349415&use=l&cat=p&typeid=i","cat":334133},{"id":181163,"n":"12 crayons de couleurs aqua Esq Aquarrellables","p":1.7,"img":"https://fd13-photos.leclercdrive.fr/image.ashx?id=2349436&use=l&cat=p&typeid=i","cat":334133},{"id":181164,"n":"12 crayons de couleurs past Esq Pastel","p":0.99,"img":"https://fd13-photos.leclercdrive.fr/image.ashx?id=2349439&use=l&cat=p&typeid=i","cat":334133},{"id":181165,"n":"10 feutres pastel Esquisse Pointes moyennes","p":1.29,"img":"https://fd13-photos.leclercdrive.fr/image.ashx?id=2349430&use=l&cat=p&typeid=i","cat":334133},{"id":181169,"n":"2x100 notes adhésives Esquisse 75x75mm","p":1.25,"img":"https://fd13-photos.leclercdrive.fr/image.ashx?id=2349412&use=l&cat=p&typeid=i","cat":334133},{"id":181173,"n":"Calculatrice bureau Esquisse Grise","p":4.9,"u":"Dont 0,13 € d'éco-part.","img":"https://fd13-photos.leclercdrive.fr/image.ashx?id=2837141&use=l&cat=p&typeid=i","cat":334133},{"id":181426,"n":"Protège-Cahier Esquisse Jaune - 24x32cm","p":1.19,"img":"https://fd13-photos.leclercdrive.fr/image.ashx?id=2378829&use=l&cat=p&typeid=i","cat":284697},{"id":181427,"n":"Protège-Cahier Esquisse Vert - 24x32cm","p":1.19,"img":"https://fd13-photos.leclercdrive.fr/image.ashx?id=2378832&use=l&cat=p&typeid=i","cat":284697},{"id":181428,"n":"Protège-Cahier Esquisse Rouge - 24x32cm","p":1.19,"img":"https://fd13-photos.leclercdrive.fr/image.ashx?id=2378835&use=l&cat=p&typeid=i","cat":284697},{"id":181435,"n":"Trieur Esquisse A4 Transparent - 12 positions - x1","p":3.89,"img":"https://fd13-photos.leclercdrive.fr/image.ashx?id=2943307&use=l&cat=p&typeid=i","cat":284745},{"id":181436,"n":"Trieur Esquisse A4 Rouge - 12 positions - x1","p":3.89,"img":"https://fd13-photos.leclercdrive.fr/image.ashx?id=2943310&use=l&cat=p&typeid=i","cat":284745},{"id":181505,"n":"Cahier spirale Clairefontaine corail 22x29 5x5 160p pastel","p":3.9,"img":"https://fd13-photos.leclercdrive.fr/image.ashx?id=2357173&use=l&cat=p&typeid=i","cat":284697},{"id":181509,"n":"Cahier spirale Clairefontaine rose 22x29 5x5 160p pastel","p":3.9,"img":"https://fd13-photos.leclercdrive.fr/image.ashx?id=2357185&use=l&cat=p&typeid=i","cat":284697},{"id":181511,"n":"Cahier spirale Clairefontaine  bleu nuit 22x29 5x5 160p vive","p":3.9,"img":"https://fd13-photos.leclercdrive.fr/image.ashx?id=2357188&use=l&cat=p&typeid=i","cat":284697},{"id":181513,"n":"Cahier spirale Clairefontaine  framboise 22x29 5x5 160p vive","p":3.9,"img":"https://fd13-photos.leclercdrive.fr/image.ashx?id=2357194&use=l&cat=p&typeid=i","cat":284697},{"id":181515,"n":"Cahier spirale Clairefontaine  vert paon 22x29 5x5 160p vive","p":3.9,"img":"https://fd13-photos.leclercdrive.fr/image.ashx?id=2357200&use=l&cat=p&typeid=i","cat":284697},{"id":181673,"n":"16 feutres Flair Tropical","p":14.9,"pp":8.94,"img":"https://fd13-photos.leclercdrive.fr/image.ashx?id=2354905&use=l&cat=p&typeid=i","cat":284696},{"id":181676,"n":"Ruban X1 Dymo Lt   12 mm x 4 m","p":7.2,"img":"https://fd13-photos.leclercdrive.fr/image.ashx?id=2877094&use=l&cat=p&typeid=i","cat":284696},{"id":181685,"n":"Roller Frixion Point Clicker  Pilot Noir/Bleu - X 4","p":7.96,"img":"https://fd13-photos.leclercdrive.fr/image.ashx?id=2558467&use=l&cat=p&typeid=i","cat":284696},{"id":181686,"n":"Roller Frixion point clicker  Pilot","p":3.03,"img":"https://fd13-photos.leclercdrive.fr/image.ashx?id=2583329&use=l&cat=p&typeid=i","cat":284696},{"id":181726,"n":"Bière Blonde Slash Red - 50cl  8% vol.","p":2.06,"u":"4,12 €/L","img":"https://fd13-photos.leclercdrive.fr/image.ashx?id=2341528&use=l&cat=p&typeid=i","cat":334853},{"id":181729,"n":"Bière Blanche Slash Mangue - 50cl  8% vol.","p":2.04,"u":"4,08 €/L","img":"https://fd13-photos.leclercdrive.fr/image.ashx?id=2341534&use=l&cat=p&typeid=i","cat":334853},{"id":181742,"n":"Lait Corps Le Petit Marseillais  Bio fleur d'oranger - 250ml","p":4.83,"u":"19,32 €/L","img":"https://fd13-photos.leclercdrive.fr/image.ashx?id=2341591&use=l&cat=p&typeid=i","cat":null},{"id":181752,"n":"Complément alimentaire Draineur Queues de Cerise - Gelules 17g","p":5.22,"u":"307,06 €/KG","img":"https://fd13-photos.leclercdrive.fr/image.ashx?id=2342343&use=l&cat=p&typeid=i","cat":284632},{"id":181755,"n":"Complément alimentaire  Confort Urinaire  Pépins courge","p":5.3,"u":"139,47 €/KG","img":"https://fd13-photos.leclercdrive.fr/image.ashx?id=2341489&use=l&cat=p&typeid=i","cat":313217},{"id":181756,"n":"Complément alimentaire  Jambes Légères - Vigne Cassis","p":5.37,"u":"0,18 €/P","img":"https://fd13-photos.leclercdrive.fr/image.ashx?id=2341501&use=l&cat=p&typeid=i","cat":284632},{"id":182013,"n":"Café Moulu  Espresso - Méo - 1kg","p":15.25,"u":"15,25 €/KG","img":"https://fd13-photos.leclercdrive.fr/image.ashx?id=2571293&use=l&cat=p&typeid=i","cat":284750},{"id":182033,"n":"Infusion glacée Bio Menthe Citron 20 sachets","p":3.25,"u":"81,25 €/KG","img":"https://fd13-photos.leclercdrive.fr/image.ashx?id=2644169&use=l&cat=p&typeid=i","cat":293234},{"id":182037,"n":"Infusion glacée Bio 20 sachets Framboise Menthe Concombre","p":3.15,"u":"78,75 €/KG","img":"https://fd13-photos.leclercdrive.fr/image.ashx?id=2644175&use=l&cat=p&typeid=i","cat":293234},{"id":182047,"n":"Jambon de Bayonne Saint Azay 6 tranches - 150g","p":3.72,"u":"24,80 €/KG","img":"https://fd13-photos.leclercdrive.fr/image.ashx?id=2342190&use=l&cat=p&typeid=i","cat":316007},{"id":182071,"n":"Croquettes chien Ultima Mini Adulte poulet - 1.35kg","p":5.54,"u":"4,10 €/KG","img":"https://fd13-photos.leclercdrive.fr/image.ashx?id=2926645&use=l&cat=p&typeid=i","cat":294526},{"id":182107,"n":"DOC Prosecco Perlino vin Pétillant rosé - 75cl","p":6.37,"u":"8,49 €/L","img":"https://fd13-photos.leclercdrive.fr/image.ashx?id=2612784&use=l&cat=p&typeid=i","cat":289461},{"id":182158,"n":"Galettes Normandes NRT Caramel - 100g","p":1.69,"u":"16,90 €/KG","img":"https://fd13-photos.leclercdrive.fr/image.ashx?id=2856618&use=l&cat=p&typeid=i","cat":284487},{"id":182159,"n":"Recharge gel lavant Bionaia Bio - abricot - 250ml","p":0.9,"u":"3,60 €/L","img":"https://fd13-photos.leclercdrive.fr/image.ashx?id=2949424&use=l&cat=p&typeid=i","cat":284597},{"id":182179,"n":"Boisson aux fruits Oasis Tropical - 1,5L","p":2.05,"u":"1,37 €/L","img":"https://fd13-photos.leclercdrive.fr/image.ashx?id=2666698&use=l&cat=p&typeid=i","cat":295018},{"id":182180,"n":"Sirop de Grenadine Bio Village Bio - 50cl","p":2.45,"u":"4,90 €/L","img":"https://fd13-photos.leclercdrive.fr/image.ashx?id=2931947&use=l&cat=p&typeid=i","cat":295020},{"id":182181,"n":"Sirop de Menthe Bio Village Bio - 50cl","p":2.45,"u":"4,90 €/L","img":"https://fd13-photos.leclercdrive.fr/image.ashx?id=2873189&use=l&cat=p&typeid=i","cat":295020},{"id":182188,"n":"Infusion bio ligne Pagès 20 sachets","p":3.2,"u":"106,67 €/KG","img":"https://fd13-photos.leclercdrive.fr/image.ashx?id=2751141&use=l&cat=p&typeid=i","cat":293234},{"id":182191,"n":"Infusion bio jambes legères Pagès - 20 sachets","p":3.09,"u":"103,00 €/KG","img":"https://fd13-photos.leclercdrive.fr/image.ashx?id=2751144&use=l&cat=p&typeid=i","cat":293234},{"id":182198,"n":"Thé vert bio Pagès Minceur x20 - 36g","p":3.29,"u":"91,39 €/KG","img":"https://fd13-photos.leclercdrive.fr/image.ashx?id=2751153&use=l&cat=p&typeid=i","cat":293233},{"id":182218,"n":"Chips paysanne nature Lay's Sel - 155g","p":1.23,"u":"7,94 €/KG","img":"https://fd13-photos.leclercdrive.fr/image.ashx?id=2818602&use=l&cat=p&typeid=i","cat":284447},{"id":182259,"n":"Chips ancienne nature Lay's Sel format familial - 295g","p":2.42,"u":"8,20 €/KG","img":"https://fd13-photos.leclercdrive.fr/image.ashx?id=2999243&use=l&cat=p&typeid=i","cat":284447},{"id":182260,"n":"Chips paysanne nature Lay's Sel format familial - 295g","p":2.26,"u":"7,66 €/KG","img":"https://fd13-photos.leclercdrive.fr/image.ashx?id=2848716&use=l&cat=p&typeid=i","cat":284447},{"id":182266,"n":"Shampooing sec Batiste Original - 200ml","p":3.4,"u":"17,00 €/L","img":"https://fd13-photos.leclercdrive.fr/image.ashx?id=2344046&use=l&cat=p&typeid=i","cat":289143},{"id":182267,"n":"Shampooing sec Batiste Blush - 200ml","p":3.4,"u":"17,00 €/L","img":"https://fd13-photos.leclercdrive.fr/image.ashx?id=2630454&use=l&cat=p&typeid=i","cat":289143},{"id":182340,"n":"Lait en poudre Guigoz Optipro 2ème âge - 6-12 mois - 830g","p":15.39,"u":"18,54 €/KG","img":"https://fd13-photos.leclercdrive.fr/image.ashx?id=2737747&use=l&cat=p&typeid=i","cat":284727},{"id":182342,"n":"Lait bébé en poudre Guigoz Gest 2ème âge - 6-12 mois - 830g","p":17.75,"u":"21,39 €/KG","img":"https://fd13-photos.leclercdrive.fr/image.ashx?id=2469478&use=l&cat=p&typeid=i","cat":284727},{"id":182364,"n":"Jambon sec Saint Azay Label Rouge - 6 tranches - 100g","p":3.69,"u":"36,90 €/KG","img":"https://fd13-photos.leclercdrive.fr/image.ashx?id=2345845&use=l&cat=p&typeid=i","cat":316007},{"id":182365,"n":"Jambon de Bayonne Saint Azay 4 tranches - 100g","p":2.48,"u":"24,80 €/KG","img":"https://fd13-photos.leclercdrive.fr/image.ashx?id=2345848&use=l&cat=p&typeid=i","cat":316007},{"id":182373,"n":"Skyr Siggi's  Mangue Passion - 2x140g","p":2.19,"u":"7,82 €/KG","img":"https://fd13-photos.leclercdrive.fr/image.ashx?id=2792027&use=l&cat=p&typeid=i","cat":315000},{"id":182395,"n":"Soda Coca-Cola original Bouteille en verre- 75cl","p":2.75,"u":"3,67 €/L","img":"https://fd13-photos.leclercdrive.fr/image.ashx?id=3014874&use=l&cat=p&typeid=i","cat":284530},{"id":182460,"n":"Pâtes de semoule Rigatoni N°24 - 500g","p":1.73,"u":"3,46 €/KG","img":"https://fd13-photos.leclercdrive.fr/image.ashx?id=2348186&use=l&cat=p&typeid=i","cat":284427},{"id":182465,"n":"Bière sans alcool Tourtel Twist Ananas 0,0° - 6x27,5cl","p":4.74,"u":"2,87 €/L","img":"https://fd13-photos.leclercdrive.fr/image.ashx?id=2684925&use=l&cat=p&typeid=i","cat":334877},{"id":182479,"n":"Huile d'Olive Tramier Vierge  Extra Sans Pesticides 75cl","p":8.79,"u":"11,72 €/L","img":"https://fd13-photos.leclercdrive.fr/image.ashx?id=2647188&use=l&cat=p&typeid=i","cat":284453},{"id":182480,"n":"Lait bébé en poudre Guigoz Gest 1er âge - 0-6 mois - 830g","p":18.43,"u":"22,20 €/KG","img":"https://fd13-photos.leclercdrive.fr/image.ashx?id=2895047&use=l&cat=p&typeid=i","cat":284726},{"id":182481,"n":"Lait bébé Guigoz Pelargon  Poudre- 1er âge- 0-6 mois -780g","p":18.19,"u":"23,32 €/KG","img":"https://fd13-photos.leclercdrive.fr/image.ashx?id=2961308&use=l&cat=p&typeid=i","cat":284726},{"id":182500,"n":"Complément alimentaire Brûle Graisse x46 Gélules","p":6.66,"u":"0,14 €/P","img":"https://fd13-photos.leclercdrive.fr/image.ashx?id=2860241&use=l&cat=p&typeid=i","cat":284632},{"id":182542,"n":"Céréales Oreo 350g","p":3.9,"u":"11,14 €/KG","img":"https://fd13-photos.leclercdrive.fr/image.ashx?id=2764583&use=l&cat=p&typeid=i","cat":309513},{"id":182687,"n":"Ampoule LED B22 Standard Osram 7W = 60 w = 806 lumens x3","p":8.25,"u":"Dont 0,58 € d'éco-part.","img":"https://fd13-photos.leclercdrive.fr/image.ashx?id=2654005&use=l&cat=p&typeid=i","cat":300573},{"id":182713,"n":"IGP Pommes Alpes Haute Durance Nos Régions ont du Talent x4","p":2.49,"u":"0,62 €/P","img":"https://fd13-photos.leclercdrive.fr/image.ashx?id=2934850&use=l&cat=p&typeid=i","cat":284356},{"id":182788,"n":"Togouchi finition Tourbée 70cl  40% vol.","p":40.84,"u":"58,34 €/L","img":"https://fd13-photos.leclercdrive.fr/image.ashx?id=2650102&use=l&cat=p&typeid=i","cat":284547},{"id":182799,"n":"Cumin Moulu Ducros 40g","p":2.39,"u":"59,75 €/KG","img":"https://fd13-photos.leclercdrive.fr/image.ashx?id=2983222&use=l&cat=p&typeid=i","cat":298297},{"id":182814,"n":"Prosecco Perlino Bio Extra Dry - 75cl","p":7.8,"u":"10,40 €/L","img":"https://fd13-photos.leclercdrive.fr/image.ashx?id=2612781&use=l&cat=p&typeid=i","cat":289461},{"id":182825,"n":"Whisky Blended Cask finish Etu - 40° - 50cl","p":31.5,"u":"63,00 €/L","img":"https://fd13-photos.leclercdrive.fr/image.ashx?id=2349245&use=l&cat=p&typeid=i","cat":284547},{"id":182836,"n":"Gâteaux moelleux Brookie Milka Chocolat - 152g","p":2.98,"u":"19,61 €/KG","img":"https://fd13-photos.leclercdrive.fr/image.ashx?id=2836679&use=l&cat=p&typeid=i","cat":284495},{"id":182861,"n":"Whisky Big Peat 46%  70cl","p":44.9,"u":"64,14 €/L","img":"https://fd13-photos.leclercdrive.fr/image.ashx?id=2350010&use=l&cat=p&typeid=i","cat":284547},{"id":182887,"n":"Fromage à tartiner Boursin Ail & fines herbes - 150g","p":2.2,"u":"14,67 €/KG","img":"https://fd13-photos.leclercdrive.fr/image.ashx?id=2964449&use=l&cat=p&typeid=i","cat":314029},{"id":182925,"n":"Pâtes Collezione Barilla Bucatini Grandi -  500g","p":2.06,"u":"4,12 €/KG","img":"https://fd13-photos.leclercdrive.fr/image.ashx?id=2726521&use=l&cat=p&typeid=i","cat":284427},{"id":182938,"n":"Sauce crudités Caesar Amora 380ml","p":2.9,"u":"7,63 €/L","img":"https://fd13-photos.leclercdrive.fr/image.ashx?id=2655223&use=l&cat=p&typeid=i","cat":284456},{"id":182939,"n":"Chips Tuiles Pringles Barbecue - 175g","p":2.17,"u":"12,40 €/KG","img":"https://fd13-photos.leclercdrive.fr/image.ashx?id=2662502&use=l&cat=p&typeid=i","cat":287899},{"id":183049,"n":"Masque Tissu Skinactive Garnier Booster d'éclat Vitamine C","p":2.05,"img":"https://fd13-photos.leclercdrive.fr/image.ashx?id=2849100&use=l&cat=p&typeid=i","cat":325346},{"id":183104,"n":"Nutella Biscuit pâte à tartiner Cacao Noisettes - 207g","p":2.51,"u":"12,13 €/KG","img":"https://fd13-photos.leclercdrive.fr/image.ashx?id=2834035&use=l&cat=p&typeid=i","cat":284488},{"id":183105,"n":"Eau gazeuse San Pellegrino Essenza citron - 6x33cL","p":3.72,"u":"1,88 €/L","img":"https://fd13-photos.leclercdrive.fr/image.ashx?id=2864203&use=l&cat=p&typeid=i","cat":284536},{"id":183106,"n":"Eau gazeuse San Pellegrino Essenza sanguine - 6x33cl","p":3.67,"u":"1,85 €/L","img":"https://fd13-photos.leclercdrive.fr/image.ashx?id=2852010&use=l&cat=p&typeid=i","cat":284536},{"id":183107,"n":"Eau gazeuse San Pellegrino Essenza Pêche melon - 6x33cl","p":3.3,"u":"1,67 €/L","img":"https://fd13-photos.leclercdrive.fr/image.ashx?id=2997292&use=l&cat=p&typeid=i","cat":284536},{"id":183124,"n":"AOC Bordeaux blanc HVE Mission Saint Vincent - 75cl","p":4.34,"u":"5,79 €/L","img":"https://fd13-photos.leclercdrive.fr/image.ashx?id=2902750&use=l&cat=p&typeid=i","cat":289557},{"id":183128,"n":"Epinards hachés à la crème  Findus légume - 500g","p":2.33,"u":"4,66 €/KG","img":"https://fd13-photos.leclercdrive.fr/image.ashx?id=3008767&use=l&cat=p&typeid=i","cat":319805},{"id":183129,"n":"Epinards Légumes Findus branches à la crème - 480g","p":2.78,"u":"5,79 €/KG","img":"https://fd13-photos.leclercdrive.fr/image.ashx?id=2937349&use=l&cat=p&typeid=i","cat":319805},{"id":183130,"n":"Epinards hachés Findus À la crème fraîche - 900g","p":3.35,"u":"3,72 €/KG","img":"https://fd13-photos.leclercdrive.fr/image.ashx?id=2904245&use=l&cat=p&typeid=i","cat":319805},{"id":183193,"n":"Pile alcaline Varta  Longlife power 9V 6LR61 - x2","p":8.29,"u":"4,15 €/P","img":"https://fd13-photos.leclercdrive.fr/image.ashx?id=2353821&use=l&cat=p&typeid=i","cat":300572},{"id":183205,"n":"Pile bouton Lithium Varta CR2032 - x2","p":3.23,"u":"1,62 €/P","img":"https://fd13-photos.leclercdrive.fr/image.ashx?id=2575822&use=l&cat=p&typeid=i","cat":300572},{"id":183211,"n":"Madeleines longues Le Ster Marbrées choco - 4x250g","p":4.86,"u":"4,86 €/KG","img":"https://fd13-photos.leclercdrive.fr/image.ashx?id=2827224&use=l&cat=p&typeid=i","cat":284492},{"id":183212,"n":"Madeleines longues Le Ster Sucre - 4x250g","p":4.86,"u":"4,86 €/KG","img":"https://fd13-photos.leclercdrive.fr/image.ashx?id=2827221&use=l&cat=p&typeid=i","cat":284492},{"id":183257,"n":"Skinactive Body Garnier  Body Food All Uses - 380ml","p":6.65,"u":"17,50 €/L","img":"https://fd13-photos.leclercdrive.fr/image.ashx?id=2371209&use=l&cat=p&typeid=i","cat":325350},{"id":183259,"n":"Crème Corps Avocat Superfood Peaux sèches - 380ml","p":5.6,"u":"14,74 €/L","img":"https://fd13-photos.leclercdrive.fr/image.ashx?id=2867551&use=l&cat=p&typeid=i","cat":325350},{"id":183262,"n":"Sérum Éclat Vitamine C Garnier Anti-taches - 30ml","p":8.77,"u":"292,33 €/L","img":"https://fd13-photos.leclercdrive.fr/image.ashx?id=2908180&use=l&cat=p&typeid=i","cat":325345},{"id":183275,"n":"Tipp-Ex Mini Pocket Mouse  Rubans Correcteurs - x3","p":3.82,"u":"1,27 €/P","img":"https://fd13-photos.leclercdrive.fr/image.ashx?id=2785664&use=l&cat=p&typeid=i","cat":334133},{"id":183284,"n":"Goupillon Double Clean 2 en 1 Tigex","p":3.5,"img":"https://fd13-photos.leclercdrive.fr/image.ashx?id=2355581&use=l&cat=p&typeid=i","cat":284742},{"id":183285,"n":"Goupillon XXL col large Tigex","p":3.79,"img":"https://fd13-photos.leclercdrive.fr/image.ashx?id=2355578&use=l&cat=p&typeid=i","cat":284742},{"id":183289,"n":"Biberon col large Serenity+ Nuk 0-6 mois - 300ml","p":6.19,"img":"https://fd13-photos.leclercdrive.fr/image.ashx?id=2400154&use=l&cat=p&typeid=i","cat":284742},{"id":183290,"n":"Biberon col large Serenity+ Nuk 6-18 mois - 360ml","p":7.32,"img":"https://fd13-photos.leclercdrive.fr/image.ashx?id=2355554&use=l&cat=p&typeid=i","cat":284742},{"id":183291,"n":"Biberon col étroit Air Control  Minnie Tigex +6 mois - 330ml","p":5.26,"img":"https://fd13-photos.leclercdrive.fr/image.ashx?id=2354788&use=l&cat=p&typeid=i","cat":284742},{"id":183306,"n":"Peluche Mimsy La Souris Tigex","p":13.0,"img":"https://fd13-photos.leclercdrive.fr/image.ashx?id=2355536&use=l&cat=p&typeid=i","cat":289435},{"id":183308,"n":"Assiette creuse micro-ondes  Tigex Mickey Minnie","p":5.95,"img":"https://fd13-photos.leclercdrive.fr/image.ashx?id=2388517&use=l&cat=p&typeid=i","cat":289435},{"id":183315,"n":"Sucettes Jour/Nuit Reversible  Tigex - 6-18mois Mixte - x3","p":6.29,"img":"https://fd13-photos.leclercdrive.fr/image.ashx?id=2355542&use=l&cat=p&typeid=i","cat":284743},{"id":183395,"n":"Huile d'olive Puget 75cl","p":8.95,"u":"11,93 €/L","img":"https://fd13-photos.leclercdrive.fr/image.ashx?id=2460925&use=l&cat=p&typeid=i","cat":284453},{"id":183496,"n":"Brocolis fleurette Notre Jardin 900g","p":1.99,"u":"2,21 €/KG","img":"https://fd13-photos.leclercdrive.fr/image.ashx?id=2873168&use=l&cat=p&typeid=i","cat":319805},{"id":183520,"n":"Déodorant Spray Rexona Anti- Transpirant 72H Invisible 200ml","p":3.21,"u":"16,05 €/L","img":"https://fd13-photos.leclercdrive.fr/image.ashx?id=2850306&use=l&cat=p&typeid=i","cat":284595},{"id":183840,"n":"Curcuma moulu Ducros 45g","p":2.12,"u":"47,11 €/KG","img":"https://fd13-photos.leclercdrive.fr/image.ashx?id=2486644&use=l&cat=p&typeid=i","cat":298297},{"id":183851,"n":"Lingettes désinfectantes St  Marc Soleil de Corse - x30","p":1.29,"u":"0,04 €/P","img":"https://fd13-photos.leclercdrive.fr/image.ashx?id=2358201&use=l&cat=p&typeid=i","cat":325358},{"id":183857,"n":"Gel Douche Le Petit Marseillais  Lait d'amande douce - 650ml","p":3.18,"u":"4,89 €/L","img":"https://fd13-photos.leclercdrive.fr/image.ashx?id=2684197&use=l&cat=p&typeid=i","cat":284594},{"id":183862,"n":"Bloc WC Bref Brilliant Gel Toilettes propres - 42g x1","p":2.02,"u":"48,10 €/KG","img":"https://fd13-photos.leclercdrive.fr/image.ashx?id=2976782&use=l&cat=p&typeid=i","cat":284662},{"id":183866,"n":"Dentifrice blancheur Colgate Max white one - 75ml","p":1.95,"u":"26,00 €/L","img":"https://fd13-photos.leclercdrive.fr/image.ashx?id=2767255&use=l&cat=p&typeid=i","cat":284612},{"id":183877,"n":"Désodorisant diffuseur Airwick  Electrique Vanille - 19ml","p":3.6,"u":"189,47 €/L","img":"https://fd13-photos.leclercdrive.fr/image.ashx?id=2768237&use=l&cat=p&typeid=i","cat":311629},{"id":183888,"n":"Bière blonde Corona Cero 0,0% - 6x33cl","p":7.81,"u":"3,94 €/L","img":"https://fd13-photos.leclercdrive.fr/image.ashx?id=2526496&use=l&cat=p&typeid=i","cat":334877},{"id":183907,"n":"Dentifrice blancheur Colgate Max white optic - 75ml","p":2.38,"u":"31,73 €/L","img":"https://fd13-photos.leclercdrive.fr/image.ashx?id=2738395&use=l&cat=p&typeid=i","cat":284612},{"id":183910,"n":"Perles de Cire Chaude Expert  Veet A la Cire d'abeille 250ml","p":6.3,"u":"27,39 €/KG","img":"https://fd13-photos.leclercdrive.fr/image.ashx?id=2960678&use=l&cat=p&typeid=i","cat":325351},{"id":183917,"n":"Huile Miraculeuse Expert Veet Pré et Post Epilation 100ml","p":9.4,"u":"94,00 €/L","img":"https://fd13-photos.leclercdrive.fr/image.ashx?id=2828547&use=l&cat=p&typeid=i","cat":325351},{"id":183935,"n":"Fond de Teint L'Oréal Paris Infaillible 24H 130 Beige Peau","p":15.99,"pp":10.55,"img":"https://fd13-photos.leclercdrive.fr/image.ashx?id=2358183&use=l&cat=p&typeid=i","cat":287029},{"id":183966,"n":"Serviettes fuites urinaires  Always discreet night - x12","p":8.18,"u":"0,68 €/P","img":"https://fd13-photos.leclercdrive.fr/image.ashx?id=2564129&use=l&cat=p&typeid=i","cat":284628},{"id":184141,"n":"Desserts Lactés P'TIT BRASSE Mangue 6M+ - 4x90g","p":2.09,"u":"5,81 €/KG","img":"https://fd13-photos.leclercdrive.fr/image.ashx?id=2594226&use=l&cat=p&typeid=i","cat":312392},{"id":184142,"n":"Desserts Lactés P'TIT BRASSE Fruits rouges 6M+ - 4x90g","p":2.14,"u":"5,94 €/KG","img":"https://fd13-photos.leclercdrive.fr/image.ashx?id=2599943&use=l&cat=p&typeid=i","cat":312392},{"id":184143,"n":"Desserts Lactés P'TIT BRASSE Fraise banane 6M+ - 4x90g","p":2.1,"u":"5,83 €/KG","img":"https://fd13-photos.leclercdrive.fr/image.ashx?id=2594229&use=l&cat=p&typeid=i","cat":312392},{"id":184148,"n":"Biscuits croquants Délichoc Chocolat au lait - 150g","p":1.9,"u":"12,67 €/KG","img":"https://fd13-photos.leclercdrive.fr/image.ashx?id=2867365&use=l&cat=p&typeid=i","cat":284488},{"id":184181,"n":"Purée mangue bébé Good Goût bio - 120g - dès 4 mois","p":1.47,"u":"12,25 €/KG","img":"https://fd13-photos.leclercdrive.fr/image.ashx?id=2640707&use=l&cat=p&typeid=i","cat":312387},{"id":184182,"n":"Purée poire bébé Good Goût bio - 120g - dès 4 mois","p":1.54,"u":"12,83 €/L","img":"https://fd13-photos.leclercdrive.fr/image.ashx?id=2640043&use=l&cat=p&typeid=i","cat":312387},{"id":184186,"n":"Dentifrice Oral B  Cars - 75ml","p":1.99,"u":"26,53 €/L","img":"https://fd13-photos.leclercdrive.fr/image.ashx?id=2563184&use=l&cat=p&typeid=i","cat":288898},{"id":184188,"n":"Couette unie Tissaïa Basics Blanc - 200x200cm","p":14.98,"u":"Dont 0,12 € d'éco-part.","img":"https://fd13-photos.leclercdrive.fr/image.ashx?id=2361137&use=l&cat=p&typeid=i","cat":288835},{"id":184192,"n":"Purée fraise banane bébé Good Goût bio - 120g - dès 4 mois","p":1.54,"u":"12,83 €/KG","img":"https://fd13-photos.leclercdrive.fr/image.ashx?id=2640046&use=l&cat=p&typeid=i","cat":312387},{"id":184198,"n":"Complément alimentaire Vitea Multi'Vit énergie - x30","p":4.47,"u":"0,15 €/P","img":"https://fd13-photos.leclercdrive.fr/image.ashx?id=2369472&use=l&cat=p&typeid=i","cat":284632},{"id":184206,"n":"Mayonnaise Rustica au citron - 235g","p":1.49,"u":"6,34 €/KG","img":"https://fd13-photos.leclercdrive.fr/image.ashx?id=2509116&use=l&cat=p&typeid=i","cat":298295},{"id":184214,"n":"Oreiller Tissaïa Basics Blanc - 60x60cm","p":4.48,"u":"Dont 0,06 € d'éco-part.","img":"https://fd13-photos.leclercdrive.fr/image.ashx?id=2361143&use=l&cat=p&typeid=i","cat":288835},{"id":184234,"n":"Ampoule Led Flamme Philips 40W - E14 blanc chaud - x2","p":11.7,"u":"Dont 0,24 € d'éco-part.","img":"https://fd13-photos.leclercdrive.fr/image.ashx?id=2507494&use=l&cat=p&typeid=i","cat":300573},{"id":184236,"n":"Ampoule LED Sphérique Philips 40W - E14 Blanc chaud - x2","p":11.65,"u":"Dont 0,38 € d'éco-part.","img":"https://fd13-photos.leclercdrive.fr/image.ashx?id=2507497&use=l&cat=p&typeid=i","cat":300573},{"id":184273,"n":"Ampoule LED Philips Smart Flamme E14 - 40W C37- RGB","p":15.48,"u":"Dont 0,12 € d'éco-part.","img":"https://fd13-photos.leclercdrive.fr/image.ashx?id=2507521&use=l&cat=p&typeid=i","cat":300573},{"id":184277,"n":"Ampoule LED Sphérique Philips B22 40W Blanc chaud- x1","p":6.64,"u":"Dont 0,29 € d'éco-part.","img":"https://fd13-photos.leclercdrive.fr/image.ashx?id=2507461&use=l&cat=p&typeid=i","cat":300573},{"id":184278,"n":"Ampoule Led Flamme Philips E14 - 40W Blanc chaud - x1","p":7.55,"u":"Dont 0,29 € d'éco-part.","img":"https://fd13-photos.leclercdrive.fr/image.ashx?id=2507428&use=l&cat=p&typeid=i","cat":300573},{"id":184279,"n":"Ampoule LED Standard Philips 75W -E27 Blanc chaud claire x1","p":9.9,"u":"Dont 0,19 € d'éco-part.","img":"https://fd13-photos.leclercdrive.fr/image.ashx?id=2507425&use=l&cat=p&typeid=i","cat":300573},{"id":184280,"n":"Ampoule LED Sphérique Philips E14 - 40W Blanc froid -x1","p":6.76,"u":"Dont 0,29 € d'éco-part.","img":"https://fd13-photos.leclercdrive.fr/image.ashx?id=2507422&use=l&cat=p&typeid=i","cat":300573},{"id":184282,"n":"Ampoule Led Flamme Philips  E14 - 25W Blanc froid - x1","p":7.1,"u":"Dont 0,29 € d'éco-part.","img":"https://fd13-photos.leclercdrive.fr/image.ashx?id=2507416&use=l&cat=p&typeid=i","cat":300573},{"id":184294,"n":"Ampoule LED Standard Philips E27 - 100W Blanc chaud - x1","p":17.75,"u":"Dont 0,12 € d'éco-part.","img":"https://fd13-photos.leclercdrive.fr/image.ashx?id=2507452&use=l&cat=p&typeid=i","cat":300573},{"id":184305,"n":"Carré de porc sans os L'Atelier Boucherie x10 - 440g","p":4.94,"u":"11,23 €/KG","img":"https://fd13-photos.leclercdrive.fr/image.ashx?id=2932701&use=l&cat=p&typeid=i","cat":284331},{"id":184307,"n":"Côtes de porc première L'Atelier Boucherie x2 - 300g","p":2.7,"u":"9,00 €/KG","img":"https://fd13-photos.leclercdrive.fr/image.ashx?id=2930552&use=l&cat=p&typeid=i","cat":284331},{"id":184308,"n":"Côtes de porc échine L'Atelier Boucherie x4 - 680g","p":5.14,"u":"7,56 €/KG","img":"https://fd13-photos.leclercdrive.fr/image.ashx?id=2930555&use=l&cat=p&typeid=i","cat":284331},{"id":184310,"n":"Entrecôte de boeuf*** L'Atelier Boucherie x1 - 200g","p":6.09,"u":"30,45 €/KG","img":"https://fd13-photos.leclercdrive.fr/image.ashx?id=2913781&use=l&cat=p&typeid=i","cat":284328},{"id":184312,"n":"Faux-filet de boeuf*** L'Atelier Boucherie x1 - 180g","p":5.12,"u":"28,44 €/KG","img":"https://fd13-photos.leclercdrive.fr/image.ashx?id=2913784&use=l&cat=p&typeid=i","cat":284328},{"id":184315,"n":"Steak de boeuf** L'Atelier Boucherie x2 - 260g","p":5.39,"u":"20,73 €/KG","img":"https://fd13-photos.leclercdrive.fr/image.ashx?id=2930582&use=l&cat=p&typeid=i","cat":284328},{"id":184316,"n":"Bavette d'Aloyau*** L'Atelier Boucherie x1 - 150g","p":4.95,"u":"33,00 €/KG","img":"https://fd13-photos.leclercdrive.fr/image.ashx?id=2930585&use=l&cat=p&typeid=i","cat":284328},{"id":184318,"n":"Rôti de boeuf*** L'Atelier Boucherie - 600g","p":14.39,"u":"23,98 €/KG","img":"https://fd13-photos.leclercdrive.fr/image.ashx?id=2716997&use=l&cat=p&typeid=i","cat":284328},{"id":184319,"n":"Pièce à fondue / Brochette L'Atelier Boucherie - 500g","p":12.99,"u":"25,98 €/KG","img":"https://fd13-photos.leclercdrive.fr/image.ashx?id=2930594&use=l&cat=p&typeid=i","cat":284328},{"id":184320,"n":"Rôti de porc L'Atelier Boucherie - 600g","p":6.59,"u":"10,98 €/KG","img":"https://fd13-photos.leclercdrive.fr/image.ashx?id=2638057&use=l&cat=p&typeid=i","cat":284331},{"id":184321,"n":"Filet mignon de porc L'Atelier Boucherie x2 - 990g","p":13.59,"u":"13,73 €/KG","img":"https://fd13-photos.leclercdrive.fr/image.ashx?id=2638060&use=l&cat=p&typeid=i","cat":284331},{"id":184353,"n":"Soda Coca-Cola Vanille Canette - Pack 6x33CL","p":4.67,"u":"2,36 €/L","img":"https://fd13-photos.leclercdrive.fr/image.ashx?id=2997238&use=l&cat=p&typeid=i","cat":284530},{"id":184354,"n":"Boisson energisante Monster juiced Monarch 50cl","p":1.76,"u":"3,52 €/L","img":"https://fd13-photos.leclercdrive.fr/image.ashx?id=2759041&use=l&cat=p&typeid=i","cat":284533},{"id":184355,"n":"Boisson énergisante Red Bull  Goût Fruit du Dragon, 250ml","p":1.21,"u":"4,84 €/L","img":"https://fd13-photos.leclercdrive.fr/image.ashx?id=3011992&use=l&cat=p&typeid=i","cat":284533},{"id":184396,"n":"Vanille en poudre Vahiné - 5g","p":6.88,"img":"https://fd13-photos.leclercdrive.fr/image.ashx?id=2559856&use=l&cat=p&typeid=i","cat":284504},{"id":184401,"n":"Bière black 8.6 50cl","p":1.75,"u":"3,50 €/L","img":"https://fd13-photos.leclercdrive.fr/image.ashx?id=2402071&use=l&cat=p&typeid=i","cat":334853},{"id":184415,"n":"Bière La Cristal IPA Brasserie du Mont Blanc - 33cl","p":2.25,"u":"6,82 €/L","img":"https://fd13-photos.leclercdrive.fr/image.ashx?id=2432980&use=l&cat=p&typeid=i","cat":334872},{"id":184420,"n":"Sirop de citron Eco+ - 1L","p":1.66,"u":"1,66 €/L","img":"https://fd13-photos.leclercdrive.fr/image.ashx?id=2901416&use=l&cat=p&typeid=i","cat":295020},{"id":184427,"n":"Thé glacé Oasis Ice Tea Saveur Pêche - 1,5L","p":1.72,"u":"1,15 €/L","img":"https://fd13-photos.leclercdrive.fr/image.ashx?id=2688836&use=l&cat=p&typeid=i","cat":295019},{"id":184431,"n":"Boisson aux fruits Oasis Saveur Pomme Poire - 2L","p":2.52,"u":"1,26 €/L","img":"https://fd13-photos.leclercdrive.fr/image.ashx?id=3014455&use=l&cat=p&typeid=i","cat":295018},{"id":184537,"n":"Émincés de saumon fumé MSC Sauvage Ronde des mers - 100g","p":4.99,"u":"49,90 €/KG","img":"https://fd13-photos.leclercdrive.fr/image.ashx?id=2362417&use=l&cat=p&typeid=i","cat":285188},{"id":184540,"n":"Fromage Fouetté Nature à tartiner Les Croisés - 150g","p":1.41,"u":"9,40 €/KG","img":"https://fd13-photos.leclercdrive.fr/image.ashx?id=2362423&use=l&cat=p&typeid=i","cat":314029},{"id":184553,"n":"Blocs WC Syphon fraîcheur marine x2 - 110g","p":2.0,"u":"18,18 €/KG","img":"https://fd13-photos.leclercdrive.fr/image.ashx?id=2670359&use=l&cat=p&typeid=i","cat":284662},{"id":184559,"n":"Liquide vaisselle Paic Eucalyptus - 750ml","p":2.19,"u":"2,92 €/L","img":"https://fd13-photos.leclercdrive.fr/image.ashx?id=2363243&use=l&cat=p&typeid=i","cat":284655},{"id":184561,"n":"Glaces Kinder Bueno x4 noisettes chocolat blanc - 248g","p":3.99,"u":"16,09 €/KG","img":"https://fd13-photos.leclercdrive.fr/image.ashx?id=2759071&use=l&cat=p&typeid=i","cat":284264},{"id":184568,"n":"Muesli croustillant Bio village Bio Chocolat quinoa - 500g","p":4.2,"u":"8,40 €/KG","img":"https://fd13-photos.leclercdrive.fr/image.ashx?id=2720196&use=l&cat=p&typeid=i","cat":309512},{"id":184569,"n":"Muesli croustillant Bio Village Bio Chocolat - 500g","p":3.72,"u":"7,44 €/KG","img":"https://fd13-photos.leclercdrive.fr/image.ashx?id=2559984&use=l&cat=p&typeid=i","cat":309512},{"id":184571,"n":"Sauce barbecue Amora 285g","p":1.74,"u":"6,11 €/KG","img":"https://fd13-photos.leclercdrive.fr/image.ashx?id=3004447&use=l&cat=p&typeid=i","cat":318431},{"id":184584,"n":"Brumisateur Evian - 400ml","p":3.71,"u":"9,28 €/L","img":"https://fd13-photos.leclercdrive.fr/image.ashx?id=2363431&use=l&cat=p&typeid=i","cat":290295},{"id":184677,"n":"Protège-document Esquisse x1 Gris - A4 - 80 vues","p":2.49,"img":"https://fd13-photos.leclercdrive.fr/image.ashx?id=2943319&use=l&cat=p&typeid=i","cat":284745},{"id":184679,"n":"Classeur cahier Esquisse Rouge - Polypro - 21x29.7cm","p":1.89,"img":"https://fd13-photos.leclercdrive.fr/image.ashx?id=2366670&use=l&cat=p&typeid=i","cat":284745},{"id":184680,"n":"Classeur cahier Esquisse Noir - Polypro - 21x29.7cm","p":1.89,"img":"https://fd13-photos.leclercdrive.fr/image.ashx?id=2366673&use=l&cat=p&typeid=i","cat":284745},{"id":184681,"n":"Trieur Esquisse A4 Transparent - 12 positions - x1","p":3.89,"img":"https://fd13-photos.leclercdrive.fr/image.ashx?id=2378847&use=l&cat=p&typeid=i","cat":284745},{"id":184726,"n":"Protège-document Gris - A4 - 120 vues","p":3.49,"img":"https://fd13-photos.leclercdrive.fr/image.ashx?id=2943322&use=l&cat=p&typeid=i","cat":284745},{"id":184831,"n":"Ail semoule Ducros 140g","p":2.44,"u":"17,43 €/KG","img":"https://fd13-photos.leclercdrive.fr/image.ashx?id=2559511&use=l&cat=p&typeid=i","cat":298297},{"id":184996,"n":"Infusion verveine Elephant Menthe, bio - x20","p":2.12,"u":"81,54 €/KG","img":"https://fd13-photos.leclercdrive.fr/image.ashx?id=2507578&use=l&cat=p&typeid=i","cat":293234},{"id":184997,"n":"Infusion bio Elephant Detox - x20","p":1.87,"u":"55,00 €/KG","img":"https://fd13-photos.leclercdrive.fr/image.ashx?id=2507566&use=l&cat=p&typeid=i","cat":293234},{"id":184998,"n":"Infusion Bio Elephant Gingembre Citron - 20 Sachets","p":1.87,"u":"55,00 €/KG","img":"https://fd13-photos.leclercdrive.fr/image.ashx?id=2507575&use=l&cat=p&typeid=i","cat":293234},{"id":185104,"n":"Protège document A4 Esquisse Gris - 200 vues","p":4.29,"img":"https://fd13-photos.leclercdrive.fr/image.ashx?id=2378850&use=l&cat=p&typeid=i","cat":284745},{"id":185165,"n":"Skyr Yoplait  Coco 1%Mg - 4x100g","p":2.15,"u":"5,38 €/KG","img":"https://fd13-photos.leclercdrive.fr/image.ashx?id=2884459&use=l&cat=p&typeid=i","cat":315000},{"id":185166,"n":"Skyr Yoplait  Vanille 0%MG - 4x100G","p":2.27,"u":"5,68 €/KG","img":"https://fd13-photos.leclercdrive.fr/image.ashx?id=2884456&use=l&cat=p&typeid=i","cat":315000},{"id":185264,"n":"Piles Energizer AA - x10","p":9.88,"u":"0,99 €/P","img":"https://fd13-photos.leclercdrive.fr/image.ashx?id=2850719&use=l&cat=p&typeid=i","cat":300572},{"id":185265,"n":"Piles Energizer AAA - x10","p":9.88,"u":"0,99 €/P","img":"https://fd13-photos.leclercdrive.fr/image.ashx?id=2850725&use=l&cat=p&typeid=i","cat":300572},{"id":185274,"n":"Chips Tuiles Pringles Bacon - 175g","p":2.23,"u":"12,74 €/KG","img":"https://fd13-photos.leclercdrive.fr/image.ashx?id=2661754&use=l&cat=p&typeid=i","cat":287899},{"id":185280,"n":"Cup nouilles Tanoshi Corée Poulet Gochugaru - 65g","p":1.43,"u":"22,00 €/KG","img":"https://fd13-photos.leclercdrive.fr/image.ashx?id=2732266&use=l&cat=p&typeid=i","cat":288992},{"id":185302,"n":"Gâteaux marbrés Savane Brossard Tout choco Pocket - 420g","p":3.99,"u":"9,50 €/KG","img":"https://fd13-photos.leclercdrive.fr/image.ashx?id=2965133&use=l&cat=p&typeid=i","cat":294776},{"id":185443,"n":"Thé vert citron Yate x25 - 37,5g","p":0.79,"u":"20,79 €/KG","img":"https://fd13-photos.leclercdrive.fr/image.ashx?id=2646008&use=l&cat=p&typeid=i","cat":293233},{"id":185459,"n":"Crème dessert La Laitière  Frais Fondant chocolat - 4x115g","p":2.1,"u":"4,57 €/KG","img":"https://fd13-photos.leclercdrive.fr/image.ashx?id=2904062&use=l&cat=p&typeid=i","cat":285041},{"id":185460,"n":"Crème dessert La Laitière  Frais Fondant vanille - 4x115g","p":2.1,"u":"4,57 €/KG","img":"https://fd13-photos.leclercdrive.fr/image.ashx?id=2674548&use=l&cat=p&typeid=i","cat":285041},{"id":185494,"n":"Herbes de provence Ducros 35g","p":3.23,"u":"92,29 €/KG","img":"https://fd13-photos.leclercdrive.fr/image.ashx?id=2559505&use=l&cat=p&typeid=i","cat":298297},{"id":185508,"n":"Biscuits fourrés BN  Vanille - 285g","p":1.49,"u":"5,23 €/KG","img":"https://fd13-photos.leclercdrive.fr/image.ashx?id=2475005&use=l&cat=p&typeid=i","cat":284488},{"id":185567,"n":"Liniment oléo-calcaire Biolane  700 ml","p":7.01,"u":"10,01 €/L","img":"https://fd13-photos.leclercdrive.fr/image.ashx?id=2586864&use=l&cat=p&typeid=i","cat":284741},{"id":185568,"n":"Gel Lavant Biolane Corps et cheveux 750 ml","p":5.77,"u":"7,69 €/L","img":"https://fd13-photos.leclercdrive.fr/image.ashx?id=2586867&use=l&cat=p&typeid=i","cat":284740},{"id":185571,"n":"Eau pure H2O Biolane 750 ml","p":5.42,"u":"7,23 €/L","img":"https://fd13-photos.leclercdrive.fr/image.ashx?id=2733247&use=l&cat=p&typeid=i","cat":284741},{"id":185607,"n":"Vodka premium Grey Goose La Poire 40° - 70cl","p":36.99,"pp":32.99,"u":"47,13 €/L","img":"https://fd13-photos.leclercdrive.fr/image.ashx?id=2848337&use=l&cat=p&typeid=i","cat":284550},{"id":185608,"n":"Vodka premium Grey Goose L'Orange 40° - 70cl","p":36.99,"pp":32.99,"u":"47,13 €/L","img":"https://fd13-photos.leclercdrive.fr/image.ashx?id=2848334&use=l&cat=p&typeid=i","cat":284550},{"id":185649,"n":"AOP Coteaux Varois Rosé Révélation Bio - 75cl","p":8.65,"u":"11,53 €/L","img":"https://fd13-photos.leclercdrive.fr/image.ashx?id=2871874&use=l&cat=p&typeid=i","cat":289558},{"id":185768,"n":"Riz forestière individuel William Saurin - 300g","p":3.12,"u":"10,40 €/KG","img":"https://fd13-photos.leclercdrive.fr/image.ashx?id=2528726&use=l&cat=p&typeid=i","cat":284953},{"id":185789,"n":"Myrtilles Panier du Primeur 125g","p":1.99,"u":"15,92 €/KG","img":"https://fd13-photos.leclercdrive.fr/image.ashx?id=2375773&use=l&cat=p&typeid=i","cat":284356},{"id":185831,"n":"Préparation Gâteau alsa Moelleux Marbré - 435g","p":2.19,"u":"5,03 €/KG","img":"https://fd13-photos.leclercdrive.fr/image.ashx?id=2996428&use=l&cat=p&typeid=i","cat":284505},{"id":185840,"n":"RECH SPRAY AUTO BIEN AIR AGRUMES 250ML","p":2.39,"u":"9,56 €/L","img":"https://fd13-photos.leclercdrive.fr/image.ashx?id=2531104&use=l&cat=p&typeid=i","cat":311629},{"id":185853,"n":"Bière Kasteel Donker 11° 75cl","p":5.59,"u":"7,45 €/L","img":"https://fd13-photos.leclercdrive.fr/image.ashx?id=3000839&use=l&cat=p&typeid=i","cat":334872},{"id":185859,"n":"Bière Triple Secret des Moines 8° - 75cl","p":4.25,"u":"5,67 €/L","img":"https://fd13-photos.leclercdrive.fr/image.ashx?id=2892592&use=l&cat=p&typeid=i","cat":334852},{"id":185953,"n":"Protège-document Esquisse Gris - A4 - 60 vues","p":1.95,"img":"https://fd13-photos.leclercdrive.fr/image.ashx?id=2366667&use=l&cat=p&typeid=i","cat":284745},{"id":185954,"n":"Protège-documents Esquisse Gris - A4 - 40 vues","p":1.79,"img":"https://fd13-photos.leclercdrive.fr/image.ashx?id=2381668&use=l&cat=p&typeid=i","cat":284745},{"id":185957,"n":"Paire de ciseaux sensoft Maped Vert","p":3.14,"img":"https://fd13-photos.leclercdrive.fr/image.ashx?id=2568364&use=l&cat=p&typeid=i","cat":334133},{"id":186002,"n":"Porto blanc Dorrao 18%vol - 75cl","p":6.07,"u":"8,09 €/L","img":"https://fd13-photos.leclercdrive.fr/image.ashx?id=2869880&use=l&cat=p&typeid=i","cat":284913},{"id":186019,"n":"Bière Nepo Blanche Combawa  33cl","p":2.48,"u":"7,52 €/L","img":"https://fd13-photos.leclercdrive.fr/image.ashx?id=2382535&use=l&cat=p&typeid=i","cat":334878},{"id":186021,"n":"Bière Nepo Blonde BIO 33cl","p":2.1,"u":"6,36 €/L","img":"https://fd13-photos.leclercdrive.fr/image.ashx?id=2382532&use=l&cat=p&typeid=i","cat":334873},{"id":186026,"n":"Bière Nepo Pohazy IPA 33cl","p":2.5,"u":"7,58 €/L","img":"https://fd13-photos.leclercdrive.fr/image.ashx?id=2382541&use=l&cat=p&typeid=i","cat":334872},{"id":186033,"n":"Nepo Tropical Milkshake Neipa 33cl","p":2.69,"u":"8,15 €/L","img":"https://fd13-photos.leclercdrive.fr/image.ashx?id=2382580&use=l&cat=p&typeid=i","cat":334872},{"id":186048,"n":"Masque 2 en 1 Energie Fruit Sans silicone Monoi - 300ml","p":4.45,"u":"14,83 €/L","img":"https://fd13-photos.leclercdrive.fr/image.ashx?id=2795878&use=l&cat=p&typeid=i","cat":284608},{"id":186055,"n":"Boisson énergisante Red Bull Goût Pastèque, 250ml","p":1.23,"u":"4,92 €/L","img":"https://fd13-photos.leclercdrive.fr/image.ashx?id=2471655&use=l&cat=p&typeid=i","cat":284533},{"id":186056,"n":"Boisson énergisante Red Bull Goût Coco-Acaï, 250ml","p":1.23,"u":"4,92 €/L","img":"https://fd13-photos.leclercdrive.fr/image.ashx?id=2471658&use=l&cat=p&typeid=i","cat":284533},{"id":186089,"n":"Crème mains absorption express Neutrogena - 75ml","p":6.31,"u":"84,13 €/L","img":"https://fd13-photos.leclercdrive.fr/image.ashx?id=2928840&use=l&cat=p&typeid=i","cat":290424},{"id":186108,"n":"Savon solide Bio Mots d'enfants 100g","p":1.29,"u":"12,90 €/KG","img":"https://fd13-photos.leclercdrive.fr/image.ashx?id=3015126&use=l&cat=p&typeid=i","cat":284740},{"id":186140,"n":"Huile de Massage Vergetures Weleda - 2x100ml","p":28.65,"u":"143,25 €/L","img":"https://fd13-photos.leclercdrive.fr/image.ashx?id=2505615&use=l&cat=p&typeid=i","cat":290422},{"id":186164,"n":"Ampoule vitamine C SVR 30ml","p":28.78,"u":"959,33 €/L","img":"https://fd13-photos.leclercdrive.fr/image.ashx?id=2971649&use=l&cat=p&typeid=i","cat":291171},{"id":186165,"n":"Ampoule vitamine B3 SVR 30ml","p":25.86,"u":"862,00 €/L","img":"https://fd13-photos.leclercdrive.fr/image.ashx?id=2971179&use=l&cat=p&typeid=i","cat":291171},{"id":186170,"n":"Sucettes +18 mois Dodie Silicone - x2","p":6.7,"u":"3,35 €/P","img":"https://fd13-photos.leclercdrive.fr/image.ashx?id=2876755&use=l&cat=p&typeid=i","cat":290430},{"id":186173,"n":"Crème mains 5% d'Urée Eucerin UreaRepair Plus - 75ml","p":5.15,"u":"68,67 €/L","img":"https://fd13-photos.leclercdrive.fr/image.ashx?id=2832311&use=l&cat=p&typeid=i","cat":290424},{"id":186174,"n":"Biberon verre 1er âge MAM  Blanc - 260ml","p":11.89,"img":"https://fd13-photos.leclercdrive.fr/image.ashx?id=2980170&use=l&cat=p&typeid=i","cat":290386},{"id":186207,"n":"Soin de jour peau sèche Eucerin Hyaluron-Filler - 50ml","p":29.31,"u":"586,20 €/L","img":"https://fd13-photos.leclercdrive.fr/image.ashx?id=2926810&use=l&cat=p&typeid=i","cat":291168},{"id":186232,"n":"Sucettes +18 mois Dodie Silicone - x2","p":6.9,"u":"3,45 €/P","img":"https://fd13-photos.leclercdrive.fr/image.ashx?id=2852588&use=l&cat=p&typeid=i","cat":290430},{"id":186240,"n":"Baume Protect+ Topialyse SVR 400ml","p":14.99,"pp":11.24,"u":"28,10 €/L","img":"https://fd13-photos.leclercdrive.fr/image.ashx?id=2971658&use=l&cat=p&typeid=i","cat":290421},{"id":186243,"n":"Eau solaire Sun Secure SPF50+ SVR - 200ml","p":16.79,"u":"83,95 €/L","img":"https://fd13-photos.leclercdrive.fr/image.ashx?id=2971652&use=l&cat=p&typeid=i","cat":290396},{"id":186246,"n":"Sérum anti-imperfections SVR SEBIACLEAR - 30ml","p":14.25,"u":"475,00 €/L","img":"https://fd13-photos.leclercdrive.fr/image.ashx?id=2965136&use=l&cat=p&typeid=i","cat":291166},{"id":186258,"n":"Lessive Capsules Tout-en-1 Skip Fraîcheur Intense x26 Capsules","p":10.43,"u":"18,93 €/KG","img":"https://fd13-photos.leclercdrive.fr/image.ashx?id=2978934&use=l&cat=p&typeid=i","cat":284641},{"id":186263,"n":"Lessive Capsules Tout-en-1 Skip Fraîcheur Intense 38 Lavages","p":14.26,"u":"17,69 €/KG","img":"https://fd13-photos.leclercdrive.fr/image.ashx?id=2929236&use=l&cat=p&typeid=i","cat":284641},{"id":186265,"n":"Lingettes bébé Harmonie Aqua Pampers - 48 lingettes","p":3.38,"u":"0,07 €/P","img":"https://fd13-photos.leclercdrive.fr/image.ashx?id=2805903&use=l&cat=p&typeid=i","cat":284738},{"id":186267,"n":"Lingettes bébé visage et mains Biolane - 64 lingettes","p":2.3,"u":"0,04 €/P","img":"https://fd13-photos.leclercdrive.fr/image.ashx?id=2876539&use=l&cat=p&typeid=i","cat":284738},{"id":186296,"n":"Lessive Capsules Skip Tout-en-1 Active Clean x38","p":16.01,"u":"19,86 €/KG","img":"https://fd13-photos.leclercdrive.fr/image.ashx?id=2757114&use=l&cat=p&typeid=i","cat":284641},{"id":186306,"n":"Liniment oléo-calcaire Biolane 300ml","p":3.73,"u":"12,43 €/L","img":"https://fd13-photos.leclercdrive.fr/image.ashx?id=2586861&use=l&cat=p&typeid=i","cat":284741},{"id":186307,"n":"Shampooing nourissant Energie Fruit - 250ml","p":3.79,"u":"15,16 €/L","img":"https://fd13-photos.leclercdrive.fr/image.ashx?id=2795869&use=l&cat=p&typeid=i","cat":284606},{"id":186308,"n":"Masque 2 en 1 Energie Fruit Sans silicone - 300ml","p":4.67,"u":"15,57 €/L","img":"https://fd13-photos.leclercdrive.fr/image.ashx?id=2795875&use=l&cat=p&typeid=i","cat":284608},{"id":186322,"n":"Lingettes pour bébé Pampers Harmonie Aqua - 3x48","p":7.0,"u":"0,05 €/P","img":"https://fd13-photos.leclercdrive.fr/image.ashx?id=2903809&use=l&cat=p&typeid=i","cat":284738},{"id":186323,"n":"Sous-vêtements de nuit Ninjamas Fille 8-12 ans - x9","p":7.19,"u":"0,80 €/P","img":"https://fd13-photos.leclercdrive.fr/image.ashx?id=2479541&use=l&cat=p&typeid=i","cat":290633},{"id":186461,"n":"Ail lyophilisé Ducros 19g","p":3.66,"u":"192,63 €/KG","img":"https://fd13-photos.leclercdrive.fr/image.ashx?id=2486617&use=l&cat=p&typeid=i","cat":298297},{"id":186497,"n":"Capsules café L'Or Espresso Saveur Caramel x10","p":3.65,"u":"70,19 €/KG","img":"https://fd13-photos.leclercdrive.fr/image.ashx?id=2387049&use=l&cat=p&typeid=i","cat":293241},{"id":186548,"n":"Bougie Floral 30h Bien Air","p":2.34,"img":"https://fd13-photos.leclercdrive.fr/image.ashx?id=2939091&use=l&cat=p&typeid=i","cat":284666},{"id":186626,"n":"Arrangé rhum Rivière du Mât Gingembre 35%vol. - 70cl","p":17.43,"u":"24,90 €/L","img":"https://fd13-photos.leclercdrive.fr/image.ashx?id=2650465&use=l&cat=p&typeid=i","cat":284550},{"id":186657,"n":"Crème dessert Delisse Chocolat - 6x125g","p":1.42,"u":"1,89 €/KG","img":"https://fd13-photos.leclercdrive.fr/image.ashx?id=3009526&use=l&cat=p&typeid=i","cat":285041},{"id":186659,"n":"Crème dessert Delisse Vanille - 6x125g","p":1.33,"u":"1,77 €/KG","img":"https://fd13-photos.leclercdrive.fr/image.ashx?id=2441498&use=l&cat=p&typeid=i","cat":285041},{"id":186660,"n":"Dessert végétal soja Alpro  Citron et Citron Vert - 500g","p":1.94,"u":"3,88 €/KG","img":"https://fd13-photos.leclercdrive.fr/image.ashx?id=2977678&use=l&cat=p&typeid=i","cat":316071},{"id":186661,"n":"Crème dessert Delisse Caramel - 6x125g","p":1.39,"u":"1,85 €/KG","img":"https://fd13-photos.leclercdrive.fr/image.ashx?id=2441504&use=l&cat=p&typeid=i","cat":285041},{"id":186686,"n":"Déodorant stick Homme Mennen Marine Sans Alcool - 60ml","p":3.13,"u":"52,17 €/L","img":"https://fd13-photos.leclercdrive.fr/image.ashx?id=2869107&use=l&cat=p&typeid=i","cat":284618},{"id":186688,"n":"Déodorant stick Homme Mennen Sans Alcool Anti-Traces - 60ml","p":3.17,"u":"52,83 €/L","img":"https://fd13-photos.leclercdrive.fr/image.ashx?id=2869110&use=l&cat=p&typeid=i","cat":284618},{"id":186758,"n":"Tablette Chocolat Noir Lindt Noisettes Caramel Lot 2x100g","p":4.48,"u":"22,40 €/KG","img":"https://fd13-photos.leclercdrive.fr/image.ashx?id=2388487&use=l&cat=p&typeid=i","cat":284956},{"id":186829,"n":"Taie de traversin Tissaïa Vert sauge 185cm coton bio","p":7.45,"img":"https://fd13-photos.leclercdrive.fr/image.ashx?id=2395303&use=l&cat=p&typeid=i","cat":286694},{"id":186830,"n":"Taie d'oreiller Tissaïa Vert sauge 63x63cm coton bio","p":6.45,"img":"https://fd13-photos.leclercdrive.fr/image.ashx?id=2395297&use=l&cat=p&typeid=i","cat":286694},{"id":186831,"n":"Drap housse Tissaïa Vert sauge 160x200cm coton bio","p":18.45,"img":"https://fd13-photos.leclercdrive.fr/image.ashx?id=2395294&use=l&cat=p&typeid=i","cat":286694},{"id":186832,"n":"Drap housse Tissaïa Vert sauge 140x190cm coton bio","p":15.95,"img":"https://fd13-photos.leclercdrive.fr/image.ashx?id=2395291&use=l&cat=p&typeid=i","cat":286694},{"id":186835,"n":"Drap housse Tissaïa Vert sauge 90x190cm coton bio","p":11.45,"img":"https://fd13-photos.leclercdrive.fr/image.ashx?id=2395288&use=l&cat=p&typeid=i","cat":286694},{"id":186853,"n":"Lessive Capsules Tout-en-1 Skip Touche de Cajoline 24 Lavages","p":10.26,"u":"20,16 €/KG","img":"https://fd13-photos.leclercdrive.fr/image.ashx?id=2956688&use=l&cat=p&typeid=i","cat":284641},{"id":186856,"n":"Lessive Capsules Skip Tout-en-1 Extra Détachant x24","p":10.29,"u":"20,22 €/KG","img":"https://fd13-photos.leclercdrive.fr/image.ashx?id=2956691&use=l&cat=p&typeid=i","cat":284641},{"id":186857,"n":"Lessive Capsules Skip Tout-en-1 Cajoline 36 Lavages","p":13.05,"u":"17,10 €/KG","img":"https://fd13-photos.leclercdrive.fr/image.ashx?id=2929239&use=l&cat=p&typeid=i","cat":284641},{"id":186869,"n":"Préparation pour moelleux  Tablier Blanc - 435g","p":1.93,"u":"4,44 €/KG","img":"https://fd13-photos.leclercdrive.fr/image.ashx?id=2982688&use=l&cat=p&typeid=i","cat":284504},{"id":186870,"n":"Préparation pour moelleux Tablier Blanc citron - 435g","p":1.97,"u":"4,53 €/KG","img":"https://fd13-photos.leclercdrive.fr/image.ashx?id=2982691&use=l&cat=p&typeid=i","cat":284504},{"id":186920,"n":"Tuiles Monster Munch Crazy Original - 150g","p":1.9,"u":"12,67 €/KG","img":"https://fd13-photos.leclercdrive.fr/image.ashx?id=2921735&use=l&cat=p&typeid=i","cat":287899},{"id":186923,"n":"Tuiles Monster Munch  Crazy crème oignon - 150g","p":1.9,"u":"12,67 €/KG","img":"https://fd13-photos.leclercdrive.fr/image.ashx?id=2916881&use=l&cat=p&typeid=i","cat":287899},{"id":186926,"n":"Tuiles Monster Munch Crazy paprika - 150g","p":1.9,"u":"12,67 €/KG","img":"https://fd13-photos.leclercdrive.fr/image.ashx?id=2955339&use=l&cat=p&typeid=i","cat":287899},{"id":186931,"n":"Soin ultra-hydratant Saforelle Le flacon de 500ml","p":11.07,"u":"22,14 €/L","img":"https://fd13-photos.leclercdrive.fr/image.ashx?id=2583434&use=l&cat=p&typeid=i","cat":301348},{"id":186946,"n":"Mouliné Bio Village Bio - légumes variés  - 2x30cl","p":1.69,"u":"5,63 €/L","img":"https://fd13-photos.leclercdrive.fr/image.ashx?id=2404157&use=l&cat=p&typeid=i","cat":284462},{"id":186964,"n":"Nettoyant Mr Propre Bergamote - 1L","p":3.08,"u":"3,08 €/L","img":"https://fd13-photos.leclercdrive.fr/image.ashx?id=2415688&use=l&cat=p&typeid=i","cat":null},{"id":187025,"n":"Lessive Feuilles Magiques Dr Beckmann l'Eclatante x25","p":4.85,"u":"0,19 €/P","img":"https://fd13-photos.leclercdrive.fr/image.ashx?id=3011800&use=l&cat=p&typeid=i","cat":284644},{"id":187028,"n":"Crème de change bébé bio Mots d'enfants - 75ml","p":2.5,"u":"33,33 €/L","img":"https://fd13-photos.leclercdrive.fr/image.ashx?id=3014308&use=l&cat=p&typeid=i","cat":284741},{"id":187029,"n":"Coton-tiges ouatés Inell Boîte - x300 bâtonnets","p":0.73,"img":"https://fd13-photos.leclercdrive.fr/image.ashx?id=2824301&use=l&cat=p&typeid=i","cat":284636},{"id":187210,"n":"Porto Rose Dorrao 18%vol - 75cl","p":7.05,"u":"9,40 €/L","img":"https://fd13-photos.leclercdrive.fr/image.ashx?id=2869865&use=l&cat=p&typeid=i","cat":284913},{"id":187241,"n":"Savon Le Petit Marseillais  Solide amande douce - 2x100g","p":1.86,"u":"9,30 €/KG","img":"https://fd13-photos.leclercdrive.fr/image.ashx?id=2684203&use=l&cat=p&typeid=i","cat":284597},{"id":187280,"n":"Biscuits Oréo pocket 3x246g","p":6.45,"u":"8,74 €/KG","img":"https://fd13-photos.leclercdrive.fr/image.ashx?id=2601217&use=l&cat=p&typeid=i","cat":284488},{"id":187287,"n":"Desserts Lactés P'TIT BRASSE Banane pêche 6M+ - 4x90g","p":2.09,"u":"5,81 €/KG","img":"https://fd13-photos.leclercdrive.fr/image.ashx?id=2616252&use=l&cat=p&typeid=i","cat":312392},{"id":187288,"n":"Desserts Lactés P'TIT BRASSE Poire SSA 6M+ - 4x90g","p":1.96,"u":"5,44 €/KG","img":"https://fd13-photos.leclercdrive.fr/image.ashx?id=2593050&use=l&cat=p&typeid=i","cat":312392},{"id":187293,"n":"Rasoirs jetables Gillette Blue Olympic - Lot 5x4","p":20.77,"u":"1,04 €/P","img":"https://fd13-photos.leclercdrive.fr/image.ashx?id=2497785&use=l&cat=p&typeid=i","cat":284616},{"id":187342,"n":"Bûche Nestlé 3 Chocolats 540g","p":4.82,"u":"8,93 €/KG","img":"https://fd13-photos.leclercdrive.fr/image.ashx?id=2936713&use=l&cat=p&typeid=i","cat":284266},{"id":187343,"n":"Bûche Pilpa Exquise 3 Chocolats - 535g","p":5.27,"u":"9,85 €/KG","img":"https://fd13-photos.leclercdrive.fr/image.ashx?id=2751027&use=l&cat=p&typeid=i","cat":284266},{"id":187344,"n":"Bûche Pilpa Caramel beurre salé - 535g","p":5.27,"u":"9,85 €/KG","img":"https://fd13-photos.leclercdrive.fr/image.ashx?id=2751036&use=l&cat=p&typeid=i","cat":284266},{"id":187345,"n":"Bûche Nestlé Délice à l'Ancienne - 540g","p":5.83,"u":"10,80 €/KG","img":"https://fd13-photos.leclercdrive.fr/image.ashx?id=2749982&use=l&cat=p&typeid=i","cat":284266},{"id":187347,"n":"Bûchettes Pilpa Les délices Pistache Chocolat Café x6 348g","p":3.52,"u":"10,11 €/KG","img":"https://fd13-photos.leclercdrive.fr/image.ashx?id=2395921&use=l&cat=p&typeid=i","cat":284266},{"id":187352,"n":"Bûche Pilpa Caprices des Îles - 564g","p":5.27,"u":"9,34 €/KG","img":"https://fd13-photos.leclercdrive.fr/image.ashx?id=2749961&use=l&cat=p&typeid=i","cat":284266},{"id":187355,"n":"Bûche Signature Eskiss Nougat - 487g","p":5.59,"u":"11,48 €/KG","img":"https://fd13-photos.leclercdrive.fr/image.ashx?id=2974822&use=l&cat=p&typeid=i","cat":284266},{"id":187356,"n":"Bûche Signature Eskiss Coco Mangue - 476g","p":5.59,"u":"11,74 €/KG","img":"https://fd13-photos.leclercdrive.fr/image.ashx?id=2974825&use=l&cat=p&typeid=i","cat":284266},{"id":187357,"n":"Bûche Signature Eskiss Vanille Caramel - 490g","p":5.59,"u":"11,41 €/KG","img":"https://fd13-photos.leclercdrive.fr/image.ashx?id=2974828&use=l&cat=p&typeid=i","cat":284266},{"id":187358,"n":"Bûche Signature Eskiss Façon rocher - 501g","p":5.59,"u":"11,16 €/KG","img":"https://fd13-photos.leclercdrive.fr/image.ashx?id=2974831&use=l&cat=p&typeid=i","cat":284266},{"id":187373,"n":"Soda Fanta exotique 1.25L","p":1.97,"u":"1,58 €/L","img":"https://fd13-photos.leclercdrive.fr/image.ashx?id=2678170&use=l&cat=p&typeid=i","cat":284532},{"id":187374,"n":"Porto Rozès Reserve Ruby 75cl","p":19.89,"u":"26,52 €/L","img":"https://fd13-photos.leclercdrive.fr/image.ashx?id=2398070&use=l&cat=p&typeid=i","cat":284913},{"id":187375,"n":"Porto Rozès Reserve White 75cl","p":16.35,"u":"21,80 €/L","img":"https://fd13-photos.leclercdrive.fr/image.ashx?id=2398067&use=l&cat=p&typeid=i","cat":284913},{"id":187395,"n":"Tortellini Lustucru Selection  Poulet Crème 300g","p":2.32,"u":"7,73 €/KG","img":"https://fd13-photos.leclercdrive.fr/image.ashx?id=2975212&use=l&cat=p&typeid=i","cat":333682},{"id":187403,"n":"Feuilletés Jambon Fromage Eco+ x10 - 650g","p":2.63,"u":"4,05 €/KG","img":"https://fd13-photos.leclercdrive.fr/image.ashx?id=2814851&use=l&cat=p&typeid=i","cat":319776},{"id":187406,"n":"Saumon fumé Ecosse Delpierre 10 tranches - 300g","p":11.45,"u":"38,17 €/KG","img":"https://fd13-photos.leclercdrive.fr/image.ashx?id=2961918&use=l&cat=p&typeid=i","cat":285188},{"id":187448,"n":"Frites ondulées McCain Côté Burger - 650g","p":2.75,"u":"4,23 €/KG","img":"https://fd13-photos.leclercdrive.fr/image.ashx?id=2920027&use=l&cat=p&typeid=i","cat":319791},{"id":187453,"n":"Thé noir Lipton Yellow x100 sachets - 200g","p":3.88,"u":"19,40 €/KG","img":"https://fd13-photos.leclercdrive.fr/image.ashx?id=2517655&use=l&cat=p&typeid=i","cat":293233},{"id":187454,"n":"Crème dessert Sojasun Caramel pointe de sel - 4x100g","p":1.87,"u":"4,68 €/KG","img":"https://fd13-photos.leclercdrive.fr/image.ashx?id=2397349&use=l&cat=p&typeid=i","cat":316071},{"id":187460,"n":"Sous-vêtements de nuit Ninjamas Fille - T7 - x10","p":8.17,"u":"0,82 €/P","img":"https://fd13-photos.leclercdrive.fr/image.ashx?id=2507212&use=l&cat=p&typeid=i","cat":290633},{"id":187461,"n":"Préparation Tablier Blanc Fondant au chocolat - 320g","p":2.19,"u":"6,84 €/KG","img":"https://fd13-photos.leclercdrive.fr/image.ashx?id=2982694&use=l&cat=p&typeid=i","cat":284505},{"id":187470,"n":"Brocolis surgelés Eco+ 900g","p":1.77,"u":"1,97 €/KG","img":"https://fd13-photos.leclercdrive.fr/image.ashx?id=2920906&use=l&cat=p&typeid=i","cat":319805},{"id":187478,"n":"Cordon bleu de poulet Eco+ 200g","p":1.45,"u":"7,25 €/KG","img":"https://fd13-photos.leclercdrive.fr/image.ashx?id=2758294&use=l&cat=p&typeid=i","cat":333683},{"id":187547,"n":"Moutarde Fine & Forte AMORA Flacon Souple - 460g","p":2.38,"u":"5,17 €/KG","img":"https://fd13-photos.leclercdrive.fr/image.ashx?id=2877271&use=l&cat=p&typeid=i","cat":288850},{"id":187564,"n":"Ampoule LED sphérique Philips E14 - 4.3W=40 - Blanc chaud -x1","p":7.68,"u":"Dont 0,29 € d'éco-part.","img":"https://fd13-photos.leclercdrive.fr/image.ashx?id=2507431&use=l&cat=p&typeid=i","cat":300573},{"id":187565,"n":"Ampoule LED sphérique Philips E27 - 4.3W=40 - Blanc chaud -x1","p":7.66,"u":"Dont 0,29 € d'éco-part.","img":"https://fd13-photos.leclercdrive.fr/image.ashx?id=2507434&use=l&cat=p&typeid=i","cat":300573},{"id":187602,"n":"Gousses de vanille Vahiné x4 -","p":8.62,"u":"2,16 €/P","img":"https://fd13-photos.leclercdrive.fr/image.ashx?id=2569428&use=l&cat=p&typeid=i","cat":284504},{"id":187613,"n":"Petits pots bébé P'TITE RECETTE Poisson provençal 12M+ - 2x200g","p":2.2,"u":"5,50 €/KG","img":"https://fd13-photos.leclercdrive.fr/image.ashx?id=2737150&use=l&cat=p&typeid=i","cat":312237},{"id":187667,"n":"Piles alcalines Energizer Max AAA/LR03 - x4","p":5.0,"img":"https://fd13-photos.leclercdrive.fr/image.ashx?id=2689076&use=l&cat=p&typeid=i","cat":300572},{"id":187671,"n":"Piles alcalines Energizer Max AA/LR6 - x4","p":5.0,"img":"https://fd13-photos.leclercdrive.fr/image.ashx?id=2689073&use=l&cat=p&typeid=i","cat":300572},{"id":187690,"n":"Fond de teint L'Oréal Paris Infaillible 140 haute couvrance","p":15.3,"img":"https://fd13-photos.leclercdrive.fr/image.ashx?id=2735365&use=l&cat=p&typeid=i","cat":287029},{"id":187707,"n":"Madeleine Bonne Maman Chocolat - 300g","p":3.63,"u":"12,10 €/KG","img":"https://fd13-photos.leclercdrive.fr/image.ashx?id=2957020&use=l&cat=p&typeid=i","cat":284492},{"id":187710,"n":"Petites madeleines St Michel Nature - 4x85g","p":2.54,"u":"7,47 €/KG","img":"https://fd13-photos.leclercdrive.fr/image.ashx?id=2936206&use=l&cat=p&typeid=i","cat":284492},{"id":187712,"n":"Cake moelleux St Michel 500g","p":2.64,"u":"5,28 €/KG","img":"https://fd13-photos.leclercdrive.fr/image.ashx?id=2399508&use=l&cat=p&typeid=i","cat":284493},{"id":187719,"n":"Biscuit Chocorico St Michel 225g","p":1.93,"u":"8,58 €/KG","img":"https://fd13-photos.leclercdrive.fr/image.ashx?id=2949994&use=l&cat=p&typeid=i","cat":284488},{"id":187929,"n":"Nouilles Sautées Yakisoba Classique - 93g","p":1.61,"u":"17,31 €/KG","img":"https://fd13-photos.leclercdrive.fr/image.ashx?id=2536140&use=l&cat=p&typeid=i","cat":288992},{"id":187930,"n":"Nouilles Sautées Yakisoba Poulet - 93g","p":1.9,"u":"20,43 €/KG","img":"https://fd13-photos.leclercdrive.fr/image.ashx?id=2536143&use=l&cat=p&typeid=i","cat":288992},{"id":187933,"n":"Nouilles sautées Yakisoba  BBQ - 93g","p":1.81,"u":"19,46 €/KG","img":"https://fd13-photos.leclercdrive.fr/image.ashx?id=2536152&use=l&cat=p&typeid=i","cat":288992},{"id":187934,"n":"Nouilles sautées Yakisoba Pad Thai - 93g","p":1.77,"u":"19,03 €/KG","img":"https://fd13-photos.leclercdrive.fr/image.ashx?id=2536155&use=l&cat=p&typeid=i","cat":288992},{"id":187986,"n":"Déodorant stick Mennen  Homme intraçable 72h - 60ml","p":4.12,"u":"68,67 €/L","img":"https://fd13-photos.leclercdrive.fr/image.ashx?id=2402346&use=l&cat=p&typeid=i","cat":284618},{"id":187987,"n":"Déodorant stick Homme Mennen 24H Musk Sans Alcool - 60ml","p":3.17,"u":"52,83 €/L","img":"https://fd13-photos.leclercdrive.fr/image.ashx?id=2869113&use=l&cat=p&typeid=i","cat":284618},{"id":187989,"n":"Lait corps hydratant Mixa Raffermissant  - 250ml","p":4.05,"u":"16,20 €/L","img":"https://fd13-photos.leclercdrive.fr/image.ashx?id=2402358&use=l&cat=p&typeid=i","cat":325349},{"id":187990,"n":"Lait Corps Réparateur Mixa Peau abîmée desséchée - 300ml","p":4.01,"u":"13,37 €/L","img":"https://fd13-photos.leclercdrive.fr/image.ashx?id=2908186&use=l&cat=p&typeid=i","cat":325349},{"id":187999,"n":"Lait Corps réparateur Mixa Peaux desséchées - 300ml","p":3.65,"u":"12,17 €/L","img":"https://fd13-photos.leclercdrive.fr/image.ashx?id=2402394&use=l&cat=p&typeid=i","cat":325349},{"id":188001,"n":"Gel coiffant Vivelle DOP Fixation Extrême - 190ml","p":3.79,"u":"19,95 €/L","img":"https://fd13-photos.leclercdrive.fr/image.ashx?id=2402403&use=l&cat=p&typeid=i","cat":284609},{"id":188003,"n":"Gel Coiffant Béton Dop Vivelle Fixation 24h - 190ml","p":3.69,"u":"19,42 €/L","img":"https://fd13-photos.leclercdrive.fr/image.ashx?id=2402406&use=l&cat=p&typeid=i","cat":284609},{"id":188011,"n":"Tablette de chocolat Lindt Lait noisettes - 2x100g","p":4.76,"u":"23,80 €/KG","img":"https://fd13-photos.leclercdrive.fr/image.ashx?id=2654614&use=l&cat=p&typeid=i","cat":284497},{"id":188013,"n":"Tablette de chocolat Lindt Lait extra fin - 3x100g","p":5.74,"u":"19,13 €/KG","img":"https://fd13-photos.leclercdrive.fr/image.ashx?id=2655853&use=l&cat=p&typeid=i","cat":284497},{"id":188015,"n":"Cœurs de palmier D'aucy  125g","p":4.24,"u":"19,27 €/KG","img":"https://fd13-photos.leclercdrive.fr/image.ashx?id=2401369&use=l&cat=p&typeid=i","cat":312611},{"id":188112,"n":"Piles alcalines Energizer Max Plus AA/LR6 - Pack de 10","p":11.99,"img":"https://fd13-photos.leclercdrive.fr/image.ashx?id=2737195&use=l&cat=p&typeid=i","cat":300572},{"id":188113,"n":"Piles alcalines Energizer Max Plus AAA/LR03 - Pack de 10","p":12.05,"img":"https://fd13-photos.leclercdrive.fr/image.ashx?id=2403166&use=l&cat=p&typeid=i","cat":300572},{"id":188160,"n":"Whisky Roe & Co  45% vol. - 70cl","p":30.45,"u":"43,50 €/L","img":"https://fd13-photos.leclercdrive.fr/image.ashx?id=2525405&use=l&cat=p&typeid=i","cat":284547},{"id":188287,"n":"Haché de dinde Maître Coq 350g","p":3.95,"u":"11,29 €/KG","img":"https://fd13-photos.leclercdrive.fr/image.ashx?id=2788538&use=l&cat=p&typeid=i","cat":284337},{"id":188294,"n":"Jambon Le Bon Paris Herta À l'étouffé x2 - 85g","p":1.48,"u":"17,41 €/KG","img":"https://fd13-photos.leclercdrive.fr/image.ashx?id=2566263&use=l&cat=p&typeid=i","cat":316009},{"id":188295,"n":"Jambon Le Bon Paris Herta À l'étouffée x4 - 170g","p":2.09,"u":"12,29 €/KG","img":"https://fd13-photos.leclercdrive.fr/image.ashx?id=2731390&use=l&cat=p&typeid=i","cat":316009},{"id":188296,"n":"Jambon Le Bon Paris Herta À l'étouffée x6 - 255g","p":2.94,"u":"11,53 €/KG","img":"https://fd13-photos.leclercdrive.fr/image.ashx?id=2418720&use=l&cat=p&typeid=i","cat":316009},{"id":188297,"n":"Jambon Le Bon Paris Herta À l'étouffée x8 - 340g","p":3.86,"u":"11,35 €/KG","img":"https://fd13-photos.leclercdrive.fr/image.ashx?id=2921519&use=l&cat=p&typeid=i","cat":316009},{"id":188299,"n":"Jambon Le Bon Paris Herta À l'étouffée x10 - 425g","p":4.77,"u":"11,22 €/KG","img":"https://fd13-photos.leclercdrive.fr/image.ashx?id=2757599&use=l&cat=p&typeid=i","cat":316009},{"id":188382,"n":"Ail blanc bio Bio Village 250g","p":3.79,"u":"15,16 €/KG","img":"https://fd13-photos.leclercdrive.fr/image.ashx?id=2922457&use=l&cat=p&typeid=i","cat":284352},{"id":188703,"n":"Aubergine Eco+ 500g","p":0.99,"u":"1,98 €/KG","img":"https://fd13-photos.leclercdrive.fr/image.ashx?id=2907153&use=l&cat=p&typeid=i","cat":284352},{"id":188707,"n":"Aubergine Bio Bio Village x2","p":2.99,"u":"1,50 €/P","img":"https://fd13-photos.leclercdrive.fr/image.ashx?id=2928333&use=l&cat=p&typeid=i","cat":284352},{"id":188720,"n":"Avocat Bio Bio Village En barquette x2","p":3.59,"u":"1,80 €/P","img":"https://fd13-photos.leclercdrive.fr/image.ashx?id=2551984&use=l&cat=p&typeid=i","cat":284352},{"id":188739,"n":"Avocats Eco+ Filet x3","p":1.99,"u":"0,66 €/P","img":"https://fd13-photos.leclercdrive.fr/image.ashx?id=2373009&use=l&cat=p&typeid=i","cat":284352},{"id":188796,"n":"Bananes Panier du Primeur x5","p":1.69,"u":"0,34 €/P","img":"https://fd13-photos.leclercdrive.fr/image.ashx?id=2302456&use=l&cat=p&typeid=i","cat":284356},{"id":189048,"n":"Carottes filière  Panier du Primeur - 1kg","p":1.49,"u":"1,49 €/KG","img":"https://fd13-photos.leclercdrive.fr/image.ashx?id=2920229&use=l&cat=p&typeid=i","cat":284352},{"id":189069,"n":"Carottes Eco+ Sachet de 2kg","p":1.89,"u":"0,95 €/KG","img":"https://fd13-photos.leclercdrive.fr/image.ashx?id=2922376&use=l&cat=p&typeid=i","cat":284352},{"id":189756,"n":"Citrons bio Bio Village Sachet x4","p":1.99,"u":"0,50 €/P","img":"https://fd13-photos.leclercdrive.fr/image.ashx?id=2805063&use=l&cat=p&typeid=i","cat":284356},{"id":189795,"n":"Citrons jaunes non traités Panier du Primeur Sachet x4","p":1.89,"u":"0,47 €/P","img":"https://fd13-photos.leclercdrive.fr/image.ashx?id=2930906&use=l&cat=p&typeid=i","cat":284356},{"id":189924,"n":"Concombre 1p","p":1.99,"img":"https://fd13-photos.leclercdrive.fr/image.ashx?id=1631895&use=l&cat=p&typeid=i","cat":284352},{"id":190491,"n":"Echalotes Eco+ Filet 500g","p":1.19,"u":"2,38 €/KG","img":"https://fd13-photos.leclercdrive.fr/image.ashx?id=2777946&use=l&cat=p&typeid=i","cat":284352},{"id":190572,"n":"Endives jeunes pousses  Nos Régions ont du Talent x6","p":2.49,"u":"9,58 €/KG","img":"https://fd13-photos.leclercdrive.fr/image.ashx?id=2778099&use=l&cat=p&typeid=i","cat":284352},{"id":190899,"n":"Tomates rondes Eco+ Filet 1kg","p":1.89,"u":"1,89 €/KG","img":"https://fd13-photos.leclercdrive.fr/image.ashx?id=2769420&use=l&cat=p&typeid=i","cat":284352},{"id":190950,"n":"Tomate ronde grappe Bio Village Bio - 500g","p":2.49,"u":"4,98 €/KG","img":"https://fd13-photos.leclercdrive.fr/image.ashx?id=2551996&use=l&cat=p&typeid=i","cat":284352},{"id":191139,"n":"Patate douce bio Bio Village 500g","p":2.49,"u":"4,98 €/KG","img":"https://fd13-photos.leclercdrive.fr/image.ashx?id=2934805&use=l&cat=p&typeid=i","cat":284352},{"id":191228,"n":"Persil plat la botte  1 p","p":1.34,"img":"https://fd13-photos.leclercdrive.fr/image.ashx?id=563967&use=l&cat=p&typeid=i","cat":293607},{"id":191325,"n":"Kaki 1p","p":0.89,"img":"https://fd13-photos.leclercdrive.fr/image.ashx?id=1628367&use=l&cat=p&typeid=i","cat":284356},{"id":191661,"n":"Pommes de terre Bio Bio Village Vapeur et sautées  - 1.5kg","p":2.99,"u":"1,99 €/KG","img":"https://fd13-photos.leclercdrive.fr/image.ashx?id=2960535&use=l&cat=p&typeid=i","cat":284352},{"id":191748,"n":"Pomme de terre Bio Bio Village Four Potage - 1.5kg","p":2.99,"u":"1,99 €/KG","img":"https://fd13-photos.leclercdrive.fr/image.ashx?id=2959752&use=l&cat=p&typeid=i","cat":284352},{"id":191967,"n":"Pomme de terre de consommation Eco+ 5kg","p":2.99,"u":"0,60 €/KG","img":"https://fd13-photos.leclercdrive.fr/image.ashx?id=2888926&use=l&cat=p&typeid=i","cat":284352},{"id":192025,"n":"Pomme de terre filière vapeur  sautées Panier du Primeur - 2kg","p":2.29,"u":"1,15 €/KG","img":"https://fd13-photos.leclercdrive.fr/image.ashx?id=2959644&use=l&cat=p&typeid=i","cat":284352},{"id":192030,"n":"Pomme de terre pour frites Panier du Primeur - 2kg","p":2.29,"u":"1,15 €/KG","img":"https://fd13-photos.leclercdrive.fr/image.ashx?id=2959737&use=l&cat=p&typeid=i","cat":284352},{"id":192033,"n":"Pomme de terre Panier Primeur Micro-ondes - 750g","p":1.79,"u":"2,39 €/KG","img":"https://fd13-photos.leclercdrive.fr/image.ashx?id=2649903&use=l&cat=p&typeid=i","cat":284352},{"id":192060,"n":"Pommes de terre Grenailles  Panier du Primeur - 1kg","p":1.99,"u":"1,99 €/KG","img":"https://fd13-photos.leclercdrive.fr/image.ashx?id=2233214&use=l&cat=p&typeid=i","cat":284352},{"id":192159,"n":"Pommes de terre Eco+ 1.5kg","p":0.99,"u":"0,66 €/KG","img":"https://fd13-photos.leclercdrive.fr/image.ashx?id=2282349&use=l&cat=p&typeid=i","cat":284352},{"id":192543,"n":"Pomme jaune bio Bio Village x4","p":1.99,"u":"0,50 €/P","img":"https://fd13-photos.leclercdrive.fr/image.ashx?id=2556544&use=l&cat=p&typeid=i","cat":284356},{"id":192618,"n":"Pommes bicolores bio Bio Village Barquette x4","p":1.99,"u":"0,50 €/P","img":"https://fd13-photos.leclercdrive.fr/image.ashx?id=2556538&use=l&cat=p&typeid=i","cat":284356},{"id":192645,"n":"Pommes jaunes Panier du Primeur x6","p":2.49,"u":"0,42 €/P","img":"https://fd13-photos.leclercdrive.fr/image.ashx?id=2338700&use=l&cat=p&typeid=i","cat":284356},{"id":192748,"n":"Pommes Bicolores Eco+ Sachet 2kg","p":2.99,"u":"1,50 €/KG","img":"https://fd13-photos.leclercdrive.fr/image.ashx?id=2537872&use=l&cat=p&typeid=i","cat":284356},{"id":192763,"n":"Pommes bicolores Panier Primeur HVE - Sachet 1.5kg","p":2.99,"u":"1,99 €/KG","img":"https://fd13-photos.leclercdrive.fr/image.ashx?id=2928279&use=l&cat=p&typeid=i","cat":284356},{"id":193068,"n":"Poivron Bicolore bio Bio Village x2","p":2.79,"u":"1,40 €/P","img":"https://fd13-photos.leclercdrive.fr/image.ashx?id=2960541&use=l&cat=p&typeid=i","cat":284352},{"id":193104,"n":"Poireau Botte 1kg","p":2.37,"u":"2,37 €/KG","img":"https://fd13-photos.leclercdrive.fr/image.ashx?id=1633169&use=l&cat=p&typeid=i","cat":284352},{"id":193248,"n":"Poire bio Bio Village Barquette x4","p":2.99,"u":"0,75 €/P","img":"https://fd13-photos.leclercdrive.fr/image.ashx?id=2552002&use=l&cat=p&typeid=i","cat":284356},{"id":193533,"n":"Kiwis Bio Bio Village x6","p":3.49,"u":"0,58 €/P","img":"https://fd13-photos.leclercdrive.fr/image.ashx?id=2556443&use=l&cat=p&typeid=i","cat":284356},{"id":193554,"n":"Kiwi Panier du Primeur Filière Mûrs à point - x6","p":3.99,"u":"0,67 €/P","img":"https://fd13-photos.leclercdrive.fr/image.ashx?id=2955047&use=l&cat=p&typeid=i","cat":284356},{"id":194064,"n":"Jambon Le Bon Paris Herta  sans nitrite x6 - 210g","p":3.46,"u":"16,48 €/KG","img":"https://fd13-photos.leclercdrive.fr/image.ashx?id=2731396&use=l&cat=p&typeid=i","cat":316009},{"id":194066,"n":"Jambon Le Bon Paris Herta  Torchon sans nitrite x4 - 140g","p":3.13,"u":"22,36 €/KG","img":"https://fd13-photos.leclercdrive.fr/image.ashx?id=2995070&use=l&cat=p&typeid=i","cat":316009},{"id":194073,"n":"Jambon Le Bon Paris Herta -25% de sel x4 - 140g","p":2.39,"u":"17,07 €/KG","img":"https://fd13-photos.leclercdrive.fr/image.ashx?id=2995067&use=l&cat=p&typeid=i","cat":316009},{"id":194075,"n":"Jambon Le Bon Paris Herta -25%  de sel sans nitrite x4 - 140g","p":2.6,"u":"18,57 €/KG","img":"https://fd13-photos.leclercdrive.fr/image.ashx?id=2910124&use=l&cat=p&typeid=i","cat":316009},{"id":194078,"n":"Jambon Le Bon Paris Herta Fumé x4 - 140g","p":2.47,"u":"17,64 €/KG","img":"https://fd13-photos.leclercdrive.fr/image.ashx?id=2918664&use=l&cat=p&typeid=i","cat":316009},{"id":194081,"n":"Jambon Le Bon Paris Fumé Herta sans nitrite x4 - 140g","p":2.77,"u":"19,79 €/KG","img":"https://fd13-photos.leclercdrive.fr/image.ashx?id=2881807&use=l&cat=p&typeid=i","cat":316009},{"id":194087,"n":"Multipack barquette chien adulte Edgard et Cooper 6x100g","p":7.72,"u":"12,87 €/KG","img":"https://fd13-photos.leclercdrive.fr/image.ashx?id=2406214&use=l&cat=p&typeid=i","cat":284673},{"id":194088,"n":"Barquette chien poulet dinde Edgard et Cooper - 300g","p":2.42,"u":"8,07 €/KG","img":"https://fd13-photos.leclercdrive.fr/image.ashx?id=2406217&use=l&cat=p&typeid=i","cat":284673},{"id":194089,"n":"Barquette chiot Edgar et Cooper Poulet/canard - 300g","p":2.44,"u":"8,13 €/KG","img":"https://fd13-photos.leclercdrive.fr/image.ashx?id=2406220&use=l&cat=p&typeid=i","cat":284673},{"id":194284,"n":"Machstick chien moyen fraise et menthe Edgard Cooper - 160g","p":4.19,"u":"26,19 €/KG","img":"https://fd13-photos.leclercdrive.fr/image.ashx?id=2407952&use=l&cat=p&typeid=i","cat":294527},{"id":194292,"n":"Croquette chien poulet Edgard et Cooper - 1kg","p":8.84,"u":"8,84 €/KG","img":"https://fd13-photos.leclercdrive.fr/image.ashx?id=2407964&use=l&cat=p&typeid=i","cat":284672},{"id":194293,"n":"Croquette chiot poulet Edgard et Cooper - 1kg","p":7.74,"u":"7,74 €/KG","img":"https://fd13-photos.leclercdrive.fr/image.ashx?id=2407967&use=l&cat=p&typeid=i","cat":284672},{"id":194296,"n":"Bloc de fromage Leerdammer Le Moelleux - 250g","p":3.68,"u":"14,72 €/KG","img":"https://fd13-photos.leclercdrive.fr/image.ashx?id=2421606&use=l&cat=p&typeid=i","cat":314034},{"id":194297,"n":"Tranches de fromage Leerdammer L'Original - 8 Tranches - 200g","p":2.45,"u":"12,25 €/KG","img":"https://fd13-photos.leclercdrive.fr/image.ashx?id=2489199&use=l&cat=p&typeid=i","cat":314028},{"id":194298,"n":"Tranches de fromage Leerdammer L'Original - 16 Tranches - 400g","p":4.61,"u":"11,53 €/KG","img":"https://fd13-photos.leclercdrive.fr/image.ashx?id=2489196&use=l&cat=p&typeid=i","cat":314028},{"id":194299,"n":"Tranches de fromage Leerdammer Le Moelleux-10 Tranches-250g","p":3.85,"u":"15,40 €/KG","img":"https://fd13-photos.leclercdrive.fr/image.ashx?id=2507599&use=l&cat=p&typeid=i","cat":314028},{"id":194302,"n":"Tranches de fromage Leerdammer Le Moelleux - 6 Tranches - 150g","p":2.54,"u":"16,93 €/KG","img":"https://fd13-photos.leclercdrive.fr/image.ashx?id=2507590&use=l&cat=p&typeid=i","cat":314028},{"id":194310,"n":"Bonbons KINDER Schoko-Bons Chocolat blanc - 200G","p":3.85,"u":"19,25 €/KG","img":"https://fd13-photos.leclercdrive.fr/image.ashx?id=2406265&use=l&cat=p&typeid=i","cat":304238},{"id":194329,"n":"Huile végétale amande douce bio 250ml","p":17.88,"u":"71,52 €/L","img":"https://fd13-photos.leclercdrive.fr/image.ashx?id=2407646&use=l&cat=p&typeid=i","cat":290422},{"id":194333,"n":"Soin yeux Vichy Minéral Fortifiant & réparateur - 15ml","p":16.95,"img":"https://fd13-photos.leclercdrive.fr/image.ashx?id=2406043&use=l&cat=p&typeid=i","cat":291172},{"id":194334,"n":"Fluide Capital Soleil Vichy SPF50  - 40ml","p":16.49,"u":"412,25 €/L","img":"https://fd13-photos.leclercdrive.fr/image.ashx?id=3001365&use=l&cat=p&typeid=i","cat":290396},{"id":194699,"n":"Lait Corps Nourissant Mixa Effet Soleil - 250ml","p":4.57,"u":"18,28 €/L","img":"https://fd13-photos.leclercdrive.fr/image.ashx?id=2409379&use=l&cat=p&typeid=i","cat":325349},{"id":195919,"n":"Jambon Le Bon Paris Herta  sans nitrite x2 - 70g","p":1.81,"u":"25,86 €/KG","img":"https://fd13-photos.leclercdrive.fr/image.ashx?id=2413531&use=l&cat=p&typeid=i","cat":316009},{"id":195960,"n":"Coton-tiges bébé Mots d'Enfants Bio - x60","p":0.65,"u":"0,01 €/P","img":"https://fd13-photos.leclercdrive.fr/image.ashx?id=3015129&use=l&cat=p&typeid=i","cat":284739},{"id":195965,"n":"Mascara waterproof Maybelline Sky High volume & longueur Noir","p":8.95,"pp":5.91,"img":"https://fd13-photos.leclercdrive.fr/image.ashx?id=2833153&use=l&cat=p&typeid=i","cat":287029},{"id":195969,"n":"Mascara Telescopic L'Oréal  Noir - x1","p":12.95,"img":"https://fd13-photos.leclercdrive.fr/image.ashx?id=2997046&use=l&cat=p&typeid=i","cat":287029},{"id":195972,"n":"Mascara L'Oréal Paris  Pro XXL effet rehaussement cils","p":14.68,"img":"https://fd13-photos.leclercdrive.fr/image.ashx?id=2412837&use=l&cat=p&typeid=i","cat":287029},{"id":195981,"n":"Liquide vaisselle Excel Paic Anti-odeur actif à froid -500ml","p":2.15,"u":"4,30 €/L","img":"https://fd13-photos.leclercdrive.fr/image.ashx?id=2413176&use=l&cat=p&typeid=i","cat":284655},{"id":195983,"n":"Liquide vaisselle Excel Paic Dégraissant actif à froid 500ml","p":1.89,"u":"3,78 €/L","img":"https://fd13-photos.leclercdrive.fr/image.ashx?id=2413182&use=l&cat=p&typeid=i","cat":284655},{"id":195985,"n":"Mascara Volume L'Oréal Paris Pro Xxl Effet Faux Cils","p":12.79,"img":"https://fd13-photos.leclercdrive.fr/image.ashx?id=2412840&use=l&cat=p&typeid=i","cat":287029},{"id":196116,"n":"Jambon Le Bon Paris Herta  -25% Sel x6 - 210g","p":2.72,"u":"12,95 €/KG","img":"https://fd13-photos.leclercdrive.fr/image.ashx?id=2707750&use=l&cat=p&typeid=i","cat":316009},{"id":196120,"n":"Jambon Le Bon Paris Herta Broche x4 - 140g","p":2.72,"u":"19,43 €/KG","img":"https://fd13-photos.leclercdrive.fr/image.ashx?id=3008158&use=l&cat=p&typeid=i","cat":316009},{"id":196123,"n":"Eyeliner L'Oréal Paris  Infaillible Waterproof Noir","p":9.0,"img":"https://fd13-photos.leclercdrive.fr/image.ashx?id=2419179&use=l&cat=p&typeid=i","cat":287029},{"id":196175,"n":"Capsules Starbucks by Nespresso  House Blend Int 8 - x18","p":6.05,"u":"58,74 €/KG","img":"https://fd13-photos.leclercdrive.fr/image.ashx?id=3009113&use=l&cat=p&typeid=i","cat":284749},{"id":196176,"n":"Capsules Starbucks by Nespresso  Espresso Roast Int 11 - x18","p":6.05,"u":"58,74 €/KG","img":"https://fd13-photos.leclercdrive.fr/image.ashx?id=2737144&use=l&cat=p&typeid=i","cat":284749},{"id":196177,"n":"Gin Acmé - 41.5% vol. 70cl","p":25.0,"u":"35,71 €/L","img":"https://fd13-photos.leclercdrive.fr/image.ashx?id=2646392&use=l&cat=p&typeid=i","cat":284550},{"id":196179,"n":"Brioches Pitch pâte à tartiner x7 - 262g","p":2.91,"u":"11,11 €/KG","img":"https://fd13-photos.leclercdrive.fr/image.ashx?id=2454097&use=l&cat=p&typeid=i","cat":293505},{"id":196241,"n":"Jambon supérieur Eco+ Sans couenne 4 tranches - 160g","p":1.38,"u":"8,63 €/KG","img":"https://fd13-photos.leclercdrive.fr/image.ashx?id=2744407&use=l&cat=p&typeid=i","cat":316009},{"id":196266,"n":"Mousse à Raser 0% Alcool Mennen Peaux sensibles - 250ml","p":2.25,"u":"9,00 €/L","img":"https://fd13-photos.leclercdrive.fr/image.ashx?id=2661733&use=l&cat=p&typeid=i","cat":284617},{"id":196267,"n":"Mousse à Raser 0% Alcool Mennen Hypoallergénique - 250ml","p":2.25,"u":"9,00 €/L","img":"https://fd13-photos.leclercdrive.fr/image.ashx?id=2661736&use=l&cat=p&typeid=i","cat":284617},{"id":196278,"n":"Crème à récurer CIF Citron CleanBoost 101 Usages 750ml","p":2.66,"u":"3,55 €/L","img":"https://fd13-photos.leclercdrive.fr/image.ashx?id=2948540&use=l&cat=p&typeid=i","cat":325357},{"id":196320,"n":"Jambon supérieur Eco+ Avec couenne 6 tranches - 240g","p":2.14,"u":"8,92 €/KG","img":"https://fd13-photos.leclercdrive.fr/image.ashx?id=2706553&use=l&cat=p&typeid=i","cat":316009},{"id":196321,"n":"Jambon supérieur Eco+ Sans couenne 6 tranches - 240g","p":2.09,"u":"8,71 €/KG","img":"https://fd13-photos.leclercdrive.fr/image.ashx?id=2706556&use=l&cat=p&typeid=i","cat":316009},{"id":196431,"n":"Beurre Nature de Breton  Demi-sel - 80% MG - 250g","p":2.64,"u":"10,56 €/KG","img":"https://fd13-photos.leclercdrive.fr/image.ashx?id=2872042&use=l&cat=p&typeid=i","cat":284379},{"id":196439,"n":"Beurre Nature de Breton Doux - 82% MG - 250g","p":2.63,"u":"10,52 €/KG","img":"https://fd13-photos.leclercdrive.fr/image.ashx?id=2872039&use=l&cat=p&typeid=i","cat":284379},{"id":196566,"n":"Fromage de Chèvre Chavroux Frais Nature - 150g","p":2.07,"u":"13,80 €/KG","img":"https://fd13-photos.leclercdrive.fr/image.ashx?id=2912161&use=l&cat=p&typeid=i","cat":314031},{"id":196647,"n":"Spray dégraissant Chanteclair Universel Marseille - 600ml","p":2.33,"u":"3,88 €/L","img":"https://fd13-photos.leclercdrive.fr/image.ashx?id=2419743&use=l&cat=p&typeid=i","cat":325357},{"id":196676,"n":"Rhum St James Royal ambre 45d - 1l","p":21.79,"u":"48,42 €/L","img":"https://fd13-photos.leclercdrive.fr/image.ashx?id=2962587&use=l&cat=p&typeid=i","cat":284550},{"id":196686,"n":"Pizza Numero Uno Italpizza Prosciutto & Funghi - 440g","p":3.48,"u":"7,91 €/KG","img":"https://fd13-photos.leclercdrive.fr/image.ashx?id=2419758&use=l&cat=p&typeid=i","cat":284256},{"id":196688,"n":"Pizza Numero Uno Italpizza Salamino - 410g","p":3.5,"u":"8,54 €/KG","img":"https://fd13-photos.leclercdrive.fr/image.ashx?id=2419755&use=l&cat=p&typeid=i","cat":284256},{"id":196798,"n":"Lait en poudre Picot  1er âge - 850g","p":17.85,"u":"21,00 €/KG","img":"https://fd13-photos.leclercdrive.fr/image.ashx?id=2925421&use=l&cat=p&typeid=i","cat":284726},{"id":196799,"n":"Lait en poudre Picot 2ème âge - 850g","p":14.58,"u":"17,15 €/KG","img":"https://fd13-photos.leclercdrive.fr/image.ashx?id=2925424&use=l&cat=p&typeid=i","cat":284727},{"id":196800,"n":"Lait de croissance Picot 3ème âge - 850g","p":11.62,"u":"13,67 €/KG","img":"https://fd13-photos.leclercdrive.fr/image.ashx?id=2925427&use=l&cat=p&typeid=i","cat":290219},{"id":196857,"n":"Ramen avec sauce soja Oyakata 63g","p":1.48,"u":"23,49 €/KG","img":"https://fd13-photos.leclercdrive.fr/image.ashx?id=2536161&use=l&cat=p&typeid=i","cat":288992},{"id":196965,"n":"Liqueur de menthe Get 27 17,9° - 70cl","p":12.21,"u":"17,44 €/L","img":"https://fd13-photos.leclercdrive.fr/image.ashx?id=2835565&use=l&cat=p&typeid=i","cat":286032},{"id":197351,"n":"Yaourt ferments lactiques Alsa Onctueux 4 sachets - 8g","p":2.95,"u":"368,75 €/KG","img":"https://fd13-photos.leclercdrive.fr/image.ashx?id=2999832&use=l&cat=p&typeid=i","cat":284505},{"id":197356,"n":"Tablette de chocolat Lindt Double lait - 2X100G","p":4.65,"u":"23,25 €/KG","img":"https://fd13-photos.leclercdrive.fr/image.ashx?id=2654617&use=l&cat=p&typeid=i","cat":284497},{"id":197518,"n":"Moutarde Fine et Forte 340g","p":3.01,"u":"8,85 €/KG","img":"https://fd13-photos.leclercdrive.fr/image.ashx?id=2428732&use=l&cat=p&typeid=i","cat":288850},{"id":197625,"n":"Tablette de chocolat noir Lindt 3x100g","p":4.57,"u":"15,23 €/KG","img":"https://fd13-photos.leclercdrive.fr/image.ashx?id=2721422&use=l&cat=p&typeid=i","cat":284956},{"id":197697,"n":"Crème de nuit L'Oréal Paris Age perfect Anti-âge - 50ml","p":11.97,"pp":7.9,"u":"158,00 €/L","img":"https://fd13-photos.leclercdrive.fr/image.ashx?id=2428441&use=l&cat=p&typeid=i","cat":325345},{"id":197713,"n":"Fromage à Tartiner St Môret  Nature - 500g","p":5.46,"u":"10,92 €/KG","img":"https://fd13-photos.leclercdrive.fr/image.ashx?id=2427991&use=l&cat=p&typeid=i","cat":314029},{"id":197901,"n":"Citron jaune Rustica 500ml","p":1.93,"u":"3,86 €/L","img":"https://fd13-photos.leclercdrive.fr/image.ashx?id=2453947&use=l&cat=p&typeid=i","cat":288383},{"id":197930,"n":"Kiwi jaune Panier du Primeur x4","p":3.49,"u":"0,87 €/P","img":"https://fd13-photos.leclercdrive.fr/image.ashx?id=2928303&use=l&cat=p&typeid=i","cat":284356},{"id":198054,"n":"AOP vin rouge Bordeaux  Mouton Cadet - 1.5L","p":18.29,"u":"12,19 €/L","img":"https://fd13-photos.leclercdrive.fr/image.ashx?id=2986395&use=l&cat=p&typeid=i","cat":289556},{"id":198193,"n":"Bière Lindemans framboise 25cl","p":2.0,"u":"8,00 €/L","img":"https://fd13-photos.leclercdrive.fr/image.ashx?id=2433458&use=l&cat=p&typeid=i","cat":334872},{"id":198195,"n":"Bière Lindemans New Pecheresse 25cl","p":1.85,"u":"7,40 €/L","img":"https://fd13-photos.leclercdrive.fr/image.ashx?id=2433461&use=l&cat=p&typeid=i","cat":334872},{"id":198200,"n":"Bière Lindemans New Faro  25cl","p":1.57,"u":"6,28 €/L","img":"https://fd13-photos.leclercdrive.fr/image.ashx?id=2433464&use=l&cat=p&typeid=i","cat":334872},{"id":198268,"n":"Gin Bombay Citron Pressé 37,5° - 70cl","p":24.63,"u":"35,19 €/L","img":"https://fd13-photos.leclercdrive.fr/image.ashx?id=2842951&use=l&cat=p&typeid=i","cat":284550},{"id":198319,"n":"Boisson énergisante Monster Mango loco - 4x50cl","p":6.16,"u":"3,08 €/L","img":"https://fd13-photos.leclercdrive.fr/image.ashx?id=2983465&use=l&cat=p&typeid=i","cat":284533},{"id":198338,"n":"Confiture Douceur du Verger Fraise intense - 320 g","p":1.42,"u":"4,44 €/KG","img":"https://fd13-photos.leclercdrive.fr/image.ashx?id=2965605&use=l&cat=p&typeid=i","cat":284480},{"id":198348,"n":"Confiture Douceur du Verger Abricot intense - 320 g","p":1.42,"u":"4,44 €/KG","img":"https://fd13-photos.leclercdrive.fr/image.ashx?id=2965608&use=l&cat=p&typeid=i","cat":284480},{"id":198356,"n":"Confiture Douceur du Verger 3 agrumes Intense - 320g","p":1.66,"u":"5,19 €/KG","img":"https://fd13-photos.leclercdrive.fr/image.ashx?id=2966376&use=l&cat=p&typeid=i","cat":284480},{"id":198523,"n":"Desserts Lactés P'TIT ONCTUEUX Fromage blanc 6M+ - 4x90g","p":2.07,"u":"5,75 €/KG","img":"https://fd13-photos.leclercdrive.fr/image.ashx?id=2435707&use=l&cat=p&typeid=i","cat":312392},{"id":198524,"n":"Desserts Lactés P'TIT ONCTUEUX Banane 6M+ - 4x90g","p":1.97,"u":"5,47 €/KG","img":"https://fd13-photos.leclercdrive.fr/image.ashx?id=2435710&use=l&cat=p&typeid=i","cat":312392},{"id":198535,"n":"Velouté Knorr Légumes français -1L","p":3.34,"u":"3,34 €/L","img":"https://fd13-photos.leclercdrive.fr/image.ashx?id=2435935&use=l&cat=p&typeid=i","cat":284462},{"id":198545,"n":"Rhum Bumbu XO 40%vol. - 70cl","p":45.8,"u":"65,43 €/L","img":"https://fd13-photos.leclercdrive.fr/image.ashx?id=2438117&use=l&cat=p&typeid=i","cat":284550},{"id":198794,"n":"Protège-slips Doulys Ultra-mince Long - x30","p":1.25,"u":"0,04 €/P","img":"https://fd13-photos.leclercdrive.fr/image.ashx?id=2882343&use=l&cat=p&typeid=i","cat":284625},{"id":198796,"n":"Tondeuse à barbe Gillette King C Gillette Style Master","p":37.5,"img":"https://fd13-photos.leclercdrive.fr/image.ashx?id=2644845&use=l&cat=p&typeid=i","cat":284616},{"id":198799,"n":"Lames de rasoir Venus Gillette Satin care - x4","p":18.6,"u":"4,65 €/P","img":"https://fd13-photos.leclercdrive.fr/image.ashx?id=2466784&use=l&cat=p&typeid=i","cat":325352},{"id":198835,"n":"Gel à raser Satin Care Gillette Nettoyant 2 en 1 - 190ML","p":11.59,"u":"61,00 €/L","img":"https://fd13-photos.leclercdrive.fr/image.ashx?id=2529132&use=l&cat=p&typeid=i","cat":325352},{"id":198867,"n":"Lames de rasoir Gillette Mach 3 - x4","p":15.27,"u":"3,82 €/P","img":"https://fd13-photos.leclercdrive.fr/image.ashx?id=2859905&use=l&cat=p&typeid=i","cat":284616},{"id":198871,"n":"Rasoir Gillette Proglides 2 lames - x1","p":17.11,"img":"https://fd13-photos.leclercdrive.fr/image.ashx?id=2689094&use=l&cat=p&typeid=i","cat":284616},{"id":198920,"n":"Lames de rasoir GilletteLabs x4","p":23.48,"u":"5,87 €/P","img":"https://fd13-photos.leclercdrive.fr/image.ashx?id=2437683&use=l&cat=p&typeid=i","cat":284616},{"id":198924,"n":"Gel à raser GilletteLabs Skin Care - 198ml","p":6.0,"u":"30,30 €/MT","img":"https://fd13-photos.leclercdrive.fr/image.ashx?id=2955215&use=l&cat=p&typeid=i","cat":284617},{"id":198951,"n":"Rasoir GilletteLabs Barre exfoliante - 3 lames - x1","p":34.83,"img":"https://fd13-photos.leclercdrive.fr/image.ashx?id=2437011&use=l&cat=p&typeid=i","cat":284616},{"id":198959,"n":"Gel désodorisant Uni vert Lavande Eucalyptus","p":1.39,"img":"https://fd13-photos.leclercdrive.fr/image.ashx?id=2478934&use=l&cat=p&typeid=i","cat":311628},{"id":199001,"n":"Attache-sucette chaînette Nuk My love - Bleu","p":4.2,"img":"https://fd13-photos.leclercdrive.fr/image.ashx?id=2437286&use=l&cat=p&typeid=i","cat":284743},{"id":199018,"n":"AOC Beaumes de Venise rouge Grand Cardinal de Bonpas - 75cl","p":8.5,"pp":6.37,"u":"8,49 €/L","img":"https://fd13-photos.leclercdrive.fr/image.ashx?id=2830150&use=l&cat=p&typeid=i","cat":289556},{"id":199267,"n":"Bûche glacée Pilpa Douceur Citron Meringue 464g","p":5.27,"u":"11,36 €/KG","img":"https://fd13-photos.leclercdrive.fr/image.ashx?id=2751030&use=l&cat=p&typeid=i","cat":284266},{"id":199298,"n":"Bûche glacée Eskiss Façon Pêche Melba - 565g","p":3.92,"u":"6,94 €/KG","img":"https://fd13-photos.leclercdrive.fr/image.ashx?id=2969003&use=l&cat=p&typeid=i","cat":284266},{"id":199552,"n":"Dentifrice Elmex Anti-caries Original - 75ml","p":4.52,"u":"60,27 €/L","img":"https://fd13-photos.leclercdrive.fr/image.ashx?id=2852181&use=l&cat=p&typeid=i","cat":284612},{"id":199553,"n":"Dentifrice Elmex Sensitive Original - 75ml","p":4.35,"u":"58,00 €/L","img":"https://fd13-photos.leclercdrive.fr/image.ashx?id=2738404&use=l&cat=p&typeid=i","cat":284612},{"id":199557,"n":"Dentifrice Elmex Anti-caries Haleine fraîche - 75 ml","p":3.91,"u":"52,13 €/MT","img":"https://fd13-photos.leclercdrive.fr/image.ashx?id=2738419&use=l&cat=p&typeid=i","cat":284612},{"id":199559,"n":"Dentifrice Elmex Sensitive  Blancheur douce - 2x75ml","p":8.22,"u":"54,80 €/MT","img":"https://fd13-photos.leclercdrive.fr/image.ashx?id=2738425&use=l&cat=p&typeid=i","cat":284612},{"id":199598,"n":"Désodorisant diffuseur Airwick  Active Fresh Vanille - 228ml","p":7.09,"u":"31,10 €/L","img":"https://fd13-photos.leclercdrive.fr/image.ashx?id=2864672&use=l&cat=p&typeid=i","cat":311629},{"id":199678,"n":"Lait vitaminé Viva Candia  1% MG Méga Format - 10x1L","p":10.29,"u":"1,03 €/L","img":"https://fd13-photos.leclercdrive.fr/image.ashx?id=2442665&use=l&cat=p&typeid=i","cat":317169},{"id":199817,"n":"Vodka Absolut Raspberries - 70cl 38% vol.","p":19.15,"u":"27,36 €/L","img":"https://fd13-photos.leclercdrive.fr/image.ashx?id=2871139&use=l&cat=p&typeid=i","cat":284550},{"id":200135,"n":"Liqueur de menthe Get 27 Edition Limitée 17,9° - 70cl","p":10.95,"u":"15,64 €/L","img":"https://fd13-photos.leclercdrive.fr/image.ashx?id=2445787&use=l&cat=p&typeid=i","cat":286032},{"id":200153,"n":"Repas bébé Blédina 15 mois légumes boulghour merlu 200g","p":2.96,"u":"14,80 €/KG","img":"https://fd13-photos.leclercdrive.fr/image.ashx?id=2975101&use=l&cat=p&typeid=i","cat":312238},{"id":200175,"n":"Plat bébé soir Blédiner 15 mois Pâtes légumes - 200g","p":2.42,"u":"12,10 €/KG","img":"https://fd13-photos.leclercdrive.fr/image.ashx?id=2866295&use=l&cat=p&typeid=i","cat":312239},{"id":200185,"n":"Ramen Cup Oyakata Miso et légumes - 66g","p":1.49,"u":"22,58 €/KG","img":"https://fd13-photos.leclercdrive.fr/image.ashx?id=2536158&use=l&cat=p&typeid=i","cat":288992},{"id":200186,"n":"Ramen Cup Oyakata Porc Tonkotsu - 62g","p":1.51,"u":"24,35 €/KG","img":"https://fd13-photos.leclercdrive.fr/image.ashx?id=2536164&use=l&cat=p&typeid=i","cat":288992},{"id":200188,"n":"Ramen Cup Oyakata Poulet Shio - 63g","p":1.54,"u":"24,44 €/KG","img":"https://fd13-photos.leclercdrive.fr/image.ashx?id=2446128&use=l&cat=p&typeid=i","cat":288992},{"id":200202,"n":"Repas bébé Blédina 15 mois carotte haricot riz bœuf 200g","p":2.38,"u":"11,90 €/KG","img":"https://fd13-photos.leclercdrive.fr/image.ashx?id=2586586&use=l&cat=p&typeid=i","cat":312238},{"id":200218,"n":"Repas bébé Blédina 15 mois carotte pâte épices poulet 200g","p":2.38,"u":"11,90 €/KG","img":"https://fd13-photos.leclercdrive.fr/image.ashx?id=2951632&use=l&cat=p&typeid=i","cat":312238},{"id":200285,"n":"Rhum Bacardi Carta Blanca 35.5° - 70cl + Verre","p":17.56,"u":"25,09 €/L","img":"https://fd13-photos.leclercdrive.fr/image.ashx?id=2447993&use=l&cat=p&typeid=i","cat":284550},{"id":200323,"n":"Cassoulet Castelnaudary NRT 420g","p":2.5,"u":"5,95 €/KG","img":"https://fd13-photos.leclercdrive.fr/image.ashx?id=2805990&use=l&cat=p&typeid=i","cat":284440},{"id":200368,"n":"Tartines croustillantes Wasa Complet - 260g","p":2.37,"u":"9,12 €/KG","img":"https://fd13-photos.leclercdrive.fr/image.ashx?id=2448196&use=l&cat=p&typeid=i","cat":284479},{"id":200377,"n":"Plat bébé soir Blédîner 15 mois Légumes macaroni persil - 200g","p":2.38,"u":"11,90 €/KG","img":"https://fd13-photos.leclercdrive.fr/image.ashx?id=2866292&use=l&cat=p&typeid=i","cat":312239},{"id":200378,"n":"Repas bébé Blédina 15 mois Pâtes brocolis jambon - 200g","p":2.34,"u":"11,70 €/KG","img":"https://fd13-photos.leclercdrive.fr/image.ashx?id=2975104&use=l&cat=p&typeid=i","cat":312238},{"id":200379,"n":"Cassoulet Castelnaud NRT 840g","p":4.3,"u":"5,12 €/KG","img":"https://fd13-photos.leclercdrive.fr/image.ashx?id=2805993&use=l&cat=p&typeid=i","cat":284440},{"id":200384,"n":"Grande flute Eco+ Fromage - 150g","p":1.39,"u":"9,27 €/KG","img":"https://fd13-photos.leclercdrive.fr/image.ashx?id=2681461&use=l&cat=p&typeid=i","cat":297000},{"id":200648,"n":"Escargot de Bourgogne surgelé L'origine du goût x12 - 110g","p":6.99,"u":"63,55 €/KG","img":"https://fd13-photos.leclercdrive.fr/image.ashx?id=2809885&use=l&cat=p&typeid=i","cat":319775},{"id":200649,"n":"Saumon fumé d'Écosse L'Origine du Goût x2 - 70g","p":4.55,"u":"65,00 €/KG","img":"https://fd13-photos.leclercdrive.fr/image.ashx?id=2820454&use=l&cat=p&typeid=i","cat":285188},{"id":200714,"n":"Céréales Lion Nestlé   Triple Crunchy - 550g","p":5.1,"u":"9,27 €/KG","img":"https://fd13-photos.leclercdrive.fr/image.ashx?id=2893538&use=l&cat=p&typeid=i","cat":309513},{"id":200995,"n":"Soupe Cup Noodles Nissin Saveur boeuf 5 épices - 64g","p":1.58,"u":"24,69 €/KG","img":"https://fd13-photos.leclercdrive.fr/image.ashx?id=2453643&use=l&cat=p&typeid=i","cat":288992},{"id":201017,"n":"Crêpes dentelles Bretagne NRT 120g","p":1.72,"u":"14,33 €/KG","img":"https://fd13-photos.leclercdrive.fr/image.ashx?id=2909434&use=l&cat=p&typeid=i","cat":284487},{"id":201050,"n":"Raclette Gratte Givre Tech9 Rouge - 1 pièce","p":2.55,"img":"https://fd13-photos.leclercdrive.fr/image.ashx?id=2611925&use=l&cat=p&typeid=i","cat":298252},{"id":201107,"n":"Café dosettes Tassimo Café au Lait x21","p":5.6,"u":"23,14 €/KG","img":"https://fd13-photos.leclercdrive.fr/image.ashx?id=2457605&use=l&cat=p&typeid=i","cat":293240},{"id":201300,"n":"Fromage enfant La Vache qui rit Original 32P à tartiner - 512g","p":4.8,"u":"9,38 €/KG","img":"https://fd13-photos.leclercdrive.fr/image.ashx?id=2945448&use=l&cat=p&typeid=i","cat":314030},{"id":201341,"n":"Iceberg Eco+","p":0.99,"img":"https://fd13-photos.leclercdrive.fr/image.ashx?id=2715747&use=l&cat=p&typeid=i","cat":284352},{"id":201346,"n":"Lingettes bébé Biolane papier toilette - x54","p":2.67,"u":"0,05 €/P","img":"https://fd13-photos.leclercdrive.fr/image.ashx?id=2875375&use=l&cat=p&typeid=i","cat":284738},{"id":201455,"n":"Thé vert Boost Yate x20 - 32g","p":1.49,"u":"46,56 €/KG","img":"https://fd13-photos.leclercdrive.fr/image.ashx?id=2897811&use=l&cat=p&typeid=i","cat":293233},{"id":201470,"n":"Dosettes café Senseo Corsé x72","p":10.29,"u":"20,58 €/KG","img":"https://fd13-photos.leclercdrive.fr/image.ashx?id=2993487&use=l&cat=p&typeid=i","cat":293238},{"id":201471,"n":"Dosettes café Senseo Classique x72","p":10.29,"u":"20,58 €/KG","img":"https://fd13-photos.leclercdrive.fr/image.ashx?id=2770163&use=l&cat=p&typeid=i","cat":293238},{"id":201498,"n":"Crème mains réparatrice Formule indienne Dermophil 75ml","p":3.96,"u":"52,80 €/L","img":"https://fd13-photos.leclercdrive.fr/image.ashx?id=2880784&use=l&cat=p&typeid=i","cat":325354},{"id":201501,"n":"Stick lèvres réparateur Formule Indienne Dermophil 4g","p":3.94,"u":"985,00 €/KG","img":"https://fd13-photos.leclercdrive.fr/image.ashx?id=2979096&use=l&cat=p&typeid=i","cat":285485},{"id":201528,"n":"Porto ruby Dorrao 18%vol - 75cl","p":8.39,"u":"11,19 €/L","img":"https://fd13-photos.leclercdrive.fr/image.ashx?id=2869871&use=l&cat=p&typeid=i","cat":284913},{"id":201552,"n":"Lames de rasoir Gillette Fusion Lot de 6+6","p":38.22,"u":"3,19 €/P","img":"https://fd13-photos.leclercdrive.fr/image.ashx?id=2787950&use=l&cat=p&typeid=i","cat":284616},{"id":201555,"n":"Gillette Mach3 Turbo - Lot de 3x4","p":38.0,"u":"3,17 €/P","img":"https://fd13-photos.leclercdrive.fr/image.ashx?id=2787947&use=l&cat=p&typeid=i","cat":284616},{"id":201571,"n":"Viande bovine Bourguignon ** à mijoter - 500g","p":6.79,"u":"13,58 €/KG","img":"https://fd13-photos.leclercdrive.fr/image.ashx?id=2930933&use=l&cat=p&typeid=i","cat":284328},{"id":201572,"n":"Sauté de porc Atelier Boucherie VPF - 500g","p":4.59,"u":"9,18 €/KG","img":"https://fd13-photos.leclercdrive.fr/image.ashx?id=2932707&use=l&cat=p&typeid=i","cat":284331},{"id":201688,"n":"Beurre plaquette Eco+ Doux - 60% MG  - 200g","p":1.45,"u":"7,25 €/KG","img":"https://fd13-photos.leclercdrive.fr/image.ashx?id=2794187&use=l&cat=p&typeid=i","cat":284379},{"id":201689,"n":"Café capsules Plantation Lungo -","p":5.15,"u":"33,01 €/KG","img":"https://fd13-photos.leclercdrive.fr/image.ashx?id=2860085&use=l&cat=p&typeid=i","cat":284749},{"id":201692,"n":"Frites Crousti Express Findus Micro-ondes Allumette 2x100g","p":1.72,"u":"8,60 €/KG","img":"https://fd13-photos.leclercdrive.fr/image.ashx?id=2648274&use=l&cat=p&typeid=i","cat":319791},{"id":201693,"n":"Frites Crousti Express Findus Micro-ondes Classique 2x100g","p":1.62,"u":"8,10 €/KG","img":"https://fd13-photos.leclercdrive.fr/image.ashx?id=2648271&use=l&cat=p&typeid=i","cat":319791},{"id":201702,"n":"Bière Leffe Ruby 5% - 6x25cl","p":5.46,"u":"3,64 €/L","img":"https://fd13-photos.leclercdrive.fr/image.ashx?id=2811581&use=l&cat=p&typeid=i","cat":334878},{"id":201708,"n":"Spray Solaire Garnier Hypoallergénique SPF50+ - 150ml","p":9.1,"u":"60,67 €/L","img":"https://fd13-photos.leclercdrive.fr/image.ashx?id=2572272&use=l&cat=p&typeid=i","cat":325355},{"id":201726,"n":"Spray Solaire Enfants Garnier Hypoallergénique SPF50+ - 150ml","p":10.26,"u":"68,40 €/L","img":"https://fd13-photos.leclercdrive.fr/image.ashx?id=2552847&use=l&cat=p&typeid=i","cat":325355},{"id":201747,"n":"Thé vert Lipton Fleur d'oranger - x20 - 30g","p":2.56,"u":"85,33 €/KG","img":"https://fd13-photos.leclercdrive.fr/image.ashx?id=2463398&use=l&cat=p&typeid=i","cat":293233},{"id":201762,"n":"Complément alimentaire Vitavea Gummies cheveux sublimes","p":8.18,"u":"0,20 €/P","img":"https://fd13-photos.leclercdrive.fr/image.ashx?id=2695926&use=l&cat=p&typeid=i","cat":313217},{"id":201765,"n":"Ambre Solaire Sérum Garnier Super UV SPF50+ - 30ml","p":10.54,"u":"351,33 €/L","img":"https://fd13-photos.leclercdrive.fr/image.ashx?id=2735374&use=l&cat=p&typeid=i","cat":325355},{"id":201772,"n":"Dentifrice Elmex Sensitive Blancheur douce - 75ml","p":5.01,"u":"66,80 €/L","img":"https://fd13-photos.leclercdrive.fr/image.ashx?id=2721187&use=l&cat=p&typeid=i","cat":284612},{"id":201774,"n":"Sous-vêtements nuit DryNites® Garçons 4-7 ans (17-30 kg) x16","p":12.5,"u":"0,78 €/P","img":"https://fd13-photos.leclercdrive.fr/image.ashx?id=2844727&use=l&cat=p&typeid=i","cat":290633},{"id":201775,"n":"Sous-vêtements nuit DryNites® Garçons 8-13 ans (30-48 kg) x13","p":11.85,"u":"0,91 €/P","img":"https://fd13-photos.leclercdrive.fr/image.ashx?id=2971314&use=l&cat=p&typeid=i","cat":290633},{"id":201776,"n":"Sous-vêtements nuit DryNites® Filles 8-13 ans (30-48 kg) x13","p":11.85,"u":"0,91 €/P","img":"https://fd13-photos.leclercdrive.fr/image.ashx?id=2844736&use=l&cat=p&typeid=i","cat":290633},{"id":201784,"n":"Tartelettes pomme Pasquier x2 - 240g","p":2.22,"u":"9,25 €/KG","img":"https://fd13-photos.leclercdrive.fr/image.ashx?id=2648193&use=l&cat=p&typeid=i","cat":284360},{"id":201791,"n":"Soupe en sachets chat Felix Sélection de poissons - 6x48g","p":2.05,"u":"7,12 €/KG","img":"https://fd13-photos.leclercdrive.fr/image.ashx?id=2887251&use=l&cat=p&typeid=i","cat":285286},{"id":201837,"n":"Protège-slips Doulys Ultra-mince normal - x45","p":0.87,"u":"0,02 €/P","img":"https://fd13-photos.leclercdrive.fr/image.ashx?id=2849590&use=l&cat=p&typeid=i","cat":284625},{"id":201839,"n":"Sauce arrabbiata Turini 420g","p":1.14,"u":"2,71 €/KG","img":"https://fd13-photos.leclercdrive.fr/image.ashx?id=2465062&use=l&cat=p&typeid=i","cat":287599},{"id":201841,"n":"Bière Ninkasi Flower Lager 75cl 6.5%","p":4.8,"u":"6,40 €/L","img":"https://fd13-photos.leclercdrive.fr/image.ashx?id=2467919&use=l&cat=p&typeid=i","cat":334872},{"id":201911,"n":"Liniment BB calendula Weleda 400ml","p":10.55,"u":"26,38 €/L","img":"https://fd13-photos.leclercdrive.fr/image.ashx?id=2654890&use=l&cat=p&typeid=i","cat":290387},{"id":201915,"n":"Protège-slips Doulys Slip ou string - x45","p":1.61,"u":"0,04 €/P","img":"https://fd13-photos.leclercdrive.fr/image.ashx?id=3006178&use=l&cat=p&typeid=i","cat":284625},{"id":201934,"n":"Protège-slips Vania Confort Fresh - x56","p":2.42,"img":"https://fd13-photos.leclercdrive.fr/image.ashx?id=2735227&use=l&cat=p&typeid=i","cat":284625},{"id":201935,"n":"Protège-slips Confort Vania  Sans parfum - x56","p":2.52,"u":"0,05 €/P","img":"https://fd13-photos.leclercdrive.fr/image.ashx?id=2735230&use=l&cat=p&typeid=i","cat":284625},{"id":201945,"n":"Gel Douche Le Petit Marseillais  Lait de vanille - 250ml","p":1.56,"u":"6,24 €/L","img":"https://fd13-photos.leclercdrive.fr/image.ashx?id=2676096&use=l&cat=p&typeid=i","cat":284594},{"id":201946,"n":"Gel Douche Le Petit Marseillais Lait de vanille - 650 ml","p":3.18,"u":"4,89 €/L","img":"https://fd13-photos.leclercdrive.fr/image.ashx?id=2674794&use=l&cat=p&typeid=i","cat":284594},{"id":201947,"n":"Gel Douche Le Petit Marseillais Fleur de cerisie - 650ml","p":3.23,"u":"4,97 €/L","img":"https://fd13-photos.leclercdrive.fr/image.ashx?id=2676099&use=l&cat=p&typeid=i","cat":284594},{"id":201949,"n":"Gel Douche Le Petit Marseillais Fleur d'oranger - 250ml","p":1.68,"u":"6,72 €/MT","img":"https://fd13-photos.leclercdrive.fr/image.ashx?id=2963397&use=l&cat=p&typeid=i","cat":284594},{"id":201950,"n":"Gel Douche Le Petit Marseillais Amande douce - 250ml","p":1.58,"u":"6,32 €/MT","img":"https://fd13-photos.leclercdrive.fr/image.ashx?id=2946592&use=l&cat=p&typeid=i","cat":284594},{"id":201951,"n":"Gel Douche Le Petit Marseillais Lait - 250ml","p":1.74,"u":"6,96 €/MT","img":"https://fd13-photos.leclercdrive.fr/image.ashx?id=2676108&use=l&cat=p&typeid=i","cat":284594},{"id":201952,"n":"Gel Douche Le Petit Marseillais Lait - 650ml","p":3.18,"u":"4,89 €/L","img":"https://fd13-photos.leclercdrive.fr/image.ashx?id=2676111&use=l&cat=p&typeid=i","cat":284594},{"id":201953,"n":"Gel Douche Le Petit Marseillais Pêche nectarine - 250ml","p":1.69,"u":"6,76 €/L","img":"https://fd13-photos.leclercdrive.fr/image.ashx?id=2938761&use=l&cat=p&typeid=i","cat":284594},{"id":201954,"n":"Gel Douche Le Petit Marseillais  Peche nectarine - 650ml","p":3.23,"u":"4,97 €/L","img":"https://fd13-photos.leclercdrive.fr/image.ashx?id=2676114&use=l&cat=p&typeid=i","cat":284594},{"id":201956,"n":"Gel Douche Le Petit Marseillais Verveine citron - 250ml","p":1.7,"u":"6,80 €/MT","img":"https://fd13-photos.leclercdrive.fr/image.ashx?id=2941769&use=l&cat=p&typeid=i","cat":284594},{"id":201957,"n":"Gel douche pamplemousse orange  Le Petit marseillais - 650ml","p":3.22,"u":"4,95 €/L","img":"https://fd13-photos.leclercdrive.fr/image.ashx?id=2676123&use=l&cat=p&typeid=i","cat":284594},{"id":201967,"n":"Bière blonde Corona 12x33cl","p":15.0,"u":"3,79 €/L","img":"https://fd13-photos.leclercdrive.fr/image.ashx?id=2544521&use=l&cat=p&typeid=i","cat":334873},{"id":201968,"n":"Bière blonde Corona Extra 4,5% - 6x33cl","p":7.99,"u":"4,04 €/L","img":"https://fd13-photos.leclercdrive.fr/image.ashx?id=2865452&use=l&cat=p&typeid=i","cat":334873},{"id":201993,"n":"Repas Plaisir chien adulte Terrines viande - 4x300g","p":5.78,"u":"4,82 €/KG","img":"https://fd13-photos.leclercdrive.fr/image.ashx?id=2734489&use=l&cat=p&typeid=i","cat":288578},{"id":202049,"n":"Crème glacée Trium Chocolat Brownie - 415g","p":3.33,"u":"8,02 €/KG","img":"https://fd13-photos.leclercdrive.fr/image.ashx?id=2469037&use=l&cat=p&typeid=i","cat":284725},{"id":202062,"n":"Yaourt Actifidus Délisse Vanille - 16x125g","p":3.43,"u":"1,72 €/KG","img":"https://fd13-photos.leclercdrive.fr/image.ashx?id=2713658&use=l&cat=p&typeid=i","cat":286006},{"id":202065,"n":"Bâche anti-givre Eco  160x70cm","p":2.38,"img":"https://fd13-photos.leclercdrive.fr/image.ashx?id=2469568&use=l&cat=p&typeid=i","cat":298252},{"id":202133,"n":"Salade Batavia verte 1p","p":0.99,"img":"https://fd13-photos.leclercdrive.fr/image.ashx?id=1633577&use=l&cat=p&typeid=i","cat":284352},{"id":202473,"n":"Dentifrice Colgate  Max White Charbon - 2x75ml","p":2.49,"u":"16,60 €/L","img":"https://fd13-photos.leclercdrive.fr/image.ashx?id=2472492&use=l&cat=p&typeid=i","cat":284612},{"id":202480,"n":"Ossau Iraty 8 mois NRT AOP  L'Atelier Fromagerie - 180g","p":4.75,"u":"26,39 €/KG","img":"https://fd13-photos.leclercdrive.fr/image.ashx?id=2489209&use=l&cat=p&typeid=i","cat":314031},{"id":202481,"n":"Assortiment Raclette  600g","p":8.55,"u":"14,25 €/KG","img":"https://fd13-photos.leclercdrive.fr/image.ashx?id=2992690&use=l&cat=p&typeid=i","cat":314036},{"id":202482,"n":"Raclette nature 600g","p":7.79,"u":"12,98 €/KG","img":"https://fd13-photos.leclercdrive.fr/image.ashx?id=2992693&use=l&cat=p&typeid=i","cat":314036},{"id":202544,"n":"Gel douche Le Petit Marseillais Grenade - 250ml","p":1.65,"u":"6,60 €/L","img":"https://fd13-photos.leclercdrive.fr/image.ashx?id=2685126&use=l&cat=p&typeid=i","cat":284594},{"id":202545,"n":"Gel douche Le Petit Marseillais Fleur de Tiare - 250ml","p":1.6,"u":"6,40 €/L","img":"https://fd13-photos.leclercdrive.fr/image.ashx?id=2676093&use=l&cat=p&typeid=i","cat":284594},{"id":202546,"n":"Gel douche Le Petit Marseillais Mandarine - 250ml","p":1.49,"u":"5,96 €/L","img":"https://fd13-photos.leclercdrive.fr/image.ashx?id=2684527&use=l&cat=p&typeid=i","cat":284594},{"id":202623,"n":"Lentilles blondes Eco  500g","p":0.89,"u":"1,78 €/KG","img":"https://fd13-photos.leclercdrive.fr/image.ashx?id=2630049&use=l&cat=p&typeid=i","cat":284430},{"id":202647,"n":"Bière blonde Jenlain Pack 6x25cl","p":5.65,"u":"3,77 €/L","img":"https://fd13-photos.leclercdrive.fr/image.ashx?id=2474380&use=l&cat=p&typeid=i","cat":334852},{"id":202648,"n":"Bière blonde Jenlain 50 cl","p":1.64,"u":"3,28 €/L","img":"https://fd13-photos.leclercdrive.fr/image.ashx?id=2474383&use=l&cat=p&typeid=i","cat":334853},{"id":202649,"n":"Bière blonde Jenlain 75 cl","p":2.77,"u":"3,69 €/L","img":"https://fd13-photos.leclercdrive.fr/image.ashx?id=2732851&use=l&cat=p&typeid=i","cat":334852},{"id":202674,"n":"Gourde Good Goût Banane Abricot bio - 120g","p":1.46,"u":"12,17 €/KG","img":"https://fd13-photos.leclercdrive.fr/image.ashx?id=2639023&use=l&cat=p&typeid=i","cat":312393},{"id":202675,"n":"Pavé d'Affinois Extra gourmand - 200g","p":2.48,"u":"12,40 €/KG","img":"https://fd13-photos.leclercdrive.fr/image.ashx?id=3002072&use=l&cat=p&typeid=i","cat":314033},{"id":202706,"n":"Oignons jaunes Filière Panier du Primeur Filet 1kg","p":1.99,"u":"1,99 €/KG","img":"https://fd13-photos.leclercdrive.fr/image.ashx?id=2953734&use=l&cat=p&typeid=i","cat":284352},{"id":202779,"n":"Oignons jaunes Eco+ 1.5 Kg","p":1.69,"u":"1,13 €/KG","img":"https://fd13-photos.leclercdrive.fr/image.ashx?id=2772572&use=l&cat=p&typeid=i","cat":284352},{"id":202871,"n":"Coeur de sucrine  Panier du Primeur x6","p":2.29,"u":"0,76 €/P","img":"https://fd13-photos.leclercdrive.fr/image.ashx?id=2477547&use=l&cat=p&typeid=i","cat":284352},{"id":202883,"n":"Couches Pampers  Harmonie - T2 - x48","p":18.1,"u":"0,38 €/P","img":"https://fd13-photos.leclercdrive.fr/image.ashx?id=2476017&use=l&cat=p&typeid=i","cat":284737},{"id":202908,"n":"Skyr Yoplait  Nature 0%MG - 450G","p":2.24,"u":"4,98 €/KG","img":"https://fd13-photos.leclercdrive.fr/image.ashx?id=2884468&use=l&cat=p&typeid=i","cat":315000},{"id":202935,"n":"Soin ultra-hydratant Saforelle 100ml","p":3.49,"u":"34,90 €/L","img":"https://fd13-photos.leclercdrive.fr/image.ashx?id=2583431&use=l&cat=p&typeid=i","cat":301348},{"id":202966,"n":"Plat individuel Pad thaï Garbit - 300g","p":3.41,"u":"11,37 €/KG","img":"https://fd13-photos.leclercdrive.fr/image.ashx?id=2901908&use=l&cat=p&typeid=i","cat":284953},{"id":203016,"n":"Sucrines bicolores Panier du Primeur x3","p":1.29,"u":"0,43 €/P","img":"https://fd13-photos.leclercdrive.fr/image.ashx?id=2477544&use=l&cat=p&typeid=i","cat":284352},{"id":203039,"n":"Shampooing Mixa Bébé Bio Très Doux - 300ml","p":3.86,"u":"12,87 €/L","img":"https://fd13-photos.leclercdrive.fr/image.ashx?id=2478643&use=l&cat=p&typeid=i","cat":284740},{"id":203041,"n":"Lait de toilette Mixa Bébé  Très Doux - 300ml","p":2.67,"u":"8,90 €/L","img":"https://fd13-photos.leclercdrive.fr/image.ashx?id=2479324&use=l&cat=p&typeid=i","cat":284741},{"id":203042,"n":"Gel Toilette Intime Extra Doux Intima Natural Hamamélis 200ml","p":3.04,"u":"15,20 €/L","img":"https://fd13-photos.leclercdrive.fr/image.ashx?id=2959871&use=l&cat=p&typeid=i","cat":284627},{"id":203043,"n":"Gel Toilette Intime Régulateur Intima Natural Cranberry 200ml","p":3.27,"u":"16,35 €/L","img":"https://fd13-photos.leclercdrive.fr/image.ashx?id=2959874&use=l&cat=p&typeid=i","cat":284627},{"id":203057,"n":"Recharge Touch & Fresh Glade Muguet - 10ml","p":3.3,"u":"330,00 €/L","img":"https://fd13-photos.leclercdrive.fr/image.ashx?id=2506612&use=l&cat=p&typeid=i","cat":311629},{"id":203063,"n":"Gel désodorisant Glade  Longue durée - Muguet - x1","p":1.3,"img":"https://fd13-photos.leclercdrive.fr/image.ashx?id=2479429&use=l&cat=p&typeid=i","cat":311628},{"id":203073,"n":"Crème Ultra Atoderm Nourrissante hydratante - 500ml","p":9.98,"u":"19,96 €/L","img":"https://fd13-photos.leclercdrive.fr/image.ashx?id=2981211&use=l&cat=p&typeid=i","cat":290421},{"id":203075,"n":"Crème Atoderm Bioderma Ultra-nourrissant - 2x500ml","p":18.99,"u":"18,99 €/L","img":"https://fd13-photos.leclercdrive.fr/image.ashx?id=2956553&use=l&cat=p&typeid=i","cat":290421},{"id":203116,"n":"Edulcorant Canderel x80 comprimés","p":1.85,"u":"0,02 €/P","img":"https://fd13-photos.leclercdrive.fr/image.ashx?id=2811017&use=l&cat=p&typeid=i","cat":324846},{"id":203310,"n":"Diffuseur Touch & Fresh Glade Marine - 10 ml","p":4.25,"img":"https://fd13-photos.leclercdrive.fr/image.ashx?id=2914750&use=l&cat=p&typeid=i","cat":311629},{"id":203600,"n":"Craquant avoine Jardin Bio Equitable bio - 133g","p":2.12,"u":"15,94 €/KG","img":"https://fd13-photos.leclercdrive.fr/image.ashx?id=2967217&use=l&cat=p&typeid=i","cat":284954},{"id":203642,"n":"Porto Tawny Eco+ 75Cl","p":5.43,"u":"7,24 €/L","img":"https://fd13-photos.leclercdrive.fr/image.ashx?id=2869844&use=l&cat=p&typeid=i","cat":284913},{"id":203781,"n":"Tartines de pain Pasquier Brioché 15 tranches - 210g","p":2.16,"u":"10,29 €/KG","img":"https://fd13-photos.leclercdrive.fr/image.ashx?id=2939367&use=l&cat=p&typeid=i","cat":284479},{"id":203783,"n":"Grilletine Pasquier Céréales et graines - 255g","p":2.26,"u":"8,86 €/KG","img":"https://fd13-photos.leclercdrive.fr/image.ashx?id=2642393&use=l&cat=p&typeid=i","cat":284479},{"id":203803,"n":"Crème soin Nuit Diadermine Expert Fondamental 50ml","p":10.13,"u":"202,60 €/L","img":"https://fd13-photos.leclercdrive.fr/image.ashx?id=2519108&use=l&cat=p&typeid=i","cat":325345},{"id":203821,"n":"Boîte chien Pedigree  Cuisinés en sauce - 6x400g","p":8.44,"u":"3,52 €/KG","img":"https://fd13-photos.leclercdrive.fr/image.ashx?id=2849722&use=l&cat=p&typeid=i","cat":288578},{"id":203823,"n":"Sachet fraicheur chat Whiskas Carte mixte en gelée - 48x85g","p":16.25,"u":"3,98 €/KG","img":"https://fd13-photos.leclercdrive.fr/image.ashx?id=2486916&use=l&cat=p&typeid=i","cat":285286},{"id":203826,"n":"Sachet fraicheur chat Whiskas Poissons en gelée - 12x85g","p":4.77,"u":"4,68 €/KG","img":"https://fd13-photos.leclercdrive.fr/image.ashx?id=2486910&use=l&cat=p&typeid=i","cat":285286},{"id":203828,"n":"Sachet repas chaton Whiskas Festins volaille gelée - 12x85g","p":5.47,"u":"5,36 €/KG","img":"https://fd13-photos.leclercdrive.fr/image.ashx?id=2487093&use=l&cat=p&typeid=i","cat":285286},{"id":203901,"n":"Sérum anti-Imperfections Acné Garnier Pure Active - 30ml","p":8.98,"u":"299,33 €/L","img":"https://fd13-photos.leclercdrive.fr/image.ashx?id=2490698&use=l&cat=p&typeid=i","cat":325345},{"id":203910,"n":"Lames Fusion Gillette 4 + 6 lames","p":34.94,"u":"3,49 €/P","img":"https://fd13-photos.leclercdrive.fr/image.ashx?id=2490386&use=l&cat=p&typeid=i","cat":284616},{"id":203911,"n":"Lames Skinguard Gillette Aloe Vera - 4 + 6 lames","p":35.35,"u":"17,68 €/P","img":"https://fd13-photos.leclercdrive.fr/image.ashx?id=2594989&use=l&cat=p&typeid=i","cat":284616},{"id":204024,"n":"Sucrine Eco+ x2","p":0.89,"u":"0,45 €/P","img":"https://fd13-photos.leclercdrive.fr/image.ashx?id=2477535&use=l&cat=p&typeid=i","cat":284352},{"id":204050,"n":"Haricots vert Bio Village Bio 220g","p":1.49,"u":"6,77 €/KG","img":"https://fd13-photos.leclercdrive.fr/image.ashx?id=3002716&use=l&cat=p&typeid=i","cat":312606},{"id":204056,"n":"Céréales Spécial K Kellogg's Fruits rouges - 450g","p":3.89,"u":"8,64 €/KG","img":"https://fd13-photos.leclercdrive.fr/image.ashx?id=2775029&use=l&cat=p&typeid=i","cat":309512},{"id":204057,"n":"Céréales Spécial K Kellogg's Chocolat noir - 500g","p":4.05,"u":"8,10 €/KG","img":"https://fd13-photos.leclercdrive.fr/image.ashx?id=2692710&use=l&cat=p&typeid=i","cat":309512},{"id":204058,"n":"Céréales Special K Kellogg's Chocolat au Lait - 500g","p":4.13,"u":"8,26 €/KG","img":"https://fd13-photos.leclercdrive.fr/image.ashx?id=2692713&use=l&cat=p&typeid=i","cat":309512},{"id":204067,"n":"Whisky Johnnie Walker Vol. 40% - 70cl","p":26.87,"u":"38,39 €/L","img":"https://fd13-photos.leclercdrive.fr/image.ashx?id=2488626&use=l&cat=p&typeid=i","cat":284547},{"id":204131,"n":"Nettoyant four Decapfour  Express - 500ml","p":3.45,"u":"6,90 €/L","img":"https://fd13-photos.leclercdrive.fr/image.ashx?id=2489719&use=l&cat=p&typeid=i","cat":325363},{"id":204157,"n":"Pâte feuilletée Herta Trésor de Grand-Mère  280g","p":1.64,"u":"5,86 €/KG","img":"https://fd13-photos.leclercdrive.fr/image.ashx?id=2833303&use=l&cat=p&typeid=i","cat":333681},{"id":204158,"n":"Pâte brisée Herta Trésor de Grand-Mère - 280g","p":1.71,"u":"6,11 €/KG","img":"https://fd13-photos.leclercdrive.fr/image.ashx?id=2833306&use=l&cat=p&typeid=i","cat":333681},{"id":204168,"n":"Rasoir xtreme 3 Wilkinson Sensitive - x24","p":30.32,"img":"https://fd13-photos.leclercdrive.fr/image.ashx?id=2844691&use=l&cat=p&typeid=i","cat":284616},{"id":204169,"n":"Sachet fraicheur chat Whiskas Festins volaille gelée - 12x85g","p":4.87,"u":"4,77 €/KG","img":"https://fd13-photos.leclercdrive.fr/image.ashx?id=2490329&use=l&cat=p&typeid=i","cat":285286},{"id":204179,"n":"Sachet fraicheur chat Whiskas Tasty Mix en sauce - 40x85g","p":16.09,"u":"4,73 €/KG","img":"https://fd13-photos.leclercdrive.fr/image.ashx?id=2589488&use=l&cat=p&typeid=i","cat":285286},{"id":204241,"n":"Cire chaude Jolly Sugar body wax - 250ml","p":7.69,"u":"30,76 €/L","img":"https://fd13-photos.leclercdrive.fr/image.ashx?id=2509862&use=l&cat=p&typeid=i","cat":null},{"id":204246,"n":"Lames Gillette Labs x10","p":49.9,"u":"4,99 €/P","img":"https://fd13-photos.leclercdrive.fr/image.ashx?id=2497794&use=l&cat=p&typeid=i","cat":284616},{"id":204247,"n":"Protège-slip Vania Confort Multiformes - 1p","p":2.38,"img":"https://fd13-photos.leclercdrive.fr/image.ashx?id=2735224&use=l&cat=p&typeid=i","cat":284625},{"id":204267,"n":"Rasoirs Jetables Gillette Blue  3 - Smooth - 5x6","p":28.99,"u":"0,97 €/P","img":"https://fd13-photos.leclercdrive.fr/image.ashx?id=2525965&use=l&cat=p&typeid=i","cat":284616},{"id":204302,"n":"Shampoing nutrition Ultra Doux Lait de coco - 300ml","p":3.11,"u":"10,37 €/L","img":"https://fd13-photos.leclercdrive.fr/image.ashx?id=2492788&use=l&cat=p&typeid=i","cat":284606},{"id":204303,"n":"Shampoing purifiant Ultra Doux Cheveux gras - 300ml","p":2.91,"u":"9,70 €/L","img":"https://fd13-photos.leclercdrive.fr/image.ashx?id=2492791&use=l&cat=p&typeid=i","cat":284606},{"id":204304,"n":"Shampoing Illuminant Ultra Doux Camomille - 300ml","p":2.66,"u":"8,87 €/L","img":"https://fd13-photos.leclercdrive.fr/image.ashx?id=2926596&use=l&cat=p&typeid=i","cat":284606},{"id":204305,"n":"Shampoing nutrition Ultra Doux Argan et camélia - 300ml","p":2.65,"u":"8,83 €/L","img":"https://fd13-photos.leclercdrive.fr/image.ashx?id=2492797&use=l&cat=p&typeid=i","cat":284606},{"id":204306,"n":"Shampoing nutrition Ultra Doux Cheveu Bouclé à Frisé - 300ml","p":2.56,"u":"8,53 €/L","img":"https://fd13-photos.leclercdrive.fr/image.ashx?id=2926599&use=l&cat=p&typeid=i","cat":284606},{"id":204307,"n":"Shampoing Couleur Ultra Doux Cheveux colorés - 300ml","p":2.65,"u":"8,83 €/L","img":"https://fd13-photos.leclercdrive.fr/image.ashx?id=2492803&use=l&cat=p&typeid=i","cat":284606},{"id":204308,"n":"Shampoing Enfants Ultra Doux Abricot - 300ml","p":2.64,"u":"8,80 €/L","img":"https://fd13-photos.leclercdrive.fr/image.ashx?id=2851093&use=l&cat=p&typeid=i","cat":284606},{"id":204310,"n":"Shampoing Hydratant Ultra Doux Cheveux délicats - 300ml","p":2.68,"u":"8,93 €/L","img":"https://fd13-photos.leclercdrive.fr/image.ashx?id=2492812&use=l&cat=p&typeid=i","cat":284606},{"id":204311,"n":"Shampoing doux Ultra Doux Extrait de tilleul - 300ml","p":2.8,"u":"9,33 €/L","img":"https://fd13-photos.leclercdrive.fr/image.ashx?id=2492815&use=l&cat=p&typeid=i","cat":284606},{"id":204313,"n":"Après-shampooing karité Garnier Cheveu bouclé à Frisé - 250ml","p":2.62,"u":"10,48 €/L","img":"https://fd13-photos.leclercdrive.fr/image.ashx?id=2986651&use=l&cat=p&typeid=i","cat":284607},{"id":204314,"n":"Après-shampoing Ultra doux Cheveux fragiles - 250ml","p":2.68,"u":"10,72 €/L","img":"https://fd13-photos.leclercdrive.fr/image.ashx?id=2646569&use=l&cat=p&typeid=i","cat":284607},{"id":204323,"n":"Chips Vico Paprika - 125g","p":1.31,"u":"10,48 €/KG","img":"https://fd13-photos.leclercdrive.fr/image.ashx?id=2921298&use=l&cat=p&typeid=i","cat":284447},{"id":204327,"n":"Soupe instantanée Royco  Velouté Tomates - 4x200ml","p":1.38,"u":"1,73 €/L","img":"https://fd13-photos.leclercdrive.fr/image.ashx?id=2650991&use=l&cat=p&typeid=i","cat":293527},{"id":204328,"n":"Soupe instantanée Royco  Mouliné 12 Légumes - 4x200ml","p":1.6,"u":"2,00 €/L","img":"https://fd13-photos.leclercdrive.fr/image.ashx?id=2650994&use=l&cat=p&typeid=i","cat":293527},{"id":204329,"n":"Soupe liquide Liebig  Façon napolitaine - 1L","p":2.93,"u":"2,93 €/L","img":"https://fd13-photos.leclercdrive.fr/image.ashx?id=2493133&use=l&cat=p&typeid=i","cat":284462},{"id":204330,"n":"Soupe liquide brique Liebig  Poule Vermicelles - 1L","p":2.52,"u":"2,52 €/L","img":"https://fd13-photos.leclercdrive.fr/image.ashx?id=2493136&use=l&cat=p&typeid=i","cat":284462},{"id":204386,"n":"Mini pizzas Piccolinis Buitoni Bolognaise x9 - 270g","p":2.75,"u":"10,19 €/KG","img":"https://fd13-photos.leclercdrive.fr/image.ashx?id=2493655&use=l&cat=p&typeid=i","cat":319774},{"id":204439,"n":"Oignon rouge Bio  Bio Village - 500g","p":2.49,"u":"4,98 €/KG","img":"https://fd13-photos.leclercdrive.fr/image.ashx?id=2922460&use=l&cat=p&typeid=i","cat":284352},{"id":204488,"n":"Dentifrice Aquafresh Triple Protection Blancheur - 125ml","p":1.76,"u":"14,08 €/L","img":"https://fd13-photos.leclercdrive.fr/image.ashx?id=2546755&use=l&cat=p&typeid=i","cat":284612},{"id":204496,"n":"Cotons démaquillants Demakup Sensitive - 6x64","p":6.59,"u":"0,02 €/P","img":"https://fd13-photos.leclercdrive.fr/image.ashx?id=2745283&use=l&cat=p&typeid=i","cat":285593},{"id":204620,"n":"Purée Butternut Patate douce Notre Jardin - 750g","p":3.49,"u":"4,65 €/KG","img":"https://fd13-photos.leclercdrive.fr/image.ashx?id=2856208&use=l&cat=p&typeid=i","cat":319805},{"id":204624,"n":"Crousti Express Findus Rissolées - 2x100g","p":1.8,"u":"9,00 €/KG","img":"https://fd13-photos.leclercdrive.fr/image.ashx?id=2653786&use=l&cat=p&typeid=i","cat":319792},{"id":204700,"n":"BB crème soin 5en1 Garnier Anti-âge teinte medium - 50ml","p":8.5,"u":"170,00 €/L","img":"https://fd13-photos.leclercdrive.fr/image.ashx?id=2494974&use=l&cat=p&typeid=i","cat":325345},{"id":204701,"n":"BB Crème Soin Tout en 1 Garnier Teinte claire - 50ml","p":7.62,"u":"152,40 €/L","img":"https://fd13-photos.leclercdrive.fr/image.ashx?id=2495746&use=l&cat=p&typeid=i","cat":325345},{"id":204702,"n":"BB Crème Soin tout en 1 Garnier Teinte medium - 50ml","p":7.59,"u":"151,80 €/L","img":"https://fd13-photos.leclercdrive.fr/image.ashx?id=2494977&use=l&cat=p&typeid=i","cat":325345},{"id":204717,"n":"Soda Schweppes Saveur Agrumes Zero - 1,5L","p":1.75,"u":"1,17 €/L","img":"https://fd13-photos.leclercdrive.fr/image.ashx?id=2852444&use=l&cat=p&typeid=i","cat":284532},{"id":204718,"n":"Soda Schweppes Saveur Agrumes - 1,5L","p":1.66,"u":"1,11 €/L","img":"https://fd13-photos.leclercdrive.fr/image.ashx?id=2852447&use=l&cat=p&typeid=i","cat":284532},{"id":204719,"n":"Soda Schweppes Indian Tonic - 1,5L","p":1.7,"u":"1,13 €/L","img":"https://fd13-photos.leclercdrive.fr/image.ashx?id=2852456&use=l&cat=p&typeid=i","cat":284531},{"id":204731,"n":"Sachet fraîcheur chat Whiskas  Sélection en sauce - 12x85g","p":5.19,"u":"5,09 €/KG","img":"https://fd13-photos.leclercdrive.fr/image.ashx?id=2495764&use=l&cat=p&typeid=i","cat":285286},{"id":204747,"n":"Dentifrice Aquafresh Menthe fraîche - 125ml","p":2.04,"u":"16,32 €/L","img":"https://fd13-photos.leclercdrive.fr/image.ashx?id=2546752&use=l&cat=p&typeid=i","cat":284612},{"id":204748,"n":"Boisson énergisante Red Bull Goût Abricot-Fraise, 250ml","p":1.27,"u":"5,08 €/L","img":"https://fd13-photos.leclercdrive.fr/image.ashx?id=3011995&use=l&cat=p&typeid=i","cat":284533},{"id":204788,"n":"Gnocchi à poêler Lustucru 325g","p":1.5,"u":"4,62 €/KG","img":"https://fd13-photos.leclercdrive.fr/image.ashx?id=2975218&use=l&cat=p&typeid=i","cat":333682},{"id":204789,"n":"Gnocchi à poêler Lustucru 520g","p":2.24,"u":"4,31 €/KG","img":"https://fd13-photos.leclercdrive.fr/image.ashx?id=2792423&use=l&cat=p&typeid=i","cat":333682},{"id":204791,"n":"Gnocchi à poêler Lustucru  Format XXL - 720g","p":2.85,"u":"3,96 €/KG","img":"https://fd13-photos.leclercdrive.fr/image.ashx?id=2788556&use=l&cat=p&typeid=i","cat":333682},{"id":204792,"n":"Girasoli Lustucru Tomate Basilic Mozzarella 250g","p":2.44,"u":"9,76 €/KG","img":"https://fd13-photos.leclercdrive.fr/image.ashx?id=2974363&use=l&cat=p&typeid=i","cat":333682},{"id":204796,"n":"Tortellini Lustucru Jambon cru - 250g","p":2.37,"u":"9,48 €/KG","img":"https://fd13-photos.leclercdrive.fr/image.ashx?id=2974360&use=l&cat=p&typeid=i","cat":333682},{"id":205007,"n":"Compotes Pom'Potes Gourdes  Explorateurs sur Neptun  12x90g","p":5.61,"u":"5,19 €/KG","img":"https://fd13-photos.leclercdrive.fr/image.ashx?id=2900743&use=l&cat=p&typeid=i","cat":284508},{"id":205009,"n":"Colin d'Alaska & riz D'Aucy Crème de St Jacques 280g","p":2.79,"u":"9,96 €/KG","img":"https://fd13-photos.leclercdrive.fr/image.ashx?id=2498221&use=l&cat=p&typeid=i","cat":284953},{"id":205100,"n":"Ruban Crystal  Scotch 7,5mx19mm","p":1.37,"img":"https://fd13-photos.leclercdrive.fr/image.ashx?id=2612589&use=l&cat=p&typeid=i","cat":334133},{"id":205102,"n":"Ruban Magic Scotch 7,5mx19mm","p":1.51,"img":"https://fd13-photos.leclercdrive.fr/image.ashx?id=2613963&use=l&cat=p&typeid=i","cat":334133},{"id":205107,"n":"Etiquettes scolaires AVERY Motifs lama - x15","p":2.26,"img":"https://fd13-photos.leclercdrive.fr/image.ashx?id=2498774&use=l&cat=p&typeid=i","cat":334133},{"id":205108,"n":"Etiquettes scolaires AVERY Motifs flamants - x15","p":2.26,"img":"https://fd13-photos.leclercdrive.fr/image.ashx?id=2498771&use=l&cat=p&typeid=i","cat":334133},{"id":205114,"n":"Etiquettes vêtements AVERY Autocollantes - Blanches - x30","p":3.95,"img":"https://fd13-photos.leclercdrive.fr/image.ashx?id=2506654&use=l&cat=p&typeid=i","cat":334133},{"id":205145,"n":"Moutarde à l'ancienne - Clovis 200g","p":1.7,"u":"8,50 €/KG","img":"https://fd13-photos.leclercdrive.fr/image.ashx?id=2986176&use=l&cat=p&typeid=i","cat":288850},{"id":205233,"n":"Serviettes Always Ultra Long - T2 - x12","p":2.49,"u":"0,21 €/P","img":"https://fd13-photos.leclercdrive.fr/image.ashx?id=2851324&use=l&cat=p&typeid=i","cat":284624},{"id":205236,"n":"Protège-slip Always Fresh & Protect - Normal - x30","p":1.63,"u":"0,05 €/P","img":"https://fd13-photos.leclercdrive.fr/image.ashx?id=2949070&use=l&cat=p&typeid=i","cat":284625},{"id":205237,"n":"Sérum anti-âge L'Oréal Paris Revitalift Vitamine C - 30ml","p":14.16,"u":"472,00 €/L","img":"https://fd13-photos.leclercdrive.fr/image.ashx?id=3003351&use=l&cat=p&typeid=i","cat":325345},{"id":205239,"n":"Nettoyant four Decapfour Confort - 500ml","p":3.75,"u":"7,50 €/L","img":"https://fd13-photos.leclercdrive.fr/image.ashx?id=2499669&use=l&cat=p&typeid=i","cat":325363},{"id":205311,"n":"Masque Remède Garnier Cheveux normaux à gras - 340ml","p":5.07,"u":"14,91 €/L","img":"https://fd13-photos.leclercdrive.fr/image.ashx?id=2500171&use=l&cat=p&typeid=i","cat":284608},{"id":205315,"n":"Coloration Permanente Olia 8.0 Blond miel sans ammoniaque","p":11.11,"u":"11,11 €/TRC","img":"https://fd13-photos.leclercdrive.fr/image.ashx?id=2521173&use=l&cat=p&typeid=i","cat":288899},{"id":205317,"n":"Après-Shampooing Garnier Cheveux normaux à gras - 200ml","p":2.59,"u":"12,95 €/L","img":"https://fd13-photos.leclercdrive.fr/image.ashx?id=2500174&use=l&cat=p&typeid=i","cat":284607},{"id":205319,"n":"Coloration Garnier Good 3.12 Châtain foncé Myrtille","p":11.95,"img":"https://fd13-photos.leclercdrive.fr/image.ashx?id=2521176&use=l&cat=p&typeid=i","cat":288899},{"id":205320,"n":"Masque Assouplissant Garnier Cheveu sec à très sec - 340ml","p":4.98,"u":"14,65 €/L","img":"https://fd13-photos.leclercdrive.fr/image.ashx?id=2500162&use=l&cat=p&typeid=i","cat":284608},{"id":205520,"n":"Crème glacée La Laitière Rhum Raisins - 490g","p":3.24,"pp":2.27,"u":"4,63 €/KG","img":"https://fd13-photos.leclercdrive.fr/image.ashx?id=2877877&use=l&cat=p&typeid=i","cat":284263},{"id":205522,"n":"Shampoing Réparateur Elsève Pro Bond Repair - 200ml","p":5.83,"u":"29,15 €/L","img":"https://fd13-photos.leclercdrive.fr/image.ashx?id=3008779&use=l&cat=p&typeid=i","cat":284606},{"id":205525,"n":"Démêlant Intense Elsève Pro Bond Repair - 150ml","p":5.79,"u":"38,60 €/L","img":"https://fd13-photos.leclercdrive.fr/image.ashx?id=3008782&use=l&cat=p&typeid=i","cat":284607},{"id":205658,"n":"Repas P'tit diner Yooji Bio Potiron mais millet 300g","p":4.15,"u":"13,83 €/KG","img":"https://fd13-photos.leclercdrive.fr/image.ashx?id=2832254&use=l&cat=p&typeid=i","cat":290631},{"id":205787,"n":"Saucisse de Toulouse Férial Brassé - 450g","p":4.16,"u":"9,24 €/KG","img":"https://fd13-photos.leclercdrive.fr/image.ashx?id=2761986&use=l&cat=p&typeid=i","cat":284334},{"id":205804,"n":"Salade de pomme de terre  au saucisson cuit de Lyon 300g","p":2.65,"u":"8,83 €/KG","img":"https://fd13-photos.leclercdrive.fr/image.ashx?id=2768975&use=l&cat=p&typeid=i","cat":333657},{"id":205912,"n":"Adoucissant Lenor Caresse aérienne - x55 - 1.155L","p":7.01,"u":"6,07 €/L","img":"https://fd13-photos.leclercdrive.fr/image.ashx?id=2547876&use=l&cat=p&typeid=i","cat":284650},{"id":205917,"n":"Adoucissant Lenor Calanques Provençales - x55 - 1.155L","p":7.1,"u":"6,15 €/L","img":"https://fd13-photos.leclercdrive.fr/image.ashx?id=2564132&use=l&cat=p&typeid=i","cat":284650},{"id":205921,"n":"Glace à la Crème de Marrons  Clément Faugier - 320g","p":5.96,"u":"18,63 €/KG","img":"https://fd13-photos.leclercdrive.fr/image.ashx?id=2867113&use=l&cat=p&typeid=i","cat":284725},{"id":205938,"n":"Couches Pampers Baby-dry Taille 2 - x58","p":16.25,"u":"0,28 €/P","img":"https://fd13-photos.leclercdrive.fr/image.ashx?id=2655151&use=l&cat=p&typeid=i","cat":284737},{"id":205957,"n":"Fromage Persillée Bresse Bleu Le véritable - 300g","p":3.97,"u":"13,23 €/KG","img":"https://fd13-photos.leclercdrive.fr/image.ashx?id=2926515&use=l&cat=p&typeid=i","cat":314032},{"id":206033,"n":"Biscuits Mots Doux P'tit Déli Chocolat noisettes - 180g","p":1.89,"u":"10,50 €/KG","img":"https://fd13-photos.leclercdrive.fr/image.ashx?id=2771136&use=l&cat=p&typeid=i","cat":284488},{"id":206116,"n":"Rol'nuts  Chocolat cacahuète - 100g","p":0.96,"u":"9,60 €/KG","img":"https://fd13-photos.leclercdrive.fr/image.ashx?id=2507691&use=l&cat=p&typeid=i","cat":284449},{"id":206120,"n":"Crème dépilatoire Expert Veet Corps Peaux sensibles 200ml","p":4.9,"u":"24,50 €/L","img":"https://fd13-photos.leclercdrive.fr/image.ashx?id=2970804&use=l&cat=p&typeid=i","cat":325351},{"id":206122,"n":"Liquide vaisselle Rainett Concentré - Framboise - 500ml","p":1.92,"u":"3,84 €/L","img":"https://fd13-photos.leclercdrive.fr/image.ashx?id=2508792&use=l&cat=p&typeid=i","cat":284655},{"id":206123,"n":"Liquide vaisselle Paic Bi Activ Vinaigre et Sel minéral - 750ml","p":2.96,"u":"3,95 €/L","img":"https://fd13-photos.leclercdrive.fr/image.ashx?id=2508843&use=l&cat=p&typeid=i","cat":284655},{"id":206125,"n":"Riz parfumé  1kg","p":2.29,"u":"2,29 €/KG","img":"https://fd13-photos.leclercdrive.fr/image.ashx?id=2515521&use=l&cat=p&typeid=i","cat":284428},{"id":206126,"n":"Infusion La Tisanière Nuit calme - x20 - 28g","p":2.67,"u":"95,36 €/KG","img":"https://fd13-photos.leclercdrive.fr/image.ashx?id=2907863&use=l&cat=p&typeid=i","cat":293234},{"id":206132,"n":"Infusion La Tisanière Après repas - x20 - 30g","p":2.83,"u":"94,33 €/KG","img":"https://fd13-photos.leclercdrive.fr/image.ashx?id=2843947&use=l&cat=p&typeid=i","cat":293234},{"id":206135,"n":"Infusion La Tisanière Fleur de camomille - x20  - 30g","p":2.74,"u":"91,33 €/KG","img":"https://fd13-photos.leclercdrive.fr/image.ashx?id=2880700&use=l&cat=p&typeid=i","cat":293234},{"id":206136,"n":"Cookies La Biscuiterie Delacre Pépites de chocolat - 136g","p":2.64,"u":"19,41 €/KG","img":"https://fd13-photos.leclercdrive.fr/image.ashx?id=2674086&use=l&cat=p&typeid=i","cat":325066},{"id":206138,"n":"Boisson concentrée Teisseire Grenadine zéro sucres - 1,3L","p":4.56,"u":"3,51 €/L","img":"https://fd13-photos.leclercdrive.fr/image.ashx?id=2508585&use=l&cat=p&typeid=i","cat":295020},{"id":206139,"n":"Sirop Teisseire Cassis - 60cl","p":3.3,"u":"5,50 €/L","img":"https://fd13-photos.leclercdrive.fr/image.ashx?id=2508588&use=l&cat=p&typeid=i","cat":295020},{"id":206140,"n":"Sirop concentré Teisseire Citron vert - 60cl","p":3.3,"u":"5,50 €/L","img":"https://fd13-photos.leclercdrive.fr/image.ashx?id=2508591&use=l&cat=p&typeid=i","cat":295020},{"id":206143,"n":"Sirop Teisseire  Pêche - 60cl","p":3.3,"u":"5,50 €/L","img":"https://fd13-photos.leclercdrive.fr/image.ashx?id=2508597&use=l&cat=p&typeid=i","cat":295020},{"id":206144,"n":"Boisson concentrée Teisseire A diluer grenadine Zéro - 60cl","p":2.72,"u":"4,53 €/L","img":"https://fd13-photos.leclercdrive.fr/image.ashx?id=2508600&use=l&cat=p&typeid=i","cat":295020},{"id":206147,"n":"Boisson concentrée Teisseire Menthe verte sans sucres - 60cl","p":2.74,"u":"4,57 €/L","img":"https://fd13-photos.leclercdrive.fr/image.ashx?id=2508603&use=l&cat=p&typeid=i","cat":295020},{"id":206149,"n":"Boisson concentrée Teisseire Citron sans sucres - 60cl","p":2.89,"u":"4,82 €/L","img":"https://fd13-photos.leclercdrive.fr/image.ashx?id=2508606&use=l&cat=p&typeid=i","cat":295020},{"id":206158,"n":"Steaks végétaux et gourmands Happyvore x2 - 200g","p":3.67,"u":"18,35 €/KG","img":"https://fd13-photos.leclercdrive.fr/image.ashx?id=2736148&use=l&cat=p&typeid=i","cat":316036},{"id":206163,"n":"Sirop Teisseire  Menthe verte - 60cl","p":2.25,"u":"3,75 €/L","img":"https://fd13-photos.leclercdrive.fr/image.ashx?id=2772726&use=l&cat=p&typeid=i","cat":295020},{"id":206167,"n":"Supremes panés végétaux  HappyVore x2 -180g","p":3.93,"u":"21,83 €/KG","img":"https://fd13-photos.leclercdrive.fr/image.ashx?id=2787527&use=l&cat=p&typeid=i","cat":316036},{"id":206168,"n":"Boisson concentrée Teisseire Menthe verte sans sucres - 1.3L","p":5.13,"u":"3,95 €/L","img":"https://fd13-photos.leclercdrive.fr/image.ashx?id=2509319&use=l&cat=p&typeid=i","cat":295020},{"id":206169,"n":"Sirop Tesseire Citron - 60cl","p":2.25,"u":"3,75 €/L","img":"https://fd13-photos.leclercdrive.fr/image.ashx?id=2771747&use=l&cat=p&typeid=i","cat":295020},{"id":206170,"n":"Sirop Teisseire Framboise - 60cl","p":3.46,"u":"5,77 €/L","img":"https://fd13-photos.leclercdrive.fr/image.ashx?id=2509331&use=l&cat=p&typeid=i","cat":295020},{"id":206172,"n":"Biscuits Kinder Tronky fourrés Cacao et au lait  - 90g","p":1.96,"u":"21,78 €/KG","img":"https://fd13-photos.leclercdrive.fr/image.ashx?id=2916462&use=l&cat=p&typeid=i","cat":284488},{"id":206192,"n":"Soda Schweppes Saveur Agrumes - 4x1,5L","p":6.65,"u":"1,11 €/L","img":"https://fd13-photos.leclercdrive.fr/image.ashx?id=2852453&use=l&cat=p&typeid=i","cat":284532},{"id":206227,"n":"Crème anti-démangeaisons BepanthenSensicalm - 20g","p":5.83,"u":"291,50 €/KG","img":"https://fd13-photos.leclercdrive.fr/image.ashx?id=2508981&use=l&cat=p&typeid=i","cat":290405},{"id":206230,"n":"Huile essentielle Puressentiel Camomille Romaine - 5ml","p":10.69,"img":"https://fd13-photos.leclercdrive.fr/image.ashx?id=2508984&use=l&cat=p&typeid=i","cat":298633},{"id":206238,"n":"Crème mains Neutrogena Concentrée-Sans parfum - 2x50ml","p":9.17,"u":"91,70 €/L","img":"https://fd13-photos.leclercdrive.fr/image.ashx?id=2508996&use=l&cat=p&typeid=i","cat":290424},{"id":206260,"n":"Eau oxygénée Gilbert Stabilisée - 20 volumes - 250ml","p":3.45,"u":"13,80 €/L","img":"https://fd13-photos.leclercdrive.fr/image.ashx?id=2509643&use=l&cat=p&typeid=i","cat":291163},{"id":206261,"n":"Eau oxygénée Gilbert 30 volumes - 250ml","p":3.77,"u":"15,08 €/L","img":"https://fd13-photos.leclercdrive.fr/image.ashx?id=2509646&use=l&cat=p&typeid=i","cat":291163},{"id":206263,"n":"Anti-adhésif Gilbert 125ml","p":3.99,"u":"31,92 €/L","img":"https://fd13-photos.leclercdrive.fr/image.ashx?id=2509652&use=l&cat=p&typeid=i","cat":291163},{"id":206264,"n":"Crème d'eau Uriage Eau Thermale 40ml","p":12.89,"u":"322,25 €/L","img":"https://fd13-photos.leclercdrive.fr/image.ashx?id=2509038&use=l&cat=p&typeid=i","cat":291171},{"id":206300,"n":"Sirop Teisseire  Fruit de la passion - 60cl","p":3.59,"u":"5,98 €/L","img":"https://fd13-photos.leclercdrive.fr/image.ashx?id=2510780&use=l&cat=p&typeid=i","cat":295020},{"id":206315,"n":"Boisson énergisante  Monster - Juiced khaotic 50cl","p":1.67,"u":"3,34 €/L","img":"https://fd13-photos.leclercdrive.fr/image.ashx?id=2511047&use=l&cat=p&typeid=i","cat":284533},{"id":206363,"n":"Spray Répulsif poux Puressentiel - 75ml","p":7.83,"u":"104,40 €/L","img":"https://fd13-photos.leclercdrive.fr/image.ashx?id=2509568&use=l&cat=p&typeid=i","cat":301248},{"id":206365,"n":"Spray hypertonique Marimer Nez bouché - 100ml","p":3.88,"u":"38,80 €/L","img":"https://fd13-photos.leclercdrive.fr/image.ashx?id=2519174&use=l&cat=p&typeid=i","cat":301256},{"id":206379,"n":"Recharge gel lavant Topialyse SVR - 1L","p":6.46,"pp":4.84,"u":"4,84 €/L","img":"https://fd13-photos.leclercdrive.fr/image.ashx?id=2510130&use=l&cat=p&typeid=i","cat":301591},{"id":206380,"n":"Recharge Huile lavante Topyalise SVR - 1L","p":12.99,"pp":9.74,"u":"9,74 €/L","img":"https://fd13-photos.leclercdrive.fr/image.ashx?id=2510133&use=l&cat=p&typeid=i","cat":301591},{"id":206382,"n":"Spray hygiène nasale hydratant Puressentiel- 100ml","p":8.43,"u":"84,30 €/L","img":"https://fd13-photos.leclercdrive.fr/image.ashx?id=2510139&use=l&cat=p&typeid=i","cat":301256},{"id":206385,"n":"Huile essentielle Puressentiel Ravintsara Bio - 10ml","p":6.5,"u":"650,00 €/L","img":"https://fd13-photos.leclercdrive.fr/image.ashx?id=2510142&use=l&cat=p&typeid=i","cat":298633},{"id":206397,"n":"Rêve de miel baume lèvres Nuxe  Nourrissant & réparateur - 15g","p":7.49,"img":"https://fd13-photos.leclercdrive.fr/image.ashx?id=2651504&use=l&cat=p&typeid=i","cat":291172},{"id":206406,"n":"Euphytose nuit Bayer x15","p":9.68,"img":"https://fd13-photos.leclercdrive.fr/image.ashx?id=2638954&use=l&cat=p&typeid=i","cat":301265},{"id":206414,"n":"Gummies cheveux Forcapil  Croissance - x60","p":13.89,"img":"https://fd13-photos.leclercdrive.fr/image.ashx?id=2939934&use=l&cat=p&typeid=i","cat":301266},{"id":206422,"n":"Arkomag magnésium B6 Arkopharma Nervosité et fatigue - x120","p":7.16,"u":"0,06 €/P","img":"https://fd13-photos.leclercdrive.fr/image.ashx?id=2510936&use=l&cat=p&typeid=i","cat":301264},{"id":206423,"n":"Crème protectrice visage Bébé Calendula - 50ml","p":6.06,"u":"121,20 €/L","img":"https://fd13-photos.leclercdrive.fr/image.ashx?id=2510118&use=l&cat=p&typeid=i","cat":291171},{"id":206424,"n":"1ère huile lavante bébé Uriage 500ml","p":11.5,"u":"23,00 €/L","img":"https://fd13-photos.leclercdrive.fr/image.ashx?id=2510124&use=l&cat=p&typeid=i","cat":290425},{"id":206425,"n":"1ère lingette eau bébé Uriage x70","p":5.44,"img":"https://fd13-photos.leclercdrive.fr/image.ashx?id=2510127&use=l&cat=p&typeid=i","cat":290387},{"id":206426,"n":"Gummies sommeil Forté Pharma Forté Nuit - x20","p":13.3,"img":"https://fd13-photos.leclercdrive.fr/image.ashx?id=2510969&use=l&cat=p&typeid=i","cat":301265},{"id":206429,"n":"Compléments alimentaires Luxéol Chute de cheveux - x90 gélules","p":35.71,"u":"0,40 €/P","img":"https://fd13-photos.leclercdrive.fr/image.ashx?id=2805489&use=l&cat=p&typeid=i","cat":301266},{"id":206430,"n":"Gummies Luxéol Cheveux et ongles - x60","p":19.89,"u":"0,33 €/P","img":"https://fd13-photos.leclercdrive.fr/image.ashx?id=2921942&use=l&cat=p&typeid=i","cat":301266},{"id":206434,"n":"Ortis Fruits &Fibres Forte Transit intestinal - 2x12","p":9.0,"pp":6.3,"u":"0,26 €/P","img":"https://fd13-photos.leclercdrive.fr/image.ashx?id=2510166&use=l&cat=p&typeid=i","cat":301268},{"id":206443,"n":"Sirop Teisseire  Violette - 60cl","p":3.3,"u":"5,50 €/L","img":"https://fd13-photos.leclercdrive.fr/image.ashx?id=2510786&use=l&cat=p&typeid=i","cat":295020},{"id":206446,"n":"Bière d'Abbaye Grimbergen 6,5° - 20x25cl","p":16.95,"u":"3,39 €/L","img":"https://fd13-photos.leclercdrive.fr/image.ashx?id=2510771&use=l&cat=p&typeid=i","cat":334852},{"id":206448,"n":"Rhum blanc  La Martiniquaise 40° 20cl","p":3.35,"u":"16,75 €/L","img":"https://fd13-photos.leclercdrive.fr/image.ashx?id=2962242&use=l&cat=p&typeid=i","cat":284550},{"id":206471,"n":"Baume du Tigre Blanc T 19g","p":6.7,"u":"352,63 €/KG","img":"https://fd13-photos.leclercdrive.fr/image.ashx?id=2511104&use=l&cat=p&typeid=i","cat":290421},{"id":206473,"n":"Huile prodigieuse Nuxe  Visage, corps, cheveux - 50ml","p":13.9,"u":"278,00 €/L","img":"https://fd13-photos.leclercdrive.fr/image.ashx?id=2651486&use=l&cat=p&typeid=i","cat":290422},{"id":206474,"n":"Huile relaxante Weleda Lavande - 100ml","p":13.19,"u":"131,90 €/L","img":"https://fd13-photos.leclercdrive.fr/image.ashx?id=2510482&use=l&cat=p&typeid=i","cat":290422},{"id":206476,"n":"Magné control 2 MOIS BT 60 2 mois - x60","p":7.99,"u":"0,13 €/P","img":"https://fd13-photos.leclercdrive.fr/image.ashx?id=2510485&use=l&cat=p&typeid=i","cat":301264},{"id":206537,"n":"Cookies La Biscuiterie Delacre Chocolat et noisette - 136g","p":2.21,"u":"16,25 €/KG","img":"https://fd13-photos.leclercdrive.fr/image.ashx?id=2784752&use=l&cat=p&typeid=i","cat":325066},{"id":206538,"n":"Cookies La Biscuiterie Delacre Chocolat noir et lait - 136g","p":2.58,"u":"18,97 €/KG","img":"https://fd13-photos.leclercdrive.fr/image.ashx?id=2661667&use=l&cat=p&typeid=i","cat":325066},{"id":206553,"n":"Serviettes hygiéniques Always Ultra Jour&Nuit Taille 3 - x22","p":4.3,"u":"0,20 €/P","img":"https://fd13-photos.leclercdrive.fr/image.ashx?id=2849433&use=l&cat=p&typeid=i","cat":284624},{"id":206558,"n":"Gummies Luxéol  Pousse des cheveux - x60","p":19.89,"u":"0,33 €/P","img":"https://fd13-photos.leclercdrive.fr/image.ashx?id=2565317&use=l&cat=p&typeid=i","cat":301266},{"id":206559,"n":"Thé Morning Boost Panda Tea Bio - 28 sachets","p":14.36,"pp":10.77,"img":"https://fd13-photos.leclercdrive.fr/image.ashx?id=2540793&use=l&cat=p&typeid=i","cat":301268},{"id":206560,"n":"Thé Night Cleanse Panda Tea Bio - 28 sachets","p":14.14,"pp":10.6,"img":"https://fd13-photos.leclercdrive.fr/image.ashx?id=2540796&use=l&cat=p&typeid=i","cat":301268},{"id":206582,"n":"Liquide vaiselle Paic Bi Activ Vinaigre et citron - 750ml","p":2.98,"u":"3,97 €/L","img":"https://fd13-photos.leclercdrive.fr/image.ashx?id=2966797&use=l&cat=p&typeid=i","cat":284655},{"id":206583,"n":"Liquide vaiselle Paic Bi Activ Vinaigre et menthol - 750ml","p":3.02,"u":"4,03 €/L","img":"https://fd13-photos.leclercdrive.fr/image.ashx?id=2512075&use=l&cat=p&typeid=i","cat":284655},{"id":206608,"n":"Amincissant ventre et hanches  Somatoline - Cryogel - 250ml","p":28.79,"u":"115,16 €/L","img":"https://fd13-photos.leclercdrive.fr/image.ashx?id=2512300&use=l&cat=p&typeid=i","cat":291161},{"id":206612,"n":"Brûleur de graisse Forté Pharma XtraSlim max 24 - 60 comprimés","p":37.79,"img":"https://fd13-photos.leclercdrive.fr/image.ashx?id=2512258&use=l&cat=p&typeid=i","cat":301267},{"id":206613,"n":"Thé glacé Oasis Ice Tea Saveur Framboise Cassis - 1,5L","p":1.91,"u":"1,27 €/L","img":"https://fd13-photos.leclercdrive.fr/image.ashx?id=2681730&use=l&cat=p&typeid=i","cat":295019},{"id":206614,"n":"Thé glacé Oasis Ice Tea Saveur Pêche - 6x33cl","p":3.62,"u":"1,83 €/L","img":"https://fd13-photos.leclercdrive.fr/image.ashx?id=2873865&use=l&cat=p&typeid=i","cat":295019},{"id":206615,"n":"Boisson aux fruits Oasis Tropical sans sucres - 1,5L","p":2.0,"u":"1,33 €/L","img":"https://fd13-photos.leclercdrive.fr/image.ashx?id=2681739&use=l&cat=p&typeid=i","cat":295018},{"id":206617,"n":"Lessive liquide Arbre Vert Recharge x34 - 1.53L","p":6.07,"u":"3,97 €/L","img":"https://fd13-photos.leclercdrive.fr/image.ashx?id=2680209&use=l&cat=p&typeid=i","cat":284640},{"id":206661,"n":"Pré shampooing Elsève  Pro Bond Repair - 200ml","p":8.48,"u":"42,40 €/L","img":"https://fd13-photos.leclercdrive.fr/image.ashx?id=2870680&use=l&cat=p&typeid=i","cat":284606},{"id":206721,"n":"Sundae Ben & Jerry's Dulce de-delish - 342g","p":5.52,"u":"15,77 €/KG","img":"https://fd13-photos.leclercdrive.fr/image.ashx?id=2805654&use=l&cat=p&typeid=i","cat":284725},{"id":206725,"n":"Bâtonnet Magnum Double Sunlover x4 - 300g","p":3.78,"u":"12,60 €/KG","img":"https://fd13-photos.leclercdrive.fr/image.ashx?id=2886397&use=l&cat=p&typeid=i","cat":284265},{"id":206726,"n":"Glace Bâtonnet MAGNUM Double Caramel 4x85ml","p":2.93,"u":"10,32 €/KG","img":"https://fd13-photos.leclercdrive.fr/image.ashx?id=2770626&use=l&cat=p&typeid=i","cat":284265},{"id":206727,"n":"Bâtonnet Magnum Double Chocolat x4 - 284g","p":2.93,"u":"10,32 €/KG","img":"https://fd13-photos.leclercdrive.fr/image.ashx?id=3009284&use=l&cat=p&typeid=i","cat":284265},{"id":206916,"n":"Mâche Eco+ 125g","p":0.99,"img":"https://fd13-photos.leclercdrive.fr/image.ashx?id=2958305&use=l&cat=p&typeid=i","cat":284352},{"id":206935,"n":"Thon entier Eco+ 140g","p":1.33,"u":"9,50 €/KG","img":"https://fd13-photos.leclercdrive.fr/image.ashx?id=2967540&use=l&cat=p&typeid=i","cat":303867},{"id":206942,"n":"Limonade Lorina L'Originale 4x33cl","p":2.99,"u":"2,27 €/L","img":"https://fd13-photos.leclercdrive.fr/image.ashx?id=2518712&use=l&cat=p&typeid=i","cat":284531},{"id":206950,"n":"Gaufrettes P'tit Déli Fourrés - 128g","p":1.59,"u":"12,42 €/KG","img":"https://fd13-photos.leclercdrive.fr/image.ashx?id=2842522&use=l&cat=p&typeid=i","cat":284488},{"id":206981,"n":"Rôti de poulet Fleury Michon 100% filet CSN x4 - 150g","p":2.46,"u":"16,40 €/KG","img":"https://fd13-photos.leclercdrive.fr/image.ashx?id=2892670&use=l&cat=p&typeid=i","cat":316010},{"id":206985,"n":"Haché de jambon Fleury Michon À poêler x2 - 190g","p":1.95,"u":"10,26 €/KG","img":"https://fd13-photos.leclercdrive.fr/image.ashx?id=2518649&use=l&cat=p&typeid=i","cat":316009},{"id":206987,"n":"Haché jambon fromage  Fleury Michon x2 - 180g","p":2.08,"u":"11,56 €/KG","img":"https://fd13-photos.leclercdrive.fr/image.ashx?id=2522164&use=l&cat=p&typeid=i","cat":316009},{"id":206990,"n":"Haché de poulet Fleury Michon À poêler x2 - 160g","p":2.06,"u":"12,88 €/KG","img":"https://fd13-photos.leclercdrive.fr/image.ashx?id=2524709&use=l&cat=p&typeid=i","cat":316010},{"id":206994,"n":"Allumettes de poulet  Fleury Michon x2 - 150g","p":1.73,"u":"11,53 €/KG","img":"https://fd13-photos.leclercdrive.fr/image.ashx?id=2659647&use=l&cat=p&typeid=i","cat":316011},{"id":206995,"n":"Cocktail prêt à boire Tails Rhum Daiquiri 14,9° - 50cl","p":14.95,"u":"29,90 €/L","img":"https://fd13-photos.leclercdrive.fr/image.ashx?id=2859860&use=l&cat=p&typeid=i","cat":284551},{"id":206996,"n":"Cocktail prêt à boire Tails Cosmo framboise 14,9° - 50cl","p":14.64,"u":"29,28 €/L","img":"https://fd13-photos.leclercdrive.fr/image.ashx?id=2858279&use=l&cat=p&typeid=i","cat":284551},{"id":206997,"n":"Couscous à la marocaine légumes Fleury Michon - 450g","p":3.85,"u":"8,56 €/KG","img":"https://fd13-photos.leclercdrive.fr/image.ashx?id=2656724&use=l&cat=p&typeid=i","cat":333665},{"id":207017,"n":"Monster Top Speed Zero 50CL","p":1.55,"u":"3,10 €/L","img":"https://fd13-photos.leclercdrive.fr/image.ashx?id=2861174&use=l&cat=p&typeid=i","cat":284533},{"id":207019,"n":"Monster Aussie Lemonade Boite - 50cl","p":1.67,"u":"3,34 €/L","img":"https://fd13-photos.leclercdrive.fr/image.ashx?id=2519552&use=l&cat=p&typeid=i","cat":284533},{"id":207042,"n":"Sirop Teisseire Grenadine Bidon mega - 1.3L","p":5.23,"u":"4,02 €/L","img":"https://fd13-photos.leclercdrive.fr/image.ashx?id=2519480&use=l&cat=p&typeid=i","cat":295020},{"id":207043,"n":"Lessive Liquide L'Arbre Vert Savon végétal 45 lavages 2,025L","p":6.96,"u":"3,44 €/L","img":"https://fd13-photos.leclercdrive.fr/image.ashx?id=3008542&use=l&cat=p&typeid=i","cat":284640},{"id":207044,"n":"Recharge Lessive l'Arbre Vert Amande Douce 34 lavages 1,53L","p":6.48,"u":"4,24 €/L","img":"https://fd13-photos.leclercdrive.fr/image.ashx?id=2684503&use=l&cat=p&typeid=i","cat":284640},{"id":207045,"n":"Goûter frais Nesquik snack Chocolat au lait - 4x104g","p":1.49,"u":"14,33 €/KG","img":"https://fd13-photos.leclercdrive.fr/image.ashx?id=2661507&use=l&cat=p&typeid=i","cat":284420},{"id":207047,"n":"Beurre de cacahuètes Menguy's 454g","p":4.07,"u":"8,96 €/KG","img":"https://fd13-photos.leclercdrive.fr/image.ashx?id=2844088&use=l&cat=p&typeid=i","cat":284481},{"id":207073,"n":"Tablette lave vaiselle L'Arbre Vert Tout-en-1 - x32","p":4.99,"u":"8,54 €/KG","img":"https://fd13-photos.leclercdrive.fr/image.ashx?id=2672332&use=l&cat=p&typeid=i","cat":284656},{"id":207074,"n":"Vaisselle mains L'Arbre Vert Peaux sensibles - 500ml","p":1.61,"u":"3,22 €/L","img":"https://fd13-photos.leclercdrive.fr/image.ashx?id=2845428&use=l&cat=p&typeid=i","cat":284655},{"id":207075,"n":"Vaisselle Main L'Arbre Vert Amande - 500ml","p":1.54,"u":"3,08 €/L","img":"https://fd13-photos.leclercdrive.fr/image.ashx?id=2845431&use=l&cat=p&typeid=i","cat":284655},{"id":207076,"n":"Recharge Vaisselle mains L'Arbre Vert - Amande - 1L","p":2.79,"u":"2,79 €/L","img":"https://fd13-photos.leclercdrive.fr/image.ashx?id=2849926&use=l&cat=p&typeid=i","cat":284655},{"id":207101,"n":"Boîte Cotons tiges Feel Natural Blanc - Bambou - x200","p":0.91,"pp":0.55,"img":"https://fd13-photos.leclercdrive.fr/image.ashx?id=2544888&use=l&cat=p&typeid=i","cat":284636},{"id":207137,"n":"Assouplissant Minidou Vent de fraîcheur - 1L - x50","p":4.22,"u":"4,22 €/L","img":"https://fd13-photos.leclercdrive.fr/image.ashx?id=2795887&use=l&cat=p&typeid=i","cat":284650},{"id":207139,"n":"Serviettes hygiéniques Always  Ultra - Secure night - x18","p":4.58,"u":"0,25 €/P","img":"https://fd13-photos.leclercdrive.fr/image.ashx?id=2849436&use=l&cat=p&typeid=i","cat":284624},{"id":207140,"n":"Serviettes hygiéniques Always Ultra - Secure night extra- x16","p":4.02,"u":"0,25 €/P","img":"https://fd13-photos.leclercdrive.fr/image.ashx?id=3000878&use=l&cat=p&typeid=i","cat":284624},{"id":207154,"n":"Thon naturel Petit Navire 112g","p":2.25,"u":"20,09 €/KG","img":"https://fd13-photos.leclercdrive.fr/image.ashx?id=3003092&use=l&cat=p&typeid=i","cat":303867},{"id":207155,"n":"Cocktail prêt à boire Tails Fruit de la passion 14,9° -50cl","p":14.7,"u":"29,40 €/L","img":"https://fd13-photos.leclercdrive.fr/image.ashx?id=2858273&use=l&cat=p&typeid=i","cat":284551},{"id":207157,"n":"Biscuits La Biscuiterie Delacre Caramel intense - 130g","p":2.55,"u":"19,62 €/KG","img":"https://fd13-photos.leclercdrive.fr/image.ashx?id=2926323&use=l&cat=p&typeid=i","cat":284490},{"id":207158,"n":"Biscuits La Biscuiterie Delacre Sablés chocolat Noir - 130g","p":2.54,"u":"19,54 €/KG","img":"https://fd13-photos.leclercdrive.fr/image.ashx?id=2674092&use=l&cat=p&typeid=i","cat":284490},{"id":207174,"n":"Nouilles vermicelles de riz Tanoshi Vietnam 250g","p":1.8,"u":"7,20 €/KG","img":"https://fd13-photos.leclercdrive.fr/image.ashx?id=2732290&use=l&cat=p&typeid=i","cat":288992},{"id":207175,"n":"Kit bobun Tanoshi 485g","p":6.97,"u":"14,37 €/KG","img":"https://fd13-photos.leclercdrive.fr/image.ashx?id=2850910&use=l&cat=p&typeid=i","cat":288992},{"id":207181,"n":"Sucre Saint Louis Spécial Espresso - 1kg","p":2.45,"u":"2,45 €/KG","img":"https://fd13-photos.leclercdrive.fr/image.ashx?id=2521413&use=l&cat=p&typeid=i","cat":284502},{"id":207198,"n":"Recharge lessive liquide  Rainette Aloe vera - 1.6L","p":5.99,"u":"3,74 €/L","img":"https://fd13-photos.leclercdrive.fr/image.ashx?id=2858684&use=l&cat=p&typeid=i","cat":284640},{"id":207199,"n":"Recharge lessive liquide  Rainett Savon de Marseille 1.6L","p":6.42,"u":"4,01 €/L","img":"https://fd13-photos.leclercdrive.fr/image.ashx?id=2842129&use=l&cat=p&typeid=i","cat":284640},{"id":207209,"n":"Yaourt nature Calin Extra 8x100g","p":2.03,"u":"2,54 €/KG","img":"https://fd13-photos.leclercdrive.fr/image.ashx?id=2973745&use=l&cat=p&typeid=i","cat":284409},{"id":207210,"n":"Fromage à tartiner Kiri Délicieusement fouetté - 125g","p":2.26,"u":"18,08 €/KG","img":"https://fd13-photos.leclercdrive.fr/image.ashx?id=2686591&use=l&cat=p&typeid=i","cat":314029},{"id":207220,"n":"Prodigieux lait parfumé Nuxe  Corps sublimateur - 200ml","p":12.25,"u":"61,25 €/L","img":"https://fd13-photos.leclercdrive.fr/image.ashx?id=2651480&use=l&cat=p&typeid=i","cat":290421},{"id":207225,"n":"Crème prodigieuse boost Nuxe  Gel anti-âge - 40ml","p":23.99,"u":"599,75 €/L","img":"https://fd13-photos.leclercdrive.fr/image.ashx?id=2583918&use=l&cat=p&typeid=i","cat":290421},{"id":207230,"n":"Crème prodigieuse boost Nuxe  Gel baume yeux anti-âge - 15ml","p":19.49,"img":"https://fd13-photos.leclercdrive.fr/image.ashx?id=2583924&use=l&cat=p&typeid=i","cat":291172},{"id":207238,"n":"Liqueur Whisky Fireball - 70cl 33% vol.","p":18.78,"u":"26,83 €/L","img":"https://fd13-photos.leclercdrive.fr/image.ashx?id=2531649&use=l&cat=p&typeid=i","cat":286032},{"id":207248,"n":"Infusion La Tisanière Nuit calme - x20 - 30g","p":2.6,"u":"86,67 €/KG","img":"https://fd13-photos.leclercdrive.fr/image.ashx?id=2816835&use=l&cat=p&typeid=i","cat":293234},{"id":207262,"n":"Capsules Nescafé Dolce Gusto  Grande - x16","p":4.92,"u":"36,18 €/KG","img":"https://fd13-photos.leclercdrive.fr/image.ashx?id=2964153&use=l&cat=p&typeid=i","cat":293239},{"id":207302,"n":"Café dosettes L'Or Espresso Classique Tassimo 2x16 - 208g","p":8.94,"u":"42,98 €/KG","img":"https://fd13-photos.leclercdrive.fr/image.ashx?id=2871238&use=l&cat=p&typeid=i","cat":293240},{"id":207312,"n":"Café dosette L'or Tassimo Long classique 2x16 - 208g","p":8.94,"u":"42,98 €/KG","img":"https://fd13-photos.leclercdrive.fr/image.ashx?id=2871241&use=l&cat=p&typeid=i","cat":293240},{"id":207326,"n":"Super sérum anti-âge Nuxe  Concentré universel - 30ml","p":49.81,"img":"https://fd13-photos.leclercdrive.fr/image.ashx?id=2827308&use=l&cat=p&typeid=i","cat":291168},{"id":207329,"n":"Merveillance lift Nuxe  Crème anti-âge velours - 50ml","p":31.66,"u":"633,20 €/L","img":"https://fd13-photos.leclercdrive.fr/image.ashx?id=2542342&use=l&cat=p&typeid=i","cat":291168},{"id":207331,"n":"Huile solaire capillaire Nuxe  Brume - 100ml","p":14.09,"u":"140,90 €/L","img":"https://fd13-photos.leclercdrive.fr/image.ashx?id=2651534&use=l&cat=p&typeid=i","cat":290399},{"id":207332,"n":"Rêve de miel soin lèvres Nuxe  10ml","p":11.63,"img":"https://fd13-photos.leclercdrive.fr/image.ashx?id=2651546&use=l&cat=p&typeid=i","cat":291172},{"id":207333,"n":"Crème solaire visage corps Nuxe  Lait SPF50 - 150ml","p":16.49,"u":"109,93 €/L","img":"https://fd13-photos.leclercdrive.fr/image.ashx?id=2901941&use=l&cat=p&typeid=i","cat":290396},{"id":207335,"n":"Huile solaire visage corps Nuxe  Huile bronzante SPF50 - 150ml","p":17.45,"u":"116,33 €/L","img":"https://fd13-photos.leclercdrive.fr/image.ashx?id=2904176&use=l&cat=p&typeid=i","cat":290395},{"id":207336,"n":"Crème solaire visage corps Nuxe  Spray SPF30 - 150ml","p":18.26,"u":"121,73 €/L","img":"https://fd13-photos.leclercdrive.fr/image.ashx?id=2651558&use=l&cat=p&typeid=i","cat":290396},{"id":207337,"n":"Rêve de miel gel visage Nuxe  Nettoyant démaquillant - 200ml","p":9.95,"u":"49,75 €/L","img":"https://fd13-photos.leclercdrive.fr/image.ashx?id=2651456&use=l&cat=p&typeid=i","cat":301587},{"id":207338,"n":"Nuxe men gel visage homme Nuxe  Multi-fonctions - 50ml","p":19.8,"u":"396,00 €/L","img":"https://fd13-photos.leclercdrive.fr/image.ashx?id=2652224&use=l&cat=p&typeid=i","cat":291167},{"id":207339,"n":"Crème solaire visage Nuxe  Délicieuse SPF30 - 50ml","p":12.5,"u":"250,00 €/L","img":"https://fd13-photos.leclercdrive.fr/image.ashx?id=2651462&use=l&cat=p&typeid=i","cat":290396},{"id":207389,"n":"Cornichon Français Vinaigre 210g","p":4.1,"u":"19,52 €/KG","img":"https://fd13-photos.leclercdrive.fr/image.ashx?id=2899033&use=l&cat=p&typeid=i","cat":284458},{"id":207396,"n":"Galettes moelleuses St Michel Marbrée Chocolat - 180g","p":1.87,"u":"10,39 €/KG","img":"https://fd13-photos.leclercdrive.fr/image.ashx?id=2936263&use=l&cat=p&typeid=i","cat":284487},{"id":207401,"n":"Adoucissant Soupline  Éclat de Fraîcheur - 28p","p":6.12,"u":"0,22 €/P","img":"https://fd13-photos.leclercdrive.fr/image.ashx?id=2583509&use=l&cat=p&typeid=i","cat":284650},{"id":207402,"n":"Adoucissant Soupline  Hypoallergénique - 28p","p":6.3,"u":"0,23 €/P","img":"https://fd13-photos.leclercdrive.fr/image.ashx?id=2818827&use=l&cat=p&typeid=i","cat":284650},{"id":207414,"n":"Café dosettes L'Or Tassimo Long intense - 256g","p":8.94,"u":"34,92 €/KG","img":"https://fd13-photos.leclercdrive.fr/image.ashx?id=2624757&use=l&cat=p&typeid=i","cat":293240},{"id":207431,"n":"Arrangé Damoiseau Coco 30D - 70cl","p":22.5,"u":"32,14 €/L","img":"https://fd13-photos.leclercdrive.fr/image.ashx?id=2524691&use=l&cat=p&typeid=i","cat":284551},{"id":207450,"n":"Capsules Nescafé Dolce Gusto  Grande Intenso - x16","p":5.11,"u":"38,71 €/KG","img":"https://fd13-photos.leclercdrive.fr/image.ashx?id=2525962&use=l&cat=p&typeid=i","cat":293239},{"id":207451,"n":"Café en grains L'OR Espresso 100% Arabica N° 8 500g","p":11.37,"u":"22,74 €/KG","img":"https://fd13-photos.leclercdrive.fr/image.ashx?id=2887731&use=l&cat=p&typeid=i","cat":293237},{"id":207455,"n":"Dosettes café Senseo Caramel x32","p":6.15,"u":"27,70 €/KG","img":"https://fd13-photos.leclercdrive.fr/image.ashx?id=2525977&use=l&cat=p&typeid=i","cat":293238},{"id":207456,"n":"Purée de fruits Eco+ x8 - 800g","p":1.79,"u":"2,24 €/KG","img":"https://fd13-photos.leclercdrive.fr/image.ashx?id=2523507&use=l&cat=p&typeid=i","cat":284416},{"id":207460,"n":"Crème glacée La Laitière Vanille bourbon - 490g","p":3.24,"pp":2.27,"u":"4,63 €/KG","img":"https://fd13-photos.leclercdrive.fr/image.ashx?id=3000009&use=l&cat=p&typeid=i","cat":284263},{"id":207467,"n":"Moutarde Forte Amora 430g","p":1.46,"u":"3,40 €/KG","img":"https://fd13-photos.leclercdrive.fr/image.ashx?id=2526079&use=l&cat=p&typeid=i","cat":288850},{"id":207469,"n":"Moutarde Forte Amora 185g","p":1.56,"u":"8,43 €/KG","img":"https://fd13-photos.leclercdrive.fr/image.ashx?id=2526082&use=l&cat=p&typeid=i","cat":288850},{"id":207471,"n":"Moutarde Mi-forte Amora 415g","p":1.47,"u":"3,54 €/KG","img":"https://fd13-photos.leclercdrive.fr/image.ashx?id=2993176&use=l&cat=p&typeid=i","cat":288850},{"id":207476,"n":"Moutarde de Dijon Fine MAILLE L'Original Bocal - 360g","p":1.46,"u":"4,06 €/KG","img":"https://fd13-photos.leclercdrive.fr/image.ashx?id=2945841&use=l&cat=p&typeid=i","cat":288850},{"id":207478,"n":"Moutarde à l'Ancienne MAILLE Bocal - 360g","p":2.53,"u":"7,03 €/KG","img":"https://fd13-photos.leclercdrive.fr/image.ashx?id=2664307&use=l&cat=p&typeid=i","cat":288850},{"id":207480,"n":"Crème glacée La Laitière Caramel Beurre salé - 490g","p":3.24,"pp":2.27,"u":"4,63 €/KG","img":"https://fd13-photos.leclercdrive.fr/image.ashx?id=2877883&use=l&cat=p&typeid=i","cat":284263},{"id":207491,"n":"Cône Extrême Nestle Coco  Mangue - x6 - 414g","p":4.07,"u":"9,83 €/KG","img":"https://fd13-photos.leclercdrive.fr/image.ashx?id=2844579&use=l&cat=p&typeid=i","cat":284264},{"id":207492,"n":"Crème glacée La Laitière Vanille pécan - 490g","p":3.24,"pp":2.27,"u":"4,63 €/KG","img":"https://fd13-photos.leclercdrive.fr/image.ashx?id=3000015&use=l&cat=p&typeid=i","cat":284263},{"id":207507,"n":"Piles Boutons Lithium Duracell CR 2430 - x2","p":2.44,"img":"https://fd13-photos.leclercdrive.fr/image.ashx?id=2525396&use=l&cat=p&typeid=i","cat":300572},{"id":207508,"n":"Piles Boutons Lithium Duracell CR 2450 - x2","p":3.21,"img":"https://fd13-photos.leclercdrive.fr/image.ashx?id=2594542&use=l&cat=p&typeid=i","cat":300572},{"id":207528,"n":"Lessive liquide L'Arbre Vert Peaux sensibles - x34 - 1.53L","p":6.98,"u":"4,56 €/L","img":"https://fd13-photos.leclercdrive.fr/image.ashx?id=3008536&use=l&cat=p&typeid=i","cat":284640},{"id":207529,"n":"Recharge lessive L'Arbre Vert Peaux sensibles - x34 - 1.53L","p":6.46,"u":"4,22 €/L","img":"https://fd13-photos.leclercdrive.fr/image.ashx?id=2680212&use=l&cat=p&typeid=i","cat":284640},{"id":207530,"n":"Vaisselle mains L'Arbre Vert Peaux sensibles - 750ml","p":1.77,"u":"2,36 €/L","img":"https://fd13-photos.leclercdrive.fr/image.ashx?id=2850575&use=l&cat=p&typeid=i","cat":284655},{"id":207533,"n":"Préservatifs Durex Feeling  Extra Fins Extra Lubrifiés x12","p":6.57,"img":"https://fd13-photos.leclercdrive.fr/image.ashx?id=2962014&use=l&cat=p&typeid=i","cat":284631},{"id":207540,"n":"Croûtons Tipiak Ail - 75g","p":1.5,"u":"20,00 €/KG","img":"https://fd13-photos.leclercdrive.fr/image.ashx?id=2684461&use=l&cat=p&typeid=i","cat":284464},{"id":207543,"n":"Bandes de cire froide Expert Veet Corps Peaux sèches x40","p":8.82,"u":"0,22 €/P","img":"https://fd13-photos.leclercdrive.fr/image.ashx?id=2970786&use=l&cat=p&typeid=i","cat":null},{"id":207545,"n":"Bandes de cire froide Aiselles Veet Expert Peaux sensibles x16","p":5.55,"u":"0,35 €/P","img":"https://fd13-photos.leclercdrive.fr/image.ashx?id=2970801&use=l&cat=p&typeid=i","cat":325351},{"id":207555,"n":"Serviettes hygiéniques Always Ultra - Normal - x34","p":4.57,"u":"0,13 €/P","img":"https://fd13-photos.leclercdrive.fr/image.ashx?id=2866118&use=l&cat=p&typeid=i","cat":284624},{"id":207557,"n":"Préservatifs Durex Feeling  Extra Lubrifié Extra Fins x20","p":10.0,"u":"0,50 €/P","img":"https://fd13-photos.leclercdrive.fr/image.ashx?id=2964965&use=l&cat=p&typeid=i","cat":284631},{"id":207559,"n":"Préservatifs Durex Pleasure me Perlés et Nervurés x12","p":7.0,"u":"0,58 €/P","img":"https://fd13-photos.leclercdrive.fr/image.ashx?id=2730466&use=l&cat=p&typeid=i","cat":284631},{"id":207588,"n":"Soupe de nouilles Oyakata Ramen miso et legumes - 89g","p":0.96,"u":"10,79 €/KG","img":"https://fd13-photos.leclercdrive.fr/image.ashx?id=2537252&use=l&cat=p&typeid=i","cat":288992},{"id":207590,"n":"Soupe de nouilles Oyakata Poulet Shio - 83g","p":0.97,"u":"11,69 €/KG","img":"https://fd13-photos.leclercdrive.fr/image.ashx?id=2536167&use=l&cat=p&typeid=i","cat":288992},{"id":207591,"n":"Soupe de nouilles Oyakata Sauce soja - 83g","p":0.97,"u":"11,69 €/KG","img":"https://fd13-photos.leclercdrive.fr/image.ashx?id=2536170&use=l&cat=p&typeid=i","cat":288992},{"id":207592,"n":"Fusilli Di Canossa Sauce carbonara - 70g","p":1.93,"u":"27,57 €/KG","img":"https://fd13-photos.leclercdrive.fr/image.ashx?id=2854789&use=l&cat=p&typeid=i","cat":289010},{"id":207598,"n":"Crème coco Real Thai 500ml","p":3.89,"u":"7,78 €/L","img":"https://fd13-photos.leclercdrive.fr/image.ashx?id=2528189&use=l&cat=p&typeid=i","cat":294991},{"id":207604,"n":"Bandes de cire froide Maillot Veet Expert Peaux sensibles x16","p":5.28,"u":"0,33 €/P","img":"https://fd13-photos.leclercdrive.fr/image.ashx?id=2970798&use=l&cat=p&typeid=i","cat":325351},{"id":207607,"n":"Dentifrice Elmex Anti-caries - 75ml","p":4.35,"u":"58,00 €/L","img":"https://fd13-photos.leclercdrive.fr/image.ashx?id=2721184&use=l&cat=p&typeid=i","cat":284612},{"id":207621,"n":"Carrés démaquillant Feel Natural - +Filet de lavage - x6","p":8.69,"pp":5.21,"img":"https://fd13-photos.leclercdrive.fr/image.ashx?id=2528066&use=l&cat=p&typeid=i","cat":285593},{"id":207627,"n":"ST MARC Pistolet Antibactérien - 750ml","p":2.01,"u":"2,68 €/L","img":"https://fd13-photos.leclercdrive.fr/image.ashx?id=2528054&use=l&cat=p&typeid=i","cat":325357},{"id":207818,"n":"Crayons Colorpeps Maped Infinity - x18","p":3.11,"img":"https://fd13-photos.leclercdrive.fr/image.ashx?id=2527844&use=l&cat=p&typeid=i","cat":284696},{"id":207828,"n":"Marqueur Maped  Peinture effaçable blanche -x1","p":3.53,"img":"https://fd13-photos.leclercdrive.fr/image.ashx?id=2527826&use=l&cat=p&typeid=i","cat":284696},{"id":207829,"n":"Porte-mine automatique Maped 0,5mmx3","p":2.56,"img":"https://fd13-photos.leclercdrive.fr/image.ashx?id=2527808&use=l&cat=p&typeid=i","cat":284696},{"id":207830,"n":"Porte-mine automatique Maped 0,7mmx3","p":2.56,"img":"https://fd13-photos.leclercdrive.fr/image.ashx?id=2527811&use=l&cat=p&typeid=i","cat":284696},{"id":207835,"n":"Surligneur Maped Flex - x4","p":4.25,"img":"https://fd13-photos.leclercdrive.fr/image.ashx?id=2527814&use=l&cat=p&typeid=i","cat":284696},{"id":207837,"n":"Taille crayon shaker Maped Pingouin - 1 trou - Réserve","p":1.62,"img":"https://fd13-photos.leclercdrive.fr/image.ashx?id=2541699&use=l&cat=p&typeid=i","cat":334133},{"id":207838,"n":"Taille crayon shaker Maped Panda - 1 trou - Réserve","p":1.62,"img":"https://fd13-photos.leclercdrive.fr/image.ashx?id=2541702&use=l&cat=p&typeid=i","cat":334133},{"id":207839,"n":"Stylos bille Papermate InkJoy  Fun - x8","p":2.49,"u":"0,31 €/P","img":"https://fd13-photos.leclercdrive.fr/image.ashx?id=2527967&use=l&cat=p&typeid=i","cat":284696},{"id":207840,"n":"Stylos bille Papermate InkJoy  Bleu - x8","p":1.91,"u":"0,24 €/P","img":"https://fd13-photos.leclercdrive.fr/image.ashx?id=2605638&use=l&cat=p&typeid=i","cat":284696},{"id":207841,"n":"Stylos bille Papermate InkJoy Pointe moyenne - x8","p":2.49,"u":"0,31 €/P","img":"https://fd13-photos.leclercdrive.fr/image.ashx?id=2527973&use=l&cat=p&typeid=i","cat":284696},{"id":207842,"n":"Ruban correcteur Papermate Dryline Grip - x3","p":3.9,"u":"1,30 €/P","img":"https://fd13-photos.leclercdrive.fr/image.ashx?id=2527964&use=l&cat=p&typeid=i","cat":334133},{"id":207843,"n":"Stylos bille Papermate Noir - Kilometrico recyled -x8","p":2.35,"u":"0,29 €/P","img":"https://fd13-photos.leclercdrive.fr/image.ashx?id=2677759&use=l&cat=p&typeid=i","cat":284696},{"id":207844,"n":"Stylos bille Papermate Couleurs Kilometrico recyled x8","p":2.35,"u":"0,29 €/P","img":"https://fd13-photos.leclercdrive.fr/image.ashx?id=2573244&use=l&cat=p&typeid=i","cat":284696},{"id":207845,"n":"Stylos bille Papermate Assortis-Kilometrico recyled-x8","p":2.23,"u":"0,28 €/P","img":"https://fd13-photos.leclercdrive.fr/image.ashx?id=2527469&use=l&cat=p&typeid=i","cat":284696},{"id":207847,"n":"Cahiers Blush clairefontaine  21x29.7cm- 96 pages- Seyes - x5","p":7.63,"img":"https://fd13-photos.leclercdrive.fr/image.ashx?id=2527496&use=l&cat=p&typeid=i","cat":284697},{"id":207859,"n":"Boîte classement Exacompta Violet - 24x32cm - Dos 25mm","p":2.87,"img":"https://fd13-photos.leclercdrive.fr/image.ashx?id=2541784&use=l&cat=p&typeid=i","cat":284745},{"id":207860,"n":"Boîte classement Exacompta Noir - 24x32cm - Dos 25mm","p":2.87,"img":"https://fd13-photos.leclercdrive.fr/image.ashx?id=2541787&use=l&cat=p&typeid=i","cat":284745},{"id":207865,"n":"Boîte classement Exacompta Rouge - 24x32cm - Dos 40mm","p":4.51,"img":"https://fd13-photos.leclercdrive.fr/image.ashx?id=2541802&use=l&cat=p&typeid=i","cat":284745},{"id":207894,"n":"Cahier spirale Clairefontaine Vert paon-16x22cm - 160 pages","p":2.41,"img":"https://fd13-photos.leclercdrive.fr/image.ashx?id=2541889&use=l&cat=p&typeid=i","cat":284697},{"id":207908,"n":"Chemise élastique Exacompta Violet - 3 rabats - 12x16cm","p":2.29,"img":"https://fd13-photos.leclercdrive.fr/image.ashx?id=2544768&use=l&cat=p&typeid=i","cat":284745},{"id":207936,"n":"Couvre-livres Clairefontaine Incolore - 0.4x4m","p":4.63,"img":"https://fd13-photos.leclercdrive.fr/image.ashx?id=2527472&use=l&cat=p&typeid=i","cat":284697},{"id":207973,"n":"Stylo Frixion Ball Stick Pilot Bleu x4 + Jaune","p":7.07,"img":"https://fd13-photos.leclercdrive.fr/image.ashx?id=2577998&use=l&cat=p&typeid=i","cat":284696},{"id":207974,"n":"Stylo Frixion Ball Stick Pilot Noir, Bleu, Rouge, Vert + Jaune","p":7.07,"img":"https://fd13-photos.leclercdrive.fr/image.ashx?id=2528666&use=l&cat=p&typeid=i","cat":284696},{"id":207976,"n":"Feutre Fineliner Pilot Noir - x1","p":1.55,"img":"https://fd13-photos.leclercdrive.fr/image.ashx?id=2528681&use=l&cat=p&typeid=i","cat":284696},{"id":207979,"n":"Stylo Frixion Ball Pilot Noir - N-05 - Encre effaçable","p":3.64,"img":"https://fd13-photos.leclercdrive.fr/image.ashx?id=2533520&use=l&cat=p&typeid=i","cat":284696},{"id":207980,"n":"Stylo Frixion Ball Stick Pilot Bleu - Encre effaçable","p":1.6,"img":"https://fd13-photos.leclercdrive.fr/image.ashx?id=2539746&use=l&cat=p&typeid=i","cat":284696},{"id":207982,"n":"Stylo Frixion Ball Stick Pilot Rouge - encre effaçable","p":1.6,"img":"https://fd13-photos.leclercdrive.fr/image.ashx?id=2559421&use=l&cat=p&typeid=i","cat":284696},{"id":207986,"n":"Stylo Frixion Pilot Noir- N-0.5 - Clicker","p":3.85,"img":"https://fd13-photos.leclercdrive.fr/image.ashx?id=2578013&use=l&cat=p&typeid=i","cat":284696},{"id":207987,"n":"Surligneurs Frixion Light pilot Jaune/ Rose/ Vert - x3","p":4.49,"img":"https://fd13-photos.leclercdrive.fr/image.ashx?id=2528675&use=l&cat=p&typeid=i","cat":284696},{"id":207992,"n":"Stylo bille Pilot B2P Ecoball - x4","p":3.06,"img":"https://fd13-photos.leclercdrive.fr/image.ashx?id=2534686&use=l&cat=p&typeid=i","cat":284696},{"id":207993,"n":"Stylo Vball Pilot Bleu - Ecriture fine - 0.5","p":3.22,"img":"https://fd13-photos.leclercdrive.fr/image.ashx?id=2528684&use=l&cat=p&typeid=i","cat":284696},{"id":207994,"n":"Stylo Vball Pilot Rouge - Ecriture fine - 0.5","p":3.05,"img":"https://fd13-photos.leclercdrive.fr/image.ashx?id=2563472&use=l&cat=p&typeid=i","cat":284696},{"id":208006,"n":"Feutre Intensity Bic Noir - Medium - x2","p":2.02,"img":"https://fd13-photos.leclercdrive.fr/image.ashx?id=2527628&use=l&cat=p&typeid=i","cat":284696},{"id":208007,"n":"Stylo Media Clic Bic Bleu - Bio Based - x2","p":3.2,"img":"https://fd13-photos.leclercdrive.fr/image.ashx?id=2544095&use=l&cat=p&typeid=i","cat":284696},{"id":208008,"n":"Stylo Media Clic Bic Noir - Bio Based - x2","p":2.73,"img":"https://fd13-photos.leclercdrive.fr/image.ashx?id=2544098&use=l&cat=p&typeid=i","cat":284696},{"id":208024,"n":"Crayons de couleur Bic Intensity Watercolor - x24","p":7.95,"img":"https://fd13-photos.leclercdrive.fr/image.ashx?id=2527679&use=l&cat=p&typeid=i","cat":284696},{"id":208025,"n":"Marqueur permanent Bic Bleu - Marking 2300 - Ecolution","p":1.06,"img":"https://fd13-photos.leclercdrive.fr/image.ashx?id=2527589&use=l&cat=p&typeid=i","cat":284696},{"id":208036,"n":"Feutres Intensity Dual Tip Bic Pastel - x6","p":4.23,"img":"https://fd13-photos.leclercdrive.fr/image.ashx?id=2527667&use=l&cat=p&typeid=i","cat":284696},{"id":208041,"n":"Stylo 4 couleurs Bic Wood - x1","p":5.99,"img":"https://fd13-photos.leclercdrive.fr/image.ashx?id=2778152&use=l&cat=p&typeid=i","cat":284696},{"id":208084,"n":"Surligneurs Esquisse x10","p":4.99,"img":"https://fd13-photos.leclercdrive.fr/image.ashx?id=2531590&use=l&cat=p&typeid=i","cat":284696},{"id":208085,"n":"Crayons de couleur Esquisse Effaçable - x12","p":1.7,"img":"https://fd13-photos.leclercdrive.fr/image.ashx?id=2531587&use=l&cat=p&typeid=i","cat":284696},{"id":208086,"n":"Recharges de mines Esquisse 12 mines - HB 0,5mm - x2","p":0.59,"u":"0,30 €/P","img":"https://fd13-photos.leclercdrive.fr/image.ashx?id=2531560&use=l&cat=p&typeid=i","cat":284696},{"id":208097,"n":"Boîte de trombones Esquisse Couleur - x100","p":0.9,"img":"https://fd13-photos.leclercdrive.fr/image.ashx?id=2531557&use=l&cat=p&typeid=i","cat":334133},{"id":208151,"n":"Boisson lactée café Starbucks Skinny Latte - 220ml","p":2.08,"u":"9,45 €/L","img":"https://fd13-photos.leclercdrive.fr/image.ashx?id=2736820&use=l&cat=p&typeid=i","cat":295246},{"id":208152,"n":"Boisson lactée café Starbucks  Vanille macchiato - 220ml","p":2.27,"u":"10,32 €/L","img":"https://fd13-photos.leclercdrive.fr/image.ashx?id=2665496&use=l&cat=p&typeid=i","cat":295246},{"id":208153,"n":"Crème solaire visage Nuxe  Fondante SPF50 - 50ml","p":12.8,"u":"256,00 €/L","img":"https://fd13-photos.leclercdrive.fr/image.ashx?id=2901938&use=l&cat=p&typeid=i","cat":290396},{"id":208154,"n":"Huile prodigieuse or Nuxe  Visage, corps, cheveux - 100ml","p":25.89,"u":"258,90 €/L","img":"https://fd13-photos.leclercdrive.fr/image.ashx?id=2651489&use=l&cat=p&typeid=i","cat":290422},{"id":208155,"n":"Huile prodigieuse or Nuxe  Visage, corps, cheveux - 50ml","p":17.35,"u":"347,00 €/L","img":"https://fd13-photos.leclercdrive.fr/image.ashx?id=2651492&use=l&cat=p&typeid=i","cat":290422},{"id":208156,"n":"Eau délicieuse parfumante Nuxe  Parfum solaire - 100ml","p":24.0,"u":"240,00 €/L","img":"https://fd13-photos.leclercdrive.fr/image.ashx?id=2652230&use=l&cat=p&typeid=i","cat":290422},{"id":208158,"n":"Crème prodigieuse boost Nuxe  Huile anti-âge nuit - 50ml","p":24.89,"u":"497,80 €/L","img":"https://fd13-photos.leclercdrive.fr/image.ashx?id=2583921&use=l&cat=p&typeid=i","cat":291171},{"id":208168,"n":"Huile prodigieuse florale Nuxe  Visage, corps, cheveux - 100ml","p":24.43,"u":"244,30 €/L","img":"https://fd13-photos.leclercdrive.fr/image.ashx?id=2651510&use=l&cat=p&typeid=i","cat":290422},{"id":208169,"n":"Déodorant bille Nuxe Rêve de thé - 50ml","p":7.53,"u":"150,60 €/L","img":"https://fd13-photos.leclercdrive.fr/image.ashx?id=2651519&use=l&cat=p&typeid=i","cat":301593},{"id":208170,"n":"Rêve de thé gel douche Nuxe  Gelée ressourçante - 200ml","p":6.43,"u":"32,15 €/L","img":"https://fd13-photos.leclercdrive.fr/image.ashx?id=2840904&use=l&cat=p&typeid=i","cat":301591},{"id":208172,"n":"Crème solaire visage Nuxe  Fluide léger SPF50 - 50ml","p":9.91,"u":"198,20 €/L","img":"https://fd13-photos.leclercdrive.fr/image.ashx?id=2651525&use=l&cat=p&typeid=i","cat":290396},{"id":208173,"n":"Merveillance lift Nuxe Crème anti-âge nuit - 50ml","p":34.9,"u":"698,00 €/L","img":"https://fd13-photos.leclercdrive.fr/image.ashx?id=2542345&use=l&cat=p&typeid=i","cat":291168},{"id":208174,"n":"Merveillance lift Nuxe  Crème anti-âge poudrée - 50ml","p":31.65,"u":"633,00 €/L","img":"https://fd13-photos.leclercdrive.fr/image.ashx?id=2542348&use=l&cat=p&typeid=i","cat":291168},{"id":208176,"n":"Crème fraîche de beauté Nuxe  Crème hydratante - 50ml","p":21.55,"pp":15.08,"u":"301,60 €/L","img":"https://fd13-photos.leclercdrive.fr/image.ashx?id=2651549&use=l&cat=p&typeid=i","cat":291171},{"id":208186,"n":"Crème fraîche de beauté Nuxe  Crème riche hydratante - 50ml","p":21.89,"pp":15.32,"u":"306,40 €/L","img":"https://fd13-photos.leclercdrive.fr/image.ashx?id=2540625&use=l&cat=p&typeid=i","cat":291171},{"id":208257,"n":"Arcens Eau des Monts d'Ardeche Finement Petillante 1L","p":0.45,"u":"0,45 €/L","img":"https://fd13-photos.leclercdrive.fr/image.ashx?id=2528898&use=l&cat=p&typeid=i","cat":284536},{"id":208258,"n":"Arcens Eau des Monts d'Ardeche Finement Petillante 1L","p":0.49,"u":"0,49 €/L","img":"https://fd13-photos.leclercdrive.fr/image.ashx?id=2528901&use=l&cat=p&typeid=i","cat":284536},{"id":208259,"n":"Arcens Eau des Monts d'Ardeche Finement Petillante 1L","p":0.45,"u":"0,45 €/L","img":"https://fd13-photos.leclercdrive.fr/image.ashx?id=2528904&use=l&cat=p&typeid=i","cat":284536},{"id":208260,"n":"Arcens Eau des Monts d'Ardeche  Finement Petillante 1L","p":0.45,"u":"0,45 €/L","img":"https://fd13-photos.leclercdrive.fr/image.ashx?id=2528907&use=l&cat=p&typeid=i","cat":284536},{"id":208271,"n":"Capsules café L'Or Espresso Forza N°9 x50","p":14.09,"u":"54,19 €/KG","img":"https://fd13-photos.leclercdrive.fr/image.ashx?id=3000471&use=l&cat=p&typeid=i","cat":284749},{"id":208278,"n":"Biere Blonde Dock's Beer 75cl","p":3.77,"u":"5,03 €/L","img":"https://fd13-photos.leclercdrive.fr/image.ashx?id=2537053&use=l&cat=p&typeid=i","cat":334873},{"id":208385,"n":"Capsules café L'Or Espresso Delizioso N°5 x50","p":14.09,"u":"54,19 €/KG","img":"https://fd13-photos.leclercdrive.fr/image.ashx?id=2788064&use=l&cat=p&typeid=i","cat":284749},{"id":208417,"n":"Capsules café L'Or Espresso Ristretto N°11 x50","p":14.09,"u":"54,19 €/KG","img":"https://fd13-photos.leclercdrive.fr/image.ashx?id=3000474&use=l&cat=p&typeid=i","cat":284749},{"id":208421,"n":"Infusion fruits rouges Elephant Touche de menthe - 40g","p":2.81,"u":"70,25 €/KG","img":"https://fd13-photos.leclercdrive.fr/image.ashx?id=2813104&use=l&cat=p&typeid=i","cat":293234},{"id":208426,"n":"Infusion Eléphant Tilleul Citron  - x20 - 28g","p":2.79,"u":"99,64 €/KG","img":"https://fd13-photos.leclercdrive.fr/image.ashx?id=2530284&use=l&cat=p&typeid=i","cat":293234},{"id":208477,"n":"Chips paysanne Lay's Saveur Fromage du Jura - 120g","p":1.47,"u":"12,25 €/KG","img":"https://fd13-photos.leclercdrive.fr/image.ashx?id=2810774&use=l&cat=p&typeid=i","cat":284447},{"id":208484,"n":"Chips paysanne Lay's Saveur Oignon de Roscoff - 120g","p":1.47,"u":"12,25 €/KG","img":"https://fd13-photos.leclercdrive.fr/image.ashx?id=2810777&use=l&cat=p&typeid=i","cat":284447},{"id":208507,"n":"AOC Rosé d'Anjou rosé Plessis-Duval - 75cl","p":4.38,"u":"5,84 €/L","img":"https://fd13-photos.leclercdrive.fr/image.ashx?id=2731789&use=l&cat=p&typeid=i","cat":289558},{"id":208616,"n":"Biscuits Bonne Maman La pause choco - 235g","p":2.46,"u":"10,47 €/KG","img":"https://fd13-photos.leclercdrive.fr/image.ashx?id=2533022&use=l&cat=p&typeid=i","cat":284488},{"id":208632,"n":"Crème glacée La Laitière Crème brulée - 490g","p":3.24,"pp":2.27,"u":"4,63 €/KG","img":"https://fd13-photos.leclercdrive.fr/image.ashx?id=2877880&use=l&cat=p&typeid=i","cat":284263},{"id":208636,"n":"Purée Mousline Crème et noix de muscade - 500g","p":3.25,"u":"6,50 €/KG","img":"https://fd13-photos.leclercdrive.fr/image.ashx?id=3011728&use=l&cat=p&typeid=i","cat":284431},{"id":208638,"n":"Purée Mousline x3 sachets - 195g","p":1.41,"u":"7,23 €/KG","img":"https://fd13-photos.leclercdrive.fr/image.ashx?id=3004414&use=l&cat=p&typeid=i","cat":284431},{"id":208642,"n":"Purée Mousline x4 - 520g","p":2.39,"u":"4,60 €/KG","img":"https://fd13-photos.leclercdrive.fr/image.ashx?id=3011734&use=l&cat=p&typeid=i","cat":284431},{"id":208651,"n":"Purée Mousline  x8 - 1.04 kg","p":4.38,"u":"4,21 €/KG","img":"https://fd13-photos.leclercdrive.fr/image.ashx?id=2986780&use=l&cat=p&typeid=i","cat":284431},{"id":208658,"n":"Biscuit P'tit Deli Chocolat lait blanc - 150g","p":1.75,"u":"11,67 €/KG","img":"https://fd13-photos.leclercdrive.fr/image.ashx?id=2684835&use=l&cat=p&typeid=i","cat":284488},{"id":208747,"n":"Café en grains L'OR Brésil 100% Arabica N° 5 900g","p":18.95,"u":"21,06 €/KG","img":"https://fd13-photos.leclercdrive.fr/image.ashx?id=2851348&use=l&cat=p&typeid=i","cat":293237},{"id":208749,"n":"Riz long grain 10 min Lustucru  x5 - 900g","p":2.16,"u":"2,40 €/KG","img":"https://fd13-photos.leclercdrive.fr/image.ashx?id=2963739&use=l&cat=p&typeid=i","cat":284428},{"id":208750,"n":"Purée Mousline x3 - 375g","p":2.52,"u":"6,72 €/KG","img":"https://fd13-photos.leclercdrive.fr/image.ashx?id=2940135&use=l&cat=p&typeid=i","cat":284431},{"id":208751,"n":"Riz long grain 10 min Lustucru x5 - 450g","p":1.46,"u":"3,24 €/KG","img":"https://fd13-photos.leclercdrive.fr/image.ashx?id=2955830&use=l&cat=p&typeid=i","cat":284428},{"id":208753,"n":"Bâtonnet Ferrero Rocher White x4 - 200g","p":3.86,"u":"19,30 €/KG","img":"https://fd13-photos.leclercdrive.fr/image.ashx?id=2759074&use=l&cat=p&typeid=i","cat":284265},{"id":208759,"n":"Purée Mousline  Presse purée - 375g","p":3.16,"u":"8,43 €/KG","img":"https://fd13-photos.leclercdrive.fr/image.ashx?id=2940117&use=l&cat=p&typeid=i","cat":284431},{"id":208761,"n":"Purée Mousline x4 - 125g","p":1.21,"u":"9,68 €/KG","img":"https://fd13-photos.leclercdrive.fr/image.ashx?id=2940126&use=l&cat=p&typeid=i","cat":284431},{"id":208773,"n":"Thon Petit Navire À la sauce Catalane - 3x140g","p":4.69,"u":"11,17 €/KG","img":"https://fd13-photos.leclercdrive.fr/image.ashx?id=2999216&use=l&cat=p&typeid=i","cat":303867},{"id":208776,"n":"Gel douche Tahiti Vanille et huile de coco 250ml","p":2.21,"u":"8,84 €/L","img":"https://fd13-photos.leclercdrive.fr/image.ashx?id=2533130&use=l&cat=p&typeid=i","cat":284594},{"id":208778,"n":"Thon Petit Navire  Mayonnaise - 3x140g","p":4.69,"u":"11,17 €/KG","img":"https://fd13-photos.leclercdrive.fr/image.ashx?id=2835854&use=l&cat=p&typeid=i","cat":303867},{"id":208786,"n":"Thé glacé Lipton Ice Tea Pêche La bouteille de 1.25L","p":1.44,"u":"1,15 €/L","img":"https://fd13-photos.leclercdrive.fr/image.ashx?id=2731567&use=l&cat=p&typeid=i","cat":295019},{"id":208788,"n":"Thé glacé Lipton Ice Tea Pêche  Sans sucres bouteille de 1.25L","p":1.61,"u":"1,29 €/L","img":"https://fd13-photos.leclercdrive.fr/image.ashx?id=2731570&use=l&cat=p&typeid=i","cat":295019},{"id":208806,"n":"Grilletine blé complet Pasquier Sans sucre ajouté - 255g","p":2.32,"u":"9,10 €/KG","img":"https://fd13-photos.leclercdrive.fr/image.ashx?id=2533559&use=l&cat=p&typeid=i","cat":284479},{"id":208857,"n":"Soin Revitalisant L'Oréal Paris Men Expert Anti-Âge - 50ml","p":9.56,"u":"191,20 €/L","img":"https://fd13-photos.leclercdrive.fr/image.ashx?id=3008776&use=l&cat=p&typeid=i","cat":284622},{"id":208859,"n":"Sérum Colgate Max White Blancheur - Nuit - 3ml","p":14.71,"img":"https://fd13-photos.leclercdrive.fr/image.ashx?id=2834095&use=l&cat=p&typeid=i","cat":284612},{"id":208865,"n":"Spray nasal Prorhinel Aloe Vera - Enfant/Adulte 100ml","p":5.79,"u":"57,90 €/L","img":"https://fd13-photos.leclercdrive.fr/image.ashx?id=2917861&use=l&cat=p&typeid=i","cat":284630},{"id":208867,"n":"Serum physiologique Prorhinel 30x5ml","p":3.14,"u":"20,93 €/L","img":"https://fd13-photos.leclercdrive.fr/image.ashx?id=2878303&use=l&cat=p&typeid=i","cat":284741},{"id":208881,"n":"Dosettes café Senseo Café au lait x16","p":4.15,"u":"24,70 €/KG","img":"https://fd13-photos.leclercdrive.fr/image.ashx?id=2662628&use=l&cat=p&typeid=i","cat":293238},{"id":208885,"n":"Biscuits mini roulés Balconi Cacao - 180g","p":1.03,"u":"5,72 €/KG","img":"https://fd13-photos.leclercdrive.fr/image.ashx?id=2540076&use=l&cat=p&typeid=i","cat":284495},{"id":208925,"n":"Porto Rozes 10 ans 20% - 75cl","p":16.7,"pp":12.52,"u":"16,69 €/L","img":"https://fd13-photos.leclercdrive.fr/image.ashx?id=2604861&use=l&cat=p&typeid=i","cat":284913},{"id":209054,"n":"Wraps Old El Paso Extra fins x6 - 192g","p":2.73,"u":"14,22 €/KG","img":"https://fd13-photos.leclercdrive.fr/image.ashx?id=2737693&use=l&cat=p&typeid=i","cat":288993},{"id":209056,"n":"Vinaigre de riz Tanoshi - bouteille de 360ml","p":5.51,"u":"15,31 €/L","img":"https://fd13-photos.leclercdrive.fr/image.ashx?id=2906214&use=l&cat=p&typeid=i","cat":288992},{"id":209057,"n":"Céréales bébé P'TITE CEREALE chocolat biscuit 12M+ - 415g","p":3.24,"u":"7,81 €/KG","img":"https://fd13-photos.leclercdrive.fr/image.ashx?id=2537303&use=l&cat=p&typeid=i","cat":312225},{"id":209059,"n":"P'tite céréale Nestlé Noisettes Biscuit - 12M+ - 415g","p":3.34,"u":"8,05 €/KG","img":"https://fd13-photos.leclercdrive.fr/image.ashx?id=2679389&use=l&cat=p&typeid=i","cat":312225},{"id":209060,"n":"Chips nature Lay's Sel - 6x25g","p":2.02,"u":"13,47 €/KG","img":"https://fd13-photos.leclercdrive.fr/image.ashx?id=3011143&use=l&cat=p&typeid=i","cat":284447},{"id":209061,"n":"Sauce pesto Florelli A la genovese - 190g","p":2.12,"u":"11,16 €/KG","img":"https://fd13-photos.leclercdrive.fr/image.ashx?id=2787452&use=l&cat=p&typeid=i","cat":299047},{"id":209064,"n":"Céréales bébé BABICAO Cacao 10M+ - 400g","p":3.48,"u":"8,70 €/KG","img":"https://fd13-photos.leclercdrive.fr/image.ashx?id=2537294&use=l&cat=p&typeid=i","cat":312225},{"id":209066,"n":"Céréales bébé P'TITE CEREALE Vanille Biscuit 12M+ - 415g","p":3.24,"u":"7,81 €/KG","img":"https://fd13-photos.leclercdrive.fr/image.ashx?id=2537297&use=l&cat=p&typeid=i","cat":312225},{"id":209074,"n":"Gel acccélérateur Cicaplast La Roche-Posay - 40ml","p":7.8,"u":"195,00 €/L","img":"https://fd13-photos.leclercdrive.fr/image.ashx?id=2537071&use=l&cat=p&typeid=i","cat":290405},{"id":209093,"n":"Adoucissant Soupline Magnolia & lavande - x60 1.28L","p":5.87,"u":"4,52 €/L","img":"https://fd13-photos.leclercdrive.fr/image.ashx?id=2832569&use=l&cat=p&typeid=i","cat":284650},{"id":209094,"n":"Adoucissant Soupline Concentré Mandarine Vanille x60 - 1.28ml","p":6.12,"u":"4,78 €/L","img":"https://fd13-photos.leclercdrive.fr/image.ashx?id=2832572&use=l&cat=p&typeid=i","cat":284650},{"id":209098,"n":"Moules marinées Baltic 200g","p":4.47,"u":"22,35 €/KG","img":"https://fd13-photos.leclercdrive.fr/image.ashx?id=3014428&use=l&cat=p&typeid=i","cat":285340},{"id":209113,"n":"Pâtes Collezione Barilla Farfalle Generose - 500g","p":1.73,"u":"3,46 €/KG","img":"https://fd13-photos.leclercdrive.fr/image.ashx?id=2654122&use=l&cat=p&typeid=i","cat":284427},{"id":209137,"n":"Blanc de poulet Tradilège Doré au four - 240g","p":1.97,"u":"8,21 €/KG","img":"https://fd13-photos.leclercdrive.fr/image.ashx?id=2925759&use=l&cat=p&typeid=i","cat":316010},{"id":209179,"n":"Crème dépilatoire Expert Veet Bikini Maillot Intégral 200ml","p":8.98,"u":"89,80 €/L","img":"https://fd13-photos.leclercdrive.fr/image.ashx?id=2964968&use=l&cat=p&typeid=i","cat":325351},{"id":209196,"n":"Pur jus Tropicana Réveil fruité - 90cl","p":3.04,"u":"3,38 €/L","img":"https://fd13-photos.leclercdrive.fr/image.ashx?id=2538431&use=l&cat=p&typeid=i","cat":285435},{"id":209208,"n":"Sauce soja Suzi Wan Sucrée - 135ml","p":1.91,"u":"14,15 €/KG","img":"https://fd13-photos.leclercdrive.fr/image.ashx?id=2892931&use=l&cat=p&typeid=i","cat":288992},{"id":209209,"n":"Sauce soja Suzi Wan 250ml","p":2.86,"u":"11,44 €/L","img":"https://fd13-photos.leclercdrive.fr/image.ashx?id=2990880&use=l&cat=p&typeid=i","cat":288992},{"id":209246,"n":"Oignon de France Ducros 42g","p":1.97,"u":"46,90 €/KG","img":"https://fd13-photos.leclercdrive.fr/image.ashx?id=2538593&use=l&cat=p&typeid=i","cat":298297},{"id":209301,"n":"Thé vert glacé Lipton Ice Tea Citron vert menthe - 1.25L","p":1.73,"u":"1,38 €/L","img":"https://fd13-photos.leclercdrive.fr/image.ashx?id=2731579&use=l&cat=p&typeid=i","cat":295019},{"id":209302,"n":"Thé glacé Lipton Ice Tea Citron/citron vert - 1.25L","p":1.7,"u":"1,36 €/L","img":"https://fd13-photos.leclercdrive.fr/image.ashx?id=2731573&use=l&cat=p&typeid=i","cat":295019},{"id":209309,"n":"Thé glacé Lipton Ice Tea Framboise - 1.25L","p":1.71,"u":"1,37 €/L","img":"https://fd13-photos.leclercdrive.fr/image.ashx?id=2731588&use=l&cat=p&typeid=i","cat":295019},{"id":209311,"n":"Thé glacé Lipton Ice Tea Pêche abricot - 1,25L","p":1.79,"u":"1,43 €/L","img":"https://fd13-photos.leclercdrive.fr/image.ashx?id=2731576&use=l&cat=p&typeid=i","cat":295019},{"id":209368,"n":"Thé glacé Lipton Ice Tea Pêche La bouteille de 1.75L","p":1.83,"u":"1,05 €/L","img":"https://fd13-photos.leclercdrive.fr/image.ashx?id=2731594&use=l&cat=p&typeid=i","cat":295019},{"id":209382,"n":"Fromage Persillée Bresse Bleu Le véritable - 140g","p":2.09,"u":"14,93 €/KG","img":"https://fd13-photos.leclercdrive.fr/image.ashx?id=2927483&use=l&cat=p&typeid=i","cat":314032},{"id":209383,"n":"Gel bain douche Rogé Cavaillès L'Original - 1L","p":9.98,"pp":6.99,"u":"6,99 €/L","img":"https://fd13-photos.leclercdrive.fr/image.ashx?id=2538842&use=l&cat=p&typeid=i","cat":301591},{"id":209385,"n":"Recharge Gel bain douche Rogé Cavaillès - L'Original - 1L","p":9.11,"pp":6.38,"u":"6,38 €/L","img":"https://fd13-photos.leclercdrive.fr/image.ashx?id=2539204&use=l&cat=p&typeid=i","cat":301591},{"id":209392,"n":"Gel bain douche Rogé Cavaillès Amande verte - 1L","p":9.78,"pp":6.85,"u":"6,85 €/L","img":"https://fd13-photos.leclercdrive.fr/image.ashx?id=2538833&use=l&cat=p&typeid=i","cat":301591},{"id":209424,"n":"Yaourt bifidus Activia céréales Poire et aux fruits - 4x115g","p":2.44,"u":"5,30 €/KG","img":"https://fd13-photos.leclercdrive.fr/image.ashx?id=2901641&use=l&cat=p&typeid=i","cat":315000},{"id":209430,"n":"Skyr Danone Citron 0%mg - 2x140g","p":2.36,"u":"8,43 €/KG","img":"https://fd13-photos.leclercdrive.fr/image.ashx?id=2851728&use=l&cat=p&typeid=i","cat":315000},{"id":209432,"n":"Skyr Danone Vanille 0%mg - 2x140g","p":2.17,"u":"7,75 €/KG","img":"https://fd13-photos.leclercdrive.fr/image.ashx?id=2944654&use=l&cat=p&typeid=i","cat":315000},{"id":209464,"n":"Sirop Teisseire citron Bidon mega - 130cl","p":5.2,"u":"4,00 €/L","img":"https://fd13-photos.leclercdrive.fr/image.ashx?id=2539707&use=l&cat=p&typeid=i","cat":295020},{"id":209465,"n":"Sirop Teisseire Ice Tea Pêche Bidon - 60cl","p":3.3,"u":"5,50 €/L","img":"https://fd13-photos.leclercdrive.fr/image.ashx?id=2539710&use=l&cat=p&typeid=i","cat":295020},{"id":209491,"n":"Couscous moyen Ferrero sachet -500g","p":1.68,"u":"3,36 €/KG","img":"https://fd13-photos.leclercdrive.fr/image.ashx?id=2869561&use=l&cat=p&typeid=i","cat":284429},{"id":209494,"n":"Salade & Cie Sodebo Roma Jambon Speck - 320g","p":3.04,"u":"9,50 €/KG","img":"https://fd13-photos.leclercdrive.fr/image.ashx?id=2732413&use=l&cat=p&typeid=i","cat":333657},{"id":209495,"n":"Salade & Cie Sodebo Manhattan Poulet rôti - 320g","p":2.89,"u":"9,03 €/KG","img":"https://fd13-photos.leclercdrive.fr/image.ashx?id=2732407&use=l&cat=p&typeid=i","cat":333657},{"id":209496,"n":"Salade & Cie Sodebo Montmartre Jambon supérieur - 320g","p":3.1,"u":"9,69 €/KG","img":"https://fd13-photos.leclercdrive.fr/image.ashx?id=2868945&use=l&cat=p&typeid=i","cat":333657},{"id":209510,"n":"Chips nature Lay's Sel - 250g","p":2.26,"u":"9,04 €/KG","img":"https://fd13-photos.leclercdrive.fr/image.ashx?id=2995073&use=l&cat=p&typeid=i","cat":284447},{"id":209514,"n":"Chips Lay's Nature - 135g","p":1.34,"u":"9,93 €/KG","img":"https://fd13-photos.leclercdrive.fr/image.ashx?id=2994482&use=l&cat=p&typeid=i","cat":284447},{"id":209597,"n":"Compote Allégée en sucres Eco+ Bocal pomme poire - 720g","p":1.13,"u":"1,57 €/KG","img":"https://fd13-photos.leclercdrive.fr/image.ashx?id=2953206&use=l&cat=p&typeid=i","cat":284508},{"id":209598,"n":"Compote Allégée en sucres Eco+ Bocal pomme banane - 720g","p":1.03,"u":"1,43 €/KG","img":"https://fd13-photos.leclercdrive.fr/image.ashx?id=2953209&use=l&cat=p&typeid=i","cat":284508},{"id":209599,"n":"Capsules café L'Or Espresso Lungo Profondo N°8 x50","p":16.01,"u":"61,58 €/KG","img":"https://fd13-photos.leclercdrive.fr/image.ashx?id=2540898&use=l&cat=p&typeid=i","cat":284749},{"id":209600,"n":"Capsules café L'Or Espresso Splendente N°7 x50","p":14.09,"u":"54,19 €/KG","img":"https://fd13-photos.leclercdrive.fr/image.ashx?id=3000477&use=l&cat=p&typeid=i","cat":284749},{"id":209601,"n":"Thé vert Lipton Menthe intense - x20 - 32g","p":1.58,"u":"49,38 €/KG","img":"https://fd13-photos.leclercdrive.fr/image.ashx?id=2540907&use=l&cat=p&typeid=i","cat":293233},{"id":209672,"n":"Drap housse Tissaia Basics Blanc - 90x190cm","p":4.95,"img":"https://fd13-photos.leclercdrive.fr/image.ashx?id=2541414&use=l&cat=p&typeid=i","cat":286694},{"id":209675,"n":"Drap housse Tissaia Blanc - 160x200cm","p":8.95,"img":"https://fd13-photos.leclercdrive.fr/image.ashx?id=2813710&use=l&cat=p&typeid=i","cat":286694},{"id":209677,"n":"Oreiller Greentop Tissaia Blanc - Moelleux - 60x60cm","p":10.45,"img":"https://fd13-photos.leclercdrive.fr/image.ashx?id=2541081&use=l&cat=p&typeid=i","cat":288835},{"id":209686,"n":"Thé vert Lipton Myrtille et mure - x20 - 32g","p":2.32,"u":"72,50 €/KG","img":"https://fd13-photos.leclercdrive.fr/image.ashx?id=2542816&use=l&cat=p&typeid=i","cat":293233},{"id":209688,"n":"Thé vert menthe Lipton Asie - x30s - 48g","p":2.68,"u":"55,83 €/KG","img":"https://fd13-photos.leclercdrive.fr/image.ashx?id=2542819&use=l&cat=p&typeid=i","cat":293233},{"id":209691,"n":"Thé vert Lipton x30s - 39g","p":2.63,"u":"67,44 €/KG","img":"https://fd13-photos.leclercdrive.fr/image.ashx?id=2542822&use=l&cat=p&typeid=i","cat":293233},{"id":209722,"n":"Dessert Glacé Viennetta Caramel beurre salé - 320g","p":2.07,"u":"6,47 €/KG","img":"https://fd13-photos.leclercdrive.fr/image.ashx?id=2802836&use=l&cat=p&typeid=i","cat":284266},{"id":209724,"n":"Dessert Glacé Viennetta Chocolat -  320g","p":2.68,"u":"8,38 €/KG","img":"https://fd13-photos.leclercdrive.fr/image.ashx?id=3009287&use=l&cat=p&typeid=i","cat":284266},{"id":209733,"n":"Dessert Glacé Viennetta Vanille -  320g","p":2.26,"u":"7,06 €/KG","img":"https://fd13-photos.leclercdrive.fr/image.ashx?id=3009182&use=l&cat=p&typeid=i","cat":284266},{"id":209739,"n":"Adoucissant concentré Soupline Hypoallergénique 64 lav. 1,35L","p":5.37,"u":"3,98 €/L","img":"https://fd13-photos.leclercdrive.fr/image.ashx?id=2831185&use=l&cat=p&typeid=i","cat":284650},{"id":209795,"n":"Mascara L'Oréal Paris  Telescopic Lift longueur","p":11.95,"img":"https://fd13-photos.leclercdrive.fr/image.ashx?id=2543969&use=l&cat=p&typeid=i","cat":287029},{"id":209804,"n":"Rasoirs jetables Wilkinson Xtreme 3 Ultimate confort - x8","p":9.79,"img":"https://fd13-photos.leclercdrive.fr/image.ashx?id=2846478&use=l&cat=p&typeid=i","cat":284616},{"id":209843,"n":"Thé vert menthe Lipton x50 - 80g","p":4.35,"u":"54,38 €/KG","img":"https://fd13-photos.leclercdrive.fr/image.ashx?id=2544629&use=l&cat=p&typeid=i","cat":293233},{"id":209854,"n":"Thé vert citron Lipton Asie - x30 - 48g","p":2.62,"u":"54,58 €/KG","img":"https://fd13-photos.leclercdrive.fr/image.ashx?id=2544635&use=l&cat=p&typeid=i","cat":293233},{"id":209859,"n":"Déboucheur Liquide Destop  4 doses - 950ml","p":3.37,"u":"3,55 €/L","img":"https://fd13-photos.leclercdrive.fr/image.ashx?id=2832161&use=l&cat=p&typeid=i","cat":284908},{"id":209860,"n":"Déboucheur Gel Destop  Express - 4 doses - 950ml","p":2.85,"u":"3,00 €/L","img":"https://fd13-photos.leclercdrive.fr/image.ashx?id=2832164&use=l&cat=p&typeid=i","cat":284908},{"id":209863,"n":"Gel anti-calcaire Calgon  4 en 1 - 750ml","p":5.05,"u":"6,73 €/L","img":"https://fd13-photos.leclercdrive.fr/image.ashx?id=2963475&use=l&cat=p&typeid=i","cat":284653},{"id":209878,"n":"Spray vitres Ajax Triple action - 750ml","p":1.98,"u":"2,64 €/L","img":"https://fd13-photos.leclercdrive.fr/image.ashx?id=2544581&use=l&cat=p&typeid=i","cat":325363},{"id":209879,"n":"Spray nettoyant La Croix Salle de bain - 500ml","p":1.8,"u":"3,60 €/L","img":"https://fd13-photos.leclercdrive.fr/image.ashx?id=2544587&use=l&cat=p&typeid=i","cat":325357},{"id":209894,"n":"Adoucissant concentré Soupline  Lavande 60 lavages 1,35 L","p":5.69,"u":"4,21 €/L","img":"https://fd13-photos.leclercdrive.fr/image.ashx?id=2912716&use=l&cat=p&typeid=i","cat":284650},{"id":209896,"n":"Beurre gastronomique Président Doux - 82% MG - 500g","p":5.44,"u":"10,88 €/KG","img":"https://fd13-photos.leclercdrive.fr/image.ashx?id=2740556&use=l&cat=p&typeid=i","cat":284379},{"id":209912,"n":"Yaourt Bifidus Activia Saveur vanille coco - 16x125g","p":4.51,"u":"2,26 €/KG","img":"https://fd13-photos.leclercdrive.fr/image.ashx?id=2748197&use=l&cat=p&typeid=i","cat":286006},{"id":209996,"n":"Détachant Gel Vanish  750ml","p":5.29,"u":"7,05 €/L","img":"https://fd13-photos.leclercdrive.fr/image.ashx?id=2878108&use=l&cat=p&typeid=i","cat":284651},{"id":210011,"n":"Détachant poudre Vanish  Blanc - 940g","p":9.93,"u":"10,56 €/KG","img":"https://fd13-photos.leclercdrive.fr/image.ashx?id=2680311&use=l&cat=p&typeid=i","cat":284651},{"id":210015,"n":"Nettoyant ménager La Croix Spray - Ultra cuisine - 500ml","p":1.82,"u":"3,64 €/L","img":"https://fd13-photos.leclercdrive.fr/image.ashx?id=2545216&use=l&cat=p&typeid=i","cat":325357},{"id":210024,"n":"Lingettes désinfectantes St  Marc Soleil de Corse - x80","p":2.58,"u":"0,03 €/P","img":"https://fd13-photos.leclercdrive.fr/image.ashx?id=2757440&use=l&cat=p&typeid=i","cat":325358},{"id":210052,"n":"Pop up Smarties 4x52g","p":3.84,"u":"18,46 €/KG","img":"https://fd13-photos.leclercdrive.fr/image.ashx?id=2557734&use=l&cat=p&typeid=i","cat":285250},{"id":210071,"n":"Eyeliner feutre Maybelline Ink Pen ultra-pigmenté","p":10.65,"img":"https://fd13-photos.leclercdrive.fr/image.ashx?id=2546629&use=l&cat=p&typeid=i","cat":287029},{"id":210075,"n":"Lait de Brushing Dessange Thermo-protecteur 230°C - 125ml","p":7.57,"u":"60,56 €/L","img":"https://fd13-photos.leclercdrive.fr/image.ashx?id=2870695&use=l&cat=p&typeid=i","cat":284608},{"id":210142,"n":"Soin nuit repulpant So'Bio Etic Bio - 50ml","p":12.24,"u":"244,80 €/L","img":"https://fd13-photos.leclercdrive.fr/image.ashx?id=2997013&use=l&cat=p&typeid=i","cat":325345},{"id":210145,"n":"Crème anti-âge So'Bio Etic Eau thermale - 40ml","p":12.51,"u":"312,75 €/L","img":"https://fd13-photos.leclercdrive.fr/image.ashx?id=2735044&use=l&cat=p&typeid=i","cat":325345},{"id":210147,"n":"Baume hydratant bio So'Bio Etic Apaisant - Eau thermale 50ML","p":9.66,"u":"193,20 €/L","img":"https://fd13-photos.leclercdrive.fr/image.ashx?id=2889634&use=l&cat=p&typeid=i","cat":325345},{"id":210152,"n":"Brosse à dents Electrique Oral-B - Rose - IO 3S","p":119.21,"img":"https://fd13-photos.leclercdrive.fr/image.ashx?id=2566542&use=l&cat=p&typeid=i","cat":297133},{"id":210153,"n":"Brosse à dents Electrique Oral-B - Noire - IO3S","p":88.34,"img":"https://fd13-photos.leclercdrive.fr/image.ashx?id=2553311&use=l&cat=p&typeid=i","cat":297133},{"id":210206,"n":"Brossettes Oral-B 3D White x4","p":22.15,"u":"5,54 €/P","img":"https://fd13-photos.leclercdrive.fr/image.ashx?id=2617483&use=l&cat=p&typeid=i","cat":297133},{"id":210211,"n":"Saucisses cocktail Stephan 2 nature + 1 mexicain - 3x200g","p":6.86,"u":"11,43 €/KG","img":"https://fd13-photos.leclercdrive.fr/image.ashx?id=2767558&use=l&cat=p&typeid=i","cat":284450},{"id":210232,"n":"Mon kit d'épilation Wilkinson Corps - x1","p":12.85,"img":"https://fd13-photos.leclercdrive.fr/image.ashx?id=2561317&use=l&cat=p&typeid=i","cat":325351},{"id":210254,"n":"Brossettes Oral-B Pro Cross Action - x4","p":20.56,"img":"https://fd13-photos.leclercdrive.fr/image.ashx?id=2743643&use=l&cat=p&typeid=i","cat":297133},{"id":210257,"n":"Shampooing Head & Shoulders 2x225ml","p":9.99,"u":"22,20 €/L","img":"https://fd13-photos.leclercdrive.fr/image.ashx?id=2549187&use=l&cat=p&typeid=i","cat":284606},{"id":210264,"n":"Fromage blanc Calin Yoplait Nature 0%MG - 8x100g","p":2.12,"u":"2,65 €/KG","img":"https://fd13-photos.leclercdrive.fr/image.ashx?id=2973742&use=l&cat=p&typeid=i","cat":284409},{"id":210277,"n":"Brosse à dents électrique Oral-B Vitality Pro - Noir","p":31.4,"img":"https://fd13-photos.leclercdrive.fr/image.ashx?id=2652152&use=l&cat=p&typeid=i","cat":297133},{"id":210333,"n":"Crème hydratante La Roche-Posay Anthelios UVMune 400 - 50ml","p":11.44,"u":"228,80 €/L","img":"https://fd13-photos.leclercdrive.fr/image.ashx?id=2546512&use=l&cat=p&typeid=i","cat":290395},{"id":210358,"n":"Baume de massage Weleda Pour vergetures - 150ml","p":18.9,"u":"126,00 €/L","img":"https://fd13-photos.leclercdrive.fr/image.ashx?id=2546620&use=l&cat=p&typeid=i","cat":291159},{"id":210359,"n":"Crème de jour Grenade Weleda Raffermissante - 40ml","p":34.71,"u":"867,75 €/L","img":"https://fd13-photos.leclercdrive.fr/image.ashx?id=2546623&use=l&cat=p&typeid=i","cat":291168},{"id":210360,"n":"Brulactiv fort Forté Pharma Perte de poids - Femme 50+ x60","p":31.99,"u":"0,53 €/P","img":"https://fd13-photos.leclercdrive.fr/image.ashx?id=2546207&use=l&cat=p&typeid=i","cat":301267},{"id":210401,"n":"Oreiller ergonomique Tissaia Blanc - 35x50cm","p":17.95,"u":"Dont 0,20 € d'éco-part.","img":"https://fd13-photos.leclercdrive.fr/image.ashx?id=2546932&use=l&cat=p&typeid=i","cat":288835},{"id":210402,"n":"Oreiller standard ferme Tissaia Blanc - 60x60cm","p":9.85,"u":"Dont 0,20 € d'éco-part.","img":"https://fd13-photos.leclercdrive.fr/image.ashx?id=2546974&use=l&cat=p&typeid=i","cat":288835},{"id":210493,"n":"Compotes Materne Gourdes  \"Boost\" Multivitaminés - 4x90g","p":2.15,"u":"5,97 €/KG","img":"https://fd13-photos.leclercdrive.fr/image.ashx?id=3007924&use=l&cat=p&typeid=i","cat":284508},{"id":210703,"n":"Terrine Tous mes amis Volaille carottes - 1.2kg","p":1.95,"u":"1,63 €/KG","img":"https://fd13-photos.leclercdrive.fr/image.ashx?id=2815758&use=l&cat=p&typeid=i","cat":288578},{"id":210705,"n":"Dragées chocolatées M&M's Cacahuètes - 250g","p":3.09,"u":"12,36 €/KG","img":"https://fd13-photos.leclercdrive.fr/image.ashx?id=3003393&use=l&cat=p&typeid=i","cat":304238},{"id":210718,"n":"Crème relipidante Lipikar La Roche-Posay - AP+M - 400ml","p":20.12,"u":"50,30 €/L","img":"https://fd13-photos.leclercdrive.fr/image.ashx?id=2551213&use=l&cat=p&typeid=i","cat":290421},{"id":210727,"n":"Poivre noir Ducros Bresil - 32g","p":3.22,"u":"100,63 €/KG","img":"https://fd13-photos.leclercdrive.fr/image.ashx?id=2552580&use=l&cat=p&typeid=i","cat":284457},{"id":210738,"n":"Gélules cheveux Forcapil Fortfiant + Kératine - x180","p":22.89,"u":"0,13 €/P","img":"https://fd13-photos.leclercdrive.fr/image.ashx?id=2939928&use=l&cat=p&typeid=i","cat":301266},{"id":210806,"n":"Adoucissant Hyperdou Senstive - 1.9L - x27","p":2.38,"u":"1,25 €/L","img":"https://fd13-photos.leclercdrive.fr/image.ashx?id=2974843&use=l&cat=p&typeid=i","cat":284650},{"id":210821,"n":"Pommes rissolées Findus 590g","p":2.4,"u":"4,07 €/KG","img":"https://fd13-photos.leclercdrive.fr/image.ashx?id=2790099&use=l&cat=p&typeid=i","cat":319792},{"id":210823,"n":"Pommes noisette Findus 500g","p":2.22,"u":"4,44 €/KG","img":"https://fd13-photos.leclercdrive.fr/image.ashx?id=2865866&use=l&cat=p&typeid=i","cat":319792},{"id":210824,"n":"Pommes noisette Findus 900g","p":3.7,"u":"4,11 €/KG","img":"https://fd13-photos.leclercdrive.fr/image.ashx?id=2899500&use=l&cat=p&typeid=i","cat":319792},{"id":210889,"n":"Yaourt à boire Eco+ Fraise - 850g","p":1.33,"u":"1,56 €/KG","img":"https://fd13-photos.leclercdrive.fr/image.ashx?id=2552033&use=l&cat=p&typeid=i","cat":284415},{"id":210948,"n":"Margarine Planta Fin Doux 100% végétal - 450g","p":2.49,"u":"5,53 €/KG","img":"https://fd13-photos.leclercdrive.fr/image.ashx?id=2989477&use=l&cat=p&typeid=i","cat":315229},{"id":210952,"n":"Tiramisu Eco+ 2x80g","p":1.12,"u":"7,00 €/KG","img":"https://fd13-photos.leclercdrive.fr/image.ashx?id=2552496&use=l&cat=p&typeid=i","cat":284419},{"id":210960,"n":"Bouchées Tous les Amis 1.2kg","p":2.15,"u":"1,79 €/KG","img":"https://fd13-photos.leclercdrive.fr/image.ashx?id=2815767&use=l&cat=p&typeid=i","cat":288578},{"id":210965,"n":"Le Fondant Mamie Nova Caramel beurre salé - 2x150g","p":1.42,"u":"4,73 €/KG","img":"https://fd13-photos.leclercdrive.fr/image.ashx?id=2909038&use=l&cat=p&typeid=i","cat":285041},{"id":211041,"n":"Fromage à tartiner Kiri Délicieusement fouetté - 210g","p":3.27,"u":"15,57 €/KG","img":"https://fd13-photos.leclercdrive.fr/image.ashx?id=2686594&use=l&cat=p&typeid=i","cat":314029},{"id":211044,"n":"Gel Toilette Intime Extra Doux Intima Natural Hamamélis 500ml","p":5.77,"u":"11,54 €/L","img":"https://fd13-photos.leclercdrive.fr/image.ashx?id=2959877&use=l&cat=p&typeid=i","cat":284627},{"id":211074,"n":"Bière blonde Jenlain Session IPA 5,7° - 75cl","p":3.59,"u":"4,79 €/L","img":"https://fd13-photos.leclercdrive.fr/image.ashx?id=2732857&use=l&cat=p&typeid=i","cat":334873},{"id":211084,"n":"Apéritif Apérol 12.5° - 1.5L","p":22.6,"u":"15,07 €/L","img":"https://fd13-photos.leclercdrive.fr/image.ashx?id=2554463&use=l&cat=p&typeid=i","cat":286032},{"id":211087,"n":"AOC Vin doux ambrée Rivesaltes 75cl","p":3.88,"u":"5,17 €/L","img":"https://fd13-photos.leclercdrive.fr/image.ashx?id=2974726&use=l&cat=p&typeid=i","cat":284913},{"id":211090,"n":"Liqueur de menthe Get 27 17,9° - 1L","p":17.35,"u":"17,35 €/L","img":"https://fd13-photos.leclercdrive.fr/image.ashx?id=2858276&use=l&cat=p&typeid=i","cat":286032},{"id":211091,"n":"Porto blanc Eco+ 18% vol - 75cl","p":5.87,"u":"7,83 €/L","img":"https://fd13-photos.leclercdrive.fr/image.ashx?id=2869850&use=l&cat=p&typeid=i","cat":284913},{"id":211101,"n":"Protège-documents Esquisse Jaune - 60 vues","p":1.95,"img":"https://fd13-photos.leclercdrive.fr/image.ashx?id=2553977&use=l&cat=p&typeid=i","cat":284745},{"id":211122,"n":"Curry Ducros 100g","p":2.86,"u":"28,60 €/KG","img":"https://fd13-photos.leclercdrive.fr/image.ashx?id=2554118&use=l&cat=p&typeid=i","cat":298297},{"id":211125,"n":"Curry Ducros 47g","p":1.95,"u":"41,49 €/KG","img":"https://fd13-photos.leclercdrive.fr/image.ashx?id=2559496&use=l&cat=p&typeid=i","cat":298297},{"id":211178,"n":"Papier cuisson Alfapac Rouleau 12m","p":2.37,"img":"https://fd13-photos.leclercdrive.fr/image.ashx?id=2887737&use=l&cat=p&typeid=i","cat":334134},{"id":211223,"n":"Piment d'Espelette Ducros et origan - 25g","p":8.66,"u":"346,40 €/KG","img":"https://fd13-photos.leclercdrive.fr/image.ashx?id=2555340&use=l&cat=p&typeid=i","cat":298297},{"id":211225,"n":"Poivre blanc Ducros Grains 100g","p":4.48,"u":"44,80 €/KG","img":"https://fd13-photos.leclercdrive.fr/image.ashx?id=2555334&use=l&cat=p&typeid=i","cat":284457},{"id":211244,"n":"Boisson base vodka Eristoff Pink 18° - 70cl","p":13.1,"u":"18,71 €/L","img":"https://fd13-photos.leclercdrive.fr/image.ashx?id=2842933&use=l&cat=p&typeid=i","cat":284550},{"id":211296,"n":"Porte-mine Matic Bic Ecolution - x10","p":4.06,"img":"https://fd13-photos.leclercdrive.fr/image.ashx?id=2730886&use=l&cat=p&typeid=i","cat":284696},{"id":211298,"n":"Crayons graphites Bic Evolution HB - Triangle - x4","p":0.71,"u":"0,18 €/P","img":"https://fd13-photos.leclercdrive.fr/image.ashx?id=2555265&use=l&cat=p&typeid=i","cat":284696},{"id":211301,"n":"Recharge correcteur Tipp-ex Pure Mini - x1","p":2.39,"img":"https://fd13-photos.leclercdrive.fr/image.ashx?id=2813914&use=l&cat=p&typeid=i","cat":334133},{"id":211306,"n":"Ruban correcteur Tipp-Ex Easy Refill ecolutions - x2","p":2.44,"img":"https://fd13-photos.leclercdrive.fr/image.ashx?id=2813911&use=l&cat=p&typeid=i","cat":334133},{"id":211360,"n":"Lait hydratant Uriage bébé 1er lait hydratant - 500ml","p":12.7,"u":"25,40 €/L","img":"https://fd13-photos.leclercdrive.fr/image.ashx?id=2554919&use=l&cat=p&typeid=i","cat":290425},{"id":211365,"n":"Eau parfumée Roger & Gallet Fleur de figuier - 100ml","p":32.9,"u":"329,00 €/L","img":"https://fd13-photos.leclercdrive.fr/image.ashx?id=2605740&use=l&cat=p&typeid=i","cat":291525},{"id":211366,"n":"Eau parfumée Roger & Gallet Cédrat - 100ml","p":32.9,"u":"329,00 €/L","img":"https://fd13-photos.leclercdrive.fr/image.ashx?id=2605737&use=l&cat=p&typeid=i","cat":291525},{"id":211383,"n":"Gélules cheveux Forcapil Anti-chute - x90 comprimés","p":22.89,"u":"0,25 €/P","img":"https://fd13-photos.leclercdrive.fr/image.ashx?id=2939931&use=l&cat=p&typeid=i","cat":301266},{"id":211385,"n":"Gummies Luxéol Chute de cheveux - x60","p":15.62,"u":"0,26 €/P","img":"https://fd13-photos.leclercdrive.fr/image.ashx?id=2650723&use=l&cat=p&typeid=i","cat":301266},{"id":211391,"n":"Complément alimentaire Oenobiol Autonbronzant - 2x30","p":24.99,"u":"0,42 €/P","img":"https://fd13-photos.leclercdrive.fr/image.ashx?id=2561164&use=l&cat=p&typeid=i","cat":290395},{"id":211394,"n":"Anaca 3 minceur Gélules Jour/Nuit - x60","p":34.49,"u":"0,57 €/P","img":"https://fd13-photos.leclercdrive.fr/image.ashx?id=2650720&use=l&cat=p&typeid=i","cat":301267},{"id":211398,"n":"Amandes  Tokapi 200g","p":2.78,"u":"13,90 €/KG","img":"https://fd13-photos.leclercdrive.fr/image.ashx?id=2793326&use=l&cat=p&typeid=i","cat":284448},{"id":211403,"n":"Mélange noix fruits secs Tokapi 150g","p":2.16,"u":"14,40 €/KG","img":"https://fd13-photos.leclercdrive.fr/image.ashx?id=2920232&use=l&cat=p&typeid=i","cat":284448},{"id":211413,"n":"Céréales Kit Kat 330g","p":3.69,"u":"11,18 €/KG","img":"https://fd13-photos.leclercdrive.fr/image.ashx?id=2989453&use=l&cat=p&typeid=i","cat":309513},{"id":211414,"n":"Céréales Miel Pops Kellogg's 330g","p":2.27,"u":"6,88 €/KG","img":"https://fd13-photos.leclercdrive.fr/image.ashx?id=3003423&use=l&cat=p&typeid=i","cat":309513},{"id":211415,"n":"Poules aux vermicelles Maggi 3x59g","p":1.35,"u":"7,63 €/KG","img":"https://fd13-photos.leclercdrive.fr/image.ashx?id=2556345&use=l&cat=p&typeid=i","cat":284463},{"id":211427,"n":"Pain burger Epi d'Or Nature x6 - 330g","p":0.93,"u":"2,82 €/KG","img":"https://fd13-photos.leclercdrive.fr/image.ashx?id=2807303&use=l&cat=p&typeid=i","cat":325067},{"id":211428,"n":"Céréales Special K Kellogg's Nature - 500g","p":3.11,"u":"6,22 €/KG","img":"https://fd13-photos.leclercdrive.fr/image.ashx?id=2583996&use=l&cat=p&typeid=i","cat":309512},{"id":211436,"n":"Weetabix crispy  Minis choco - 500g","p":3.91,"u":"7,82 €/KG","img":"https://fd13-photos.leclercdrive.fr/image.ashx?id=2971311&use=l&cat=p&typeid=i","cat":309512},{"id":211467,"n":"Crème contour yeux La Roche-Posay - 20ml","p":16.84,"u":"842,00 €/L","img":"https://fd13-photos.leclercdrive.fr/image.ashx?id=2813441&use=l&cat=p&typeid=i","cat":291172},{"id":211468,"n":"Fluide hydratant La Roche-Posay Toleriane - 40ml","p":16.78,"u":"419,50 €/L","img":"https://fd13-photos.leclercdrive.fr/image.ashx?id=2813447&use=l&cat=p&typeid=i","cat":291171},{"id":211513,"n":"Dentifrice Blancheur Signal White now Gold 75ml","p":2.38,"u":"31,73 €/L","img":"https://fd13-photos.leclercdrive.fr/image.ashx?id=2770187&use=l&cat=p&typeid=i","cat":284612},{"id":211516,"n":"Déodorant bille Rexona Bouquet 72h - 50ml","p":3.31,"u":"66,20 €/L","img":"https://fd13-photos.leclercdrive.fr/image.ashx?id=2849668&use=l&cat=p&typeid=i","cat":284595},{"id":211520,"n":"Dentifrice Signal Professionnel Sensibilité Gencives 75ml","p":3.88,"u":"51,73 €/L","img":"https://fd13-photos.leclercdrive.fr/image.ashx?id=2961329&use=l&cat=p&typeid=i","cat":284612},{"id":211522,"n":"Dentifrice Signal Professionnel Sensibilité Blancheur 75ml","p":2.92,"u":"38,93 €/L","img":"https://fd13-photos.leclercdrive.fr/image.ashx?id=2961332&use=l&cat=p&typeid=i","cat":284612},{"id":211525,"n":"Lessive tablettes Persil Bouquet de Provence - x32","p":5.96,"u":"6,21 €/KG","img":"https://fd13-photos.leclercdrive.fr/image.ashx?id=2557809&use=l&cat=p&typeid=i","cat":284641},{"id":211537,"n":"Céréales Miel Pops Loops Kellogg's 330g","p":2.47,"u":"7,48 €/KG","img":"https://fd13-photos.leclercdrive.fr/image.ashx?id=2561353&use=l&cat=p&typeid=i","cat":309513},{"id":211550,"n":"Sel Regénérant Sun Lave Vaisselle Standard 1Kg","p":1.08,"u":"1,08 €/KG","img":"https://fd13-photos.leclercdrive.fr/image.ashx?id=2729434&use=l&cat=p&typeid=i","cat":284657},{"id":211555,"n":"Sun Capsules Lave-Vaisselle Tout en 1 Absolu Brillance x28","p":7.9,"u":"18,81 €/KG","img":"https://fd13-photos.leclercdrive.fr/image.ashx?id=2961350&use=l&cat=p&typeid=i","cat":284656},{"id":211556,"n":"Sun Capsules Lave-Vaisselle Tout en1 Absolu Dégraissant x28","p":7.9,"u":"18,81 €/KG","img":"https://fd13-photos.leclercdrive.fr/image.ashx?id=2961353&use=l&cat=p&typeid=i","cat":284656},{"id":211561,"n":"Déodorant Spray Dove Anti- Transpirant Invisible Dry 100ml","p":3.14,"u":"31,40 €/L","img":"https://fd13-photos.leclercdrive.fr/image.ashx?id=2905711&use=l&cat=p&typeid=i","cat":284595},{"id":211562,"n":"Déodorant Spray Compressé Dove Anti-Transpirant Original 100ml","p":3.17,"u":"31,70 €/L","img":"https://fd13-photos.leclercdrive.fr/image.ashx?id=2793098&use=l&cat=p&typeid=i","cat":284595},{"id":211564,"n":"Adoucissant concentré Soupline Coco fleurs blanches - 1.28L","p":6.41,"u":"5,01 €/L","img":"https://fd13-photos.leclercdrive.fr/image.ashx?id=2832566&use=l&cat=p&typeid=i","cat":284650},{"id":211578,"n":"Déodorant bille Rexona Invisible aqua 72h - 50ml","p":3.31,"u":"66,20 €/L","img":"https://fd13-photos.leclercdrive.fr/image.ashx?id=2849674&use=l&cat=p&typeid=i","cat":284595},{"id":211598,"n":"Yaourt protéiné Hipro Stracciatella 0%mg - 2x160g","p":2.18,"u":"6,81 €/KG","img":"https://fd13-photos.leclercdrive.fr/image.ashx?id=2807438&use=l&cat=p&typeid=i","cat":315000},{"id":211630,"n":"Palets croustillants Société Fromage de brebis - 150g","p":2.56,"u":"17,07 €/KG","img":"https://fd13-photos.leclercdrive.fr/image.ashx?id=2785160&use=l&cat=p&typeid=i","cat":314027},{"id":211631,"n":"Desserts Lactés P'TIT BRASSE   Abricot vanille -6m+ - 4x90g","p":1.97,"u":"5,47 €/KG","img":"https://fd13-photos.leclercdrive.fr/image.ashx?id=2600072&use=l&cat=p&typeid=i","cat":312392},{"id":211632,"n":"Desserts Lactés P'TIT ONCTUEUX Nature 6M+ - 8x90g","p":4.21,"u":"5,85 €/KG","img":"https://fd13-photos.leclercdrive.fr/image.ashx?id=2559161&use=l&cat=p&typeid=i","cat":312392},{"id":211741,"n":"Gyoza Ajinomoto Légumes x20 - 400g","p":5.45,"u":"13,63 €/KG","img":"https://fd13-photos.leclercdrive.fr/image.ashx?id=2590282&use=l&cat=p&typeid=i","cat":284254},{"id":211764,"n":"Chorizo César Moroni -30% MG - 200g","p":2.97,"u":"14,85 €/KG","img":"https://fd13-photos.leclercdrive.fr/image.ashx?id=2560122&use=l&cat=p&typeid=i","cat":316006},{"id":211808,"n":"Olives Noires Confites Tramier  Dénoyautées 150g","p":1.82,"u":"12,13 €/KG","img":"https://fd13-photos.leclercdrive.fr/image.ashx?id=2840829&use=l&cat=p&typeid=i","cat":284450},{"id":211815,"n":"Crayons de couleur Maped Colorp'Peps Infinity - x12","p":2.55,"img":"https://fd13-photos.leclercdrive.fr/image.ashx?id=2562384&use=l&cat=p&typeid=i","cat":284696},{"id":211827,"n":"Céréales bébé BABIVANILLE Vanille 10M+ - 400g","p":3.48,"u":"8,70 €/KG","img":"https://fd13-photos.leclercdrive.fr/image.ashx?id=2562651&use=l&cat=p&typeid=i","cat":312225},{"id":211864,"n":"Nouilles de blé Tien Shan Canard - 2x85g+85g offerts","p":1.75,"u":"6,86 €/KG","img":"https://fd13-photos.leclercdrive.fr/image.ashx?id=2562435&use=l&cat=p&typeid=i","cat":288992},{"id":211865,"n":"Nouilles de blé Tien Shan Crevette - 2x85g+85g offerts","p":1.4,"u":"5,49 €/KG","img":"https://fd13-photos.leclercdrive.fr/image.ashx?id=2562438&use=l&cat=p&typeid=i","cat":288992},{"id":211866,"n":"Nouilles de blé Tien Shan Curry - 2x85g+85g offerts","p":1.4,"u":"5,49 €/KG","img":"https://fd13-photos.leclercdrive.fr/image.ashx?id=2562441&use=l&cat=p&typeid=i","cat":288992},{"id":211899,"n":"Complément alimentaire Veinoflux - Jambes - x60","p":14.21,"u":"0,24 €/P","img":"https://fd13-photos.leclercdrive.fr/image.ashx?id=2886169&use=l&cat=p&typeid=i","cat":301268},{"id":211904,"n":"Complément alimentaire Oenobiol Sun Expert - 2x30 gélules","p":32.47,"u":"0,54 €/P","img":"https://fd13-photos.leclercdrive.fr/image.ashx?id=2576050&use=l&cat=p&typeid=i","cat":290395},{"id":211908,"n":"Déodorant roll-on Weleda Citron 24h - 50ml","p":7.12,"u":"142,40 €/L","img":"https://fd13-photos.leclercdrive.fr/image.ashx?id=2654836&use=l&cat=p&typeid=i","cat":301593},{"id":211911,"n":"Crème décolorante Netline Visage et corps Aloe Vera 60ml","p":7.86,"pp":6.29,"u":"104,83 €/L","img":"https://fd13-photos.leclercdrive.fr/image.ashx?id=2562552&use=l&cat=p&typeid=i","cat":291160},{"id":211913,"n":"Filtres jetables Physiodose x20 - + 2 embouts","p":5.99,"img":"https://fd13-photos.leclercdrive.fr/image.ashx?id=2562555&use=l&cat=p&typeid=i","cat":289435},{"id":211914,"n":"Déodorant spray Weleda Citron - 100ml","p":9.51,"u":"95,10 €/L","img":"https://fd13-photos.leclercdrive.fr/image.ashx?id=2562564&use=l&cat=p&typeid=i","cat":301593},{"id":211921,"n":"Eau nettoyante Dodie 3-en-1 - 1L","p":8.9,"u":"8,90 €/L","img":"https://fd13-photos.leclercdrive.fr/image.ashx?id=2562588&use=l&cat=p&typeid=i","cat":290425},{"id":211933,"n":"Mouche bébé Physiodose Avec filtre","p":7.26,"u":"382,11 €/KG","img":"https://fd13-photos.leclercdrive.fr/image.ashx?id=2563670&use=l&cat=p&typeid=i","cat":290385},{"id":211934,"n":"1ère huile lavante bébé Uriage 500ml","p":13.47,"u":"26,94 €/L","img":"https://fd13-photos.leclercdrive.fr/image.ashx?id=2562570&use=l&cat=p&typeid=i","cat":290425},{"id":212107,"n":"Brosse à dents Colgate Extra-clean médium - x4","p":1.79,"u":"0,45 €/P","img":"https://fd13-photos.leclercdrive.fr/image.ashx?id=2564309&use=l&cat=p&typeid=i","cat":284614},{"id":212112,"n":"Céréales Frosties Kellogg's  330g","p":2.32,"u":"7,03 €/KG","img":"https://fd13-photos.leclercdrive.fr/image.ashx?id=2565362&use=l&cat=p&typeid=i","cat":309513},{"id":212248,"n":"Crème glacée La Laitière Chocolat avec copeaux - 490g","p":3.24,"pp":2.27,"u":"4,63 €/KG","img":"https://fd13-photos.leclercdrive.fr/image.ashx?id=3000012&use=l&cat=p&typeid=i","cat":284263},{"id":212274,"n":"Crème de soin DermaXPro Apaise - 145ml","p":5.51,"u":"38,00 €/L","img":"https://fd13-photos.leclercdrive.fr/image.ashx?id=2565425&use=l&cat=p&typeid=i","cat":284608},{"id":212453,"n":"Grignoteuse Badabulle Jaune - Tétine silicone","p":6.2,"img":"https://fd13-photos.leclercdrive.fr/image.ashx?id=2566386&use=l&cat=p&typeid=i","cat":289435},{"id":212465,"n":"Protège-slip Confort Vania Coton Bio - x30","p":2.64,"img":"https://fd13-photos.leclercdrive.fr/image.ashx?id=2735215&use=l&cat=p&typeid=i","cat":284625},{"id":212467,"n":"Protège-slip Protection Vania Large Fresh - x36","p":3.03,"img":"https://fd13-photos.leclercdrive.fr/image.ashx?id=2735233&use=l&cat=p&typeid=i","cat":284625},{"id":212468,"n":"Protège-slips Confort Vania Aloe vera - x56","p":2.46,"img":"https://fd13-photos.leclercdrive.fr/image.ashx?id=2735236&use=l&cat=p&typeid=i","cat":284625},{"id":212469,"n":"Protège-slip Protection Vania Long Fresh - x40","p":2.62,"img":"https://fd13-photos.leclercdrive.fr/image.ashx?id=2735239&use=l&cat=p&typeid=i","cat":284625},{"id":212486,"n":"Film étirable Elembal 50m","p":1.8,"u":"0,04 €/MT","img":"https://fd13-photos.leclercdrive.fr/image.ashx?id=2566146&use=l&cat=p&typeid=i","cat":285194},{"id":212568,"n":"Protège-documents Esquisse Rose - 60 vues","p":1.95,"img":"https://fd13-photos.leclercdrive.fr/image.ashx?id=2569062&use=l&cat=p&typeid=i","cat":284745},{"id":212570,"n":"Portes-mines jetables Esquisse Rose, beige, bleu - x3","p":0.85,"img":"https://fd13-photos.leclercdrive.fr/image.ashx?id=2943325&use=l&cat=p&typeid=i","cat":284696},{"id":212575,"n":"Chemise Esquisse Rose - Polypro fantaisie","p":1.19,"img":"https://fd13-photos.leclercdrive.fr/image.ashx?id=2569071&use=l&cat=p&typeid=i","cat":284745},{"id":212576,"n":"Chemise Esquisse Jaune - Polypro fantaisie","p":1.19,"img":"https://fd13-photos.leclercdrive.fr/image.ashx?id=2569074&use=l&cat=p&typeid=i","cat":284745},{"id":212577,"n":"Cahier Force 8 Clairefontaine Orange - 96 pages -21x29.7cm A4","p":1.71,"img":"https://fd13-photos.leclercdrive.fr/image.ashx?id=2569077&use=l&cat=p&typeid=i","cat":284697},{"id":212582,"n":"Blanquette de poulet Côté Table 300g","p":2.79,"u":"9,30 €/KG","img":"https://fd13-photos.leclercdrive.fr/image.ashx?id=2764146&use=l&cat=p&typeid=i","cat":333665},{"id":212616,"n":"Collant Well Infini confort Transparent noir - T3","p":5.5,"img":"https://fd13-photos.leclercdrive.fr/image.ashx?id=2586792&use=l&cat=p&typeid=i","cat":334130},{"id":212622,"n":"Collant Well Infini confort Semi-opaque noir - T3","p":5.5,"img":"https://fd13-photos.leclercdrive.fr/image.ashx?id=2575024&use=l&cat=p&typeid=i","cat":334130},{"id":212624,"n":"Collant Well Morphologie Régular semi-opaque noir /+1m65","p":6.5,"img":"https://fd13-photos.leclercdrive.fr/image.ashx?id=2588519&use=l&cat=p&typeid=i","cat":334130},{"id":212627,"n":"Collant Well Morphologie Form Semi-opaque noir / -1m65","p":6.5,"img":"https://fd13-photos.leclercdrive.fr/image.ashx?id=2586096&use=l&cat=p&typeid=i","cat":334130},{"id":212643,"n":"Margarine Planta Fin Doux 100% végétal - 225g","p":1.69,"u":"7,51 €/KG","img":"https://fd13-photos.leclercdrive.fr/image.ashx?id=2989471&use=l&cat=p&typeid=i","cat":315229},{"id":212660,"n":"Cahier Seyes Esquisse 48 pages Vert - 24x32cm","p":1.19,"img":"https://fd13-photos.leclercdrive.fr/image.ashx?id=2568973&use=l&cat=p&typeid=i","cat":284697},{"id":212678,"n":"Sauce apéritif Doritos Guacamole - 270g","p":2.29,"u":"8,48 €/KG","img":"https://fd13-photos.leclercdrive.fr/image.ashx?id=2617852&use=l&cat=p&typeid=i","cat":284451},{"id":212679,"n":"Céréales Coco Pops Chocos Kellogg's - 330g","p":2.55,"u":"7,73 €/KG","img":"https://fd13-photos.leclercdrive.fr/image.ashx?id=2571683&use=l&cat=p&typeid=i","cat":309513},{"id":212746,"n":"Lait bébé Calisma Gallia Pocket 2e âge 6-12 mois 504g","p":17.84,"u":"35,40 €/KG","img":"https://fd13-photos.leclercdrive.fr/image.ashx?id=2855067&use=l&cat=p&typeid=i","cat":284727},{"id":212750,"n":"Petits pots bébé P'TIT SOUPER Pastasotto 12M+ - 2x200g","p":2.23,"u":"5,58 €/KG","img":"https://fd13-photos.leclercdrive.fr/image.ashx?id=2571863&use=l&cat=p&typeid=i","cat":312239},{"id":212754,"n":"Soupe chinoise Maggi 60g","p":1.1,"u":"18,33 €/KG","img":"https://fd13-photos.leclercdrive.fr/image.ashx?id=2571869&use=l&cat=p&typeid=i","cat":288992},{"id":212759,"n":"Chocolat Pâtissier Nestlé Dessert noisettes - 170g","p":3.21,"u":"18,88 €/KG","img":"https://fd13-photos.leclercdrive.fr/image.ashx?id=2899707&use=l&cat=p&typeid=i","cat":285562},{"id":212770,"n":"Ail & poivre Ducros 45g","p":2.89,"u":"64,22 €/KG","img":"https://fd13-photos.leclercdrive.fr/image.ashx?id=2570166&use=l&cat=p&typeid=i","cat":298297},{"id":212773,"n":"Curry Balti Ducros - 39g","p":1.86,"u":"47,69 €/KG","img":"https://fd13-photos.leclercdrive.fr/image.ashx?id=2570169&use=l&cat=p&typeid=i","cat":298297},{"id":212788,"n":"Cahier Esquisse 48 pages Blanc - petits carreaux-17x22cm","p":0.99,"img":"https://fd13-photos.leclercdrive.fr/image.ashx?id=2580291&use=l&cat=p&typeid=i","cat":284697},{"id":212805,"n":"Jouets de bain Mots d'enfants Lance eau - x4","p":4.5,"u":"1,13 €/P","img":"https://fd13-photos.leclercdrive.fr/image.ashx?id=2580264&use=l&cat=p&typeid=i","cat":289435},{"id":212817,"n":"Nettoyant vitres Ajax Triple action Recharge - 750ml","p":1.69,"u":"2,25 €/L","img":"https://fd13-photos.leclercdrive.fr/image.ashx?id=2842969&use=l&cat=p&typeid=i","cat":325363},{"id":212826,"n":"Poivre et épices Ducros 200g","p":8.62,"u":"43,10 €/KG","img":"https://fd13-photos.leclercdrive.fr/image.ashx?id=2571194&use=l&cat=p&typeid=i","cat":284457},{"id":212829,"n":"Moulin Ducros 5 baies - 24g","p":3.53,"u":"147,08 €/KG","img":"https://fd13-photos.leclercdrive.fr/image.ashx?id=2571197&use=l&cat=p&typeid=i","cat":298297},{"id":212836,"n":"Sucette silicone Mots d'enfants 2ème âge - x2","p":3.45,"u":"1,73 €/P","img":"https://fd13-photos.leclercdrive.fr/image.ashx?id=2580276&use=l&cat=p&typeid=i","cat":284743},{"id":212838,"n":"Sucette silicone Mots d'enfants Réversible, 2ème âge - x2","p":2.75,"u":"1,38 €/P","img":"https://fd13-photos.leclercdrive.fr/image.ashx?id=2580270&use=l&cat=p&typeid=i","cat":284743},{"id":212900,"n":"Lames Hydro 5 Wilkinson Skin protect - 10+2","p":27.9,"u":"2,33 €/P","img":"https://fd13-photos.leclercdrive.fr/image.ashx?id=2676810&use=l&cat=p&typeid=i","cat":284616},{"id":212901,"n":"Pile bouton lithium Varta CR2032 - x4+1 offerte","p":7.7,"u":"1,54 €/P","img":"https://fd13-photos.leclercdrive.fr/image.ashx?id=2572323&use=l&cat=p&typeid=i","cat":300572},{"id":212916,"n":"Vodka Poliakov Lime 32% vol. - 70cl","p":12.12,"u":"17,31 €/L","img":"https://fd13-photos.leclercdrive.fr/image.ashx?id=2816850&use=l&cat=p&typeid=i","cat":284550},{"id":212971,"n":"Barre Enrobage Blanc Lion x6 barres - 180g","p":2.43,"u":"13,50 €/KG","img":"https://fd13-photos.leclercdrive.fr/image.ashx?id=2813044&use=l&cat=p&typeid=i","cat":284498},{"id":213023,"n":"Pâtée et morceaux chiens Eco+ Boeuf - 1.2kg","p":1.67,"u":"1,39 €/KG","img":"https://fd13-photos.leclercdrive.fr/image.ashx?id=2815743&use=l&cat=p&typeid=i","cat":288578},{"id":213025,"n":"Boulettes à la volaille Eco+ 1.2kg","p":1.54,"u":"1,28 €/KG","img":"https://fd13-photos.leclercdrive.fr/image.ashx?id=2815737&use=l&cat=p&typeid=i","cat":288578},{"id":213037,"n":"Culottes Drynites Huggies  4/7ans - x16","p":12.67,"u":"0,79 €/P","img":"https://fd13-photos.leclercdrive.fr/image.ashx?id=2844730&use=l&cat=p&typeid=i","cat":290633},{"id":213060,"n":"Bière ambrée 3 Monts 33cl","p":1.65,"u":"5,00 €/L","img":"https://fd13-photos.leclercdrive.fr/image.ashx?id=2866388&use=l&cat=p&typeid=i","cat":334852},{"id":213078,"n":"Chips de sarrasin NRT De Bretagne -100g","p":2.63,"u":"26,30 €/KG","img":"https://fd13-photos.leclercdrive.fr/image.ashx?id=2638024&use=l&cat=p&typeid=i","cat":284447},{"id":213189,"n":"Milky fromage enfant à tartiner Les Croisés 24 portions - 432g","p":3.59,"u":"8,31 €/KG","img":"https://fd13-photos.leclercdrive.fr/image.ashx?id=2791899&use=l&cat=p&typeid=i","cat":314030},{"id":213190,"n":"Milky fromage enfant à tartiner Les Croisés 12 portions - 216g","p":1.85,"u":"8,56 €/KG","img":"https://fd13-photos.leclercdrive.fr/image.ashx?id=2791914&use=l&cat=p&typeid=i","cat":314030},{"id":213200,"n":"Gaufrettes Quadro Cémoi Choco noisettes - 187g","p":2.1,"u":"11,23 €/KG","img":"https://fd13-photos.leclercdrive.fr/image.ashx?id=2654731&use=l&cat=p&typeid=i","cat":284488},{"id":213211,"n":"Pastis de Marseille Duval 45%vol - 50cl","p":12.3,"u":"24,60 €/L","img":"https://fd13-photos.leclercdrive.fr/image.ashx?id=2576630&use=l&cat=p&typeid=i","cat":284548},{"id":213213,"n":"Pastis de Marseille Duval  45%vol - 20cl","p":4.26,"u":"21,30 €/L","img":"https://fd13-photos.leclercdrive.fr/image.ashx?id=2686663&use=l&cat=p&typeid=i","cat":284548},{"id":213242,"n":"Céréales Coco Pops Kellogg's Original - 330g","p":2.77,"u":"8,39 €/KG","img":"https://fd13-photos.leclercdrive.fr/image.ashx?id=2577099&use=l&cat=p&typeid=i","cat":309513},{"id":213350,"n":"Bavoir Mots d'enfants Moutarde","p":3.95,"img":"https://fd13-photos.leclercdrive.fr/image.ashx?id=2691857&use=l&cat=p&typeid=i","cat":289435},{"id":213394,"n":"Gel-Crème Hydratant Mixa Hypoallergénique - 50ml","p":5.89,"u":"11,78 €/L","img":"https://fd13-photos.leclercdrive.fr/image.ashx?id=2585804&use=l&cat=p&typeid=i","cat":325345},{"id":213396,"n":"Crème céramide Mixa 400ml","p":6.19,"u":"15,48 €/L","img":"https://fd13-photos.leclercdrive.fr/image.ashx?id=2579029&use=l&cat=p&typeid=i","cat":325350},{"id":213398,"n":"Bavoir Mots d'enfants Rose  - 6/18 mois","p":3.95,"img":"https://fd13-photos.leclercdrive.fr/image.ashx?id=2693386&use=l&cat=p&typeid=i","cat":289435},{"id":213399,"n":"Bavoir Mots d'enfants Gris - 6/18 mois","p":3.95,"img":"https://fd13-photos.leclercdrive.fr/image.ashx?id=2693389&use=l&cat=p&typeid=i","cat":289435},{"id":213403,"n":"Crème panthénol Mixa 400ml","p":6.77,"u":"16,93 €/L","img":"https://fd13-photos.leclercdrive.fr/image.ashx?id=2579026&use=l&cat=p&typeid=i","cat":325350},{"id":213404,"n":"Crème cica Mixa Réparation - 400ml","p":6.29,"u":"15,73 €/L","img":"https://fd13-photos.leclercdrive.fr/image.ashx?id=2579023&use=l&cat=p&typeid=i","cat":325350},{"id":213425,"n":"Brossettes Oral-B 3D White 2x4","p":34.07,"u":"4,26 €/P","img":"https://fd13-photos.leclercdrive.fr/image.ashx?id=2740319&use=l&cat=p&typeid=i","cat":297133},{"id":213426,"n":"Brosettes Oral-B Sensitive Sensitive Clean 2x4","p":33.67,"u":"4,21 €/P","img":"https://fd13-photos.leclercdrive.fr/image.ashx?id=2579697&use=l&cat=p&typeid=i","cat":297133},{"id":213443,"n":"Après-Shampoing Franck Provost Expert nutrition - 450ml","p":4.06,"u":"9,02 €/L","img":"https://fd13-photos.leclercdrive.fr/image.ashx?id=2581807&use=l&cat=p&typeid=i","cat":284607},{"id":213454,"n":"Petits pois Eco+ 1kg","p":1.52,"u":"1,52 €/KG","img":"https://fd13-photos.leclercdrive.fr/image.ashx?id=2699874&use=l&cat=p&typeid=i","cat":319805},{"id":213455,"n":"Champignons Eco+ 1kg","p":1.45,"u":"1,45 €/KG","img":"https://fd13-photos.leclercdrive.fr/image.ashx?id=2593339&use=l&cat=p&typeid=i","cat":319805},{"id":213456,"n":"Quart de jambon sec Eco+ 14 tranches - 200g","p":2.33,"u":"11,65 €/KG","img":"https://fd13-photos.leclercdrive.fr/image.ashx?id=2579219&use=l&cat=p&typeid=i","cat":316007},{"id":213458,"n":"Dés de poulet Eco+ 150g","p":1.69,"u":"11,27 €/KG","img":"https://fd13-photos.leclercdrive.fr/image.ashx?id=2930939&use=l&cat=p&typeid=i","cat":316011},{"id":213461,"n":"Fromage à Tartiner Tartare  Herbes de Provence - 250g","p":2.85,"u":"11,40 €/KG","img":"https://fd13-photos.leclercdrive.fr/image.ashx?id=2883955&use=l&cat=p&typeid=i","cat":314029},{"id":213464,"n":"Panés Spécial Burger Père Dodu  Chapelure Corn Flakes - x2 - 18","p":2.73,"u":"15,17 €/KG","img":"https://fd13-photos.leclercdrive.fr/image.ashx?id=2957221&use=l&cat=p&typeid=i","cat":333684},{"id":213528,"n":"Gel WC Canard 100% Détartrant - 750ml","p":2.36,"u":"3,15 €/L","img":"https://fd13-photos.leclercdrive.fr/image.ashx?id=2580194&use=l&cat=p&typeid=i","cat":284662},{"id":213537,"n":"Glace Viennetta Façon Cappuccino - 320g","p":1.99,"u":"6,22 €/KG","img":"https://fd13-photos.leclercdrive.fr/image.ashx?id=2580239&use=l&cat=p&typeid=i","cat":284266},{"id":213582,"n":"Crème Douche surgras Bio Cadum Karité - 450ml","p":2.48,"u":"5,51 €/L","img":"https://fd13-photos.leclercdrive.fr/image.ashx?id=2580801&use=l&cat=p&typeid=i","cat":284594},{"id":213594,"n":"Tablette de chocolat Lindt  Noir pailleté gaufrette - 100g","p":2.72,"u":"27,20 €/KG","img":"https://fd13-photos.leclercdrive.fr/image.ashx?id=2750390&use=l&cat=p&typeid=i","cat":284956},{"id":213604,"n":"Crème Douche Hydratation Cadum Huile d'Amandes Douces - 450ml","p":2.66,"u":"5,91 €/L","img":"https://fd13-photos.leclercdrive.fr/image.ashx?id=2582282&use=l&cat=p&typeid=i","cat":284594},{"id":213606,"n":"Gel Douche Sans Savon Bio Cadum Huile d'Amandes Douces - 450ml","p":2.63,"u":"5,84 €/L","img":"https://fd13-photos.leclercdrive.fr/image.ashx?id=2582288&use=l&cat=p&typeid=i","cat":284594},{"id":213614,"n":"Lentilles corail Notre Jardin 500g","p":1.72,"u":"3,44 €/KG","img":"https://fd13-photos.leclercdrive.fr/image.ashx?id=2983835&use=l&cat=p&typeid=i","cat":284430},{"id":213673,"n":"Pur jus d'orange pressée Andros 1L","p":2.87,"u":"2,87 €/L","img":"https://fd13-photos.leclercdrive.fr/image.ashx?id=2963430&use=l&cat=p&typeid=i","cat":284354},{"id":213676,"n":"Pur jus d'oranges Andros Sans pulpe - 1L","p":2.87,"u":"2,87 €/L","img":"https://fd13-photos.leclercdrive.fr/image.ashx?id=2928873&use=l&cat=p&typeid=i","cat":284354},{"id":213682,"n":"Douche Crème Dop Lait Végétal - 290ml","p":1.69,"u":"5,83 €/L","img":"https://fd13-photos.leclercdrive.fr/image.ashx?id=2582303&use=l&cat=p&typeid=i","cat":284594},{"id":213687,"n":"Shampoing karité Franck Provost Cheveux Secs, très secs - 500ml","p":4.06,"u":"8,12 €/L","img":"https://fd13-photos.leclercdrive.fr/image.ashx?id=2581804&use=l&cat=p&typeid=i","cat":284606},{"id":213688,"n":"Shampoing Karité Franck Provost Cheveux Très Secs épais - 500ml","p":4.06,"u":"8,12 €/L","img":"https://fd13-photos.leclercdrive.fr/image.ashx?id=2582312&use=l&cat=p&typeid=i","cat":284606},{"id":213690,"n":"Shampoing Franck Provost Cheveux abîmés cassants - 500ml","p":4.06,"u":"8,12 €/L","img":"https://fd13-photos.leclercdrive.fr/image.ashx?id=2582315&use=l&cat=p&typeid=i","cat":284606},{"id":213691,"n":"Après-Shampooing Franck Provost Expert réparation - 450ml","p":4.06,"u":"9,02 €/L","img":"https://fd13-photos.leclercdrive.fr/image.ashx?id=2582318&use=l&cat=p&typeid=i","cat":284607},{"id":213692,"n":"Shampooing Franck Provost Cheveux colorés - 500ml","p":4.06,"u":"8,12 €/L","img":"https://fd13-photos.leclercdrive.fr/image.ashx?id=2582321&use=l&cat=p&typeid=i","cat":284606},{"id":213724,"n":"Bouchée pour chien Eco+ Boeuf, pâtes, carottes - 1.2kg","p":1.93,"u":"1,61 €/KG","img":"https://fd13-photos.leclercdrive.fr/image.ashx?id=2815728&use=l&cat=p&typeid=i","cat":288578},{"id":213749,"n":"Bière blonde Pélican 6x33cl","p":7.99,"u":"4,04 €/L","img":"https://fd13-photos.leclercdrive.fr/image.ashx?id=2946922&use=l&cat=p&typeid=i","cat":334872},{"id":213751,"n":"Bière blonde Pélican 50cl","p":2.01,"u":"4,02 €/L","img":"https://fd13-photos.leclercdrive.fr/image.ashx?id=2805876&use=l&cat=p&typeid=i","cat":334853},{"id":213792,"n":"Nettoyant sol savon noir Perfboost Carolin -1L","p":2.78,"u":"2,78 €/L","img":"https://fd13-photos.leclercdrive.fr/image.ashx?id=2582633&use=l&cat=p&typeid=i","cat":284907},{"id":213793,"n":"Burger Bacon Marie Boeuf Charolais Emmental - 190g","p":3.38,"u":"17,79 €/KG","img":"https://fd13-photos.leclercdrive.fr/image.ashx?id=2858615&use=l&cat=p&typeid=i","cat":333671},{"id":213794,"n":"Burger Rustique Marie Boeuf Charolais Emmental - 190g","p":3.38,"u":"17,79 €/KG","img":"https://fd13-photos.leclercdrive.fr/image.ashx?id=2858621&use=l&cat=p&typeid=i","cat":333671},{"id":213830,"n":"Adoucissant Soupline concentré  3D Grand air - 1,35L","p":5.37,"u":"3,98 €/L","img":"https://fd13-photos.leclercdrive.fr/image.ashx?id=2924950&use=l&cat=p&typeid=i","cat":284650},{"id":213831,"n":"Spray Savon marseille La Croix 500ml","p":2.66,"u":"5,32 €/L","img":"https://fd13-photos.leclercdrive.fr/image.ashx?id=2583530&use=l&cat=p&typeid=i","cat":325357},{"id":213833,"n":"Colgate Chloro intense  75ml","p":1.23,"u":"16,40 €/L","img":"https://fd13-photos.leclercdrive.fr/image.ashx?id=2964231&use=l&cat=p&typeid=i","cat":284612},{"id":213834,"n":"Brosse à dents Colgate Extra-clean souple - x4","p":1.99,"u":"0,50 €/P","img":"https://fd13-photos.leclercdrive.fr/image.ashx?id=3011950&use=l&cat=p&typeid=i","cat":284614},{"id":213836,"n":"Dentifrice Colgate Ultra Brite  Haleine Fraîche - 75ml","p":1.42,"u":"18,93 €/L","img":"https://fd13-photos.leclercdrive.fr/image.ashx?id=2802845&use=l&cat=p&typeid=i","cat":284612},{"id":213857,"n":"Recharges WC Canard Fresh Disc  Fraîcheur Marine - 2x6 disques","p":5.33,"u":"2,67 €/P","img":"https://fd13-photos.leclercdrive.fr/image.ashx?id=2754824&use=l&cat=p&typeid=i","cat":284662},{"id":213865,"n":"Mélange Pizza Ducros 12g","p":2.47,"u":"205,83 €/KG","img":"https://fd13-photos.leclercdrive.fr/image.ashx?id=2583344&use=l&cat=p&typeid=i","cat":298297},{"id":213868,"n":"Mélange pour salade Ducros 17g","p":4.85,"u":"285,29 €/KG","img":"https://fd13-photos.leclercdrive.fr/image.ashx?id=2583341&use=l&cat=p&typeid=i","cat":298297},{"id":213886,"n":"Vodka Poliakov Lime 32% vol. - 20cl","p":4.13,"u":"20,65 €/L","img":"https://fd13-photos.leclercdrive.fr/image.ashx?id=2826888&use=l&cat=p&typeid=i","cat":284550},{"id":213910,"n":"Taboulé Oriental  Garbit - 525g","p":2.56,"u":"4,88 €/KG","img":"https://fd13-photos.leclercdrive.fr/image.ashx?id=2901899&use=l&cat=p&typeid=i","cat":284429},{"id":213930,"n":"Fromage enfant La Vache qui rit Original 24P à tartiner - 384g","p":3.85,"u":"10,03 €/KG","img":"https://fd13-photos.leclercdrive.fr/image.ashx?id=2945451&use=l&cat=p&typeid=i","cat":314030},{"id":213938,"n":"Fromage RichesMonts Raclette  Duo Sans Croute Fumée - 420g","p":6.26,"u":"14,90 €/KG","img":"https://fd13-photos.leclercdrive.fr/image.ashx?id=2953833&use=l&cat=p&typeid=i","cat":314037},{"id":213953,"n":"Recharges WC Canard fresh disc Citron - 2x6 disques","p":4.92,"u":"2,46 €/P","img":"https://fd13-photos.leclercdrive.fr/image.ashx?id=2754821&use=l&cat=p&typeid=i","cat":284662},{"id":213954,"n":"Protège-slips Vania Pocket Normal - x30","p":2.03,"u":"0,07 €/P","img":"https://fd13-photos.leclercdrive.fr/image.ashx?id=2735245&use=l&cat=p&typeid=i","cat":284625},{"id":213959,"n":"Nettoyant ménager Pliz Fée du logis - 250ml","p":2.27,"u":"9,08 €/L","img":"https://fd13-photos.leclercdrive.fr/image.ashx?id=2585540&use=l&cat=p&typeid=i","cat":325364},{"id":213964,"n":"Nettoyant ménager Ajax Maison pure Sureau - 1.25L","p":2.75,"u":"2,20 €/L","img":"https://fd13-photos.leclercdrive.fr/image.ashx?id=2585555&use=l&cat=p&typeid=i","cat":284907},{"id":213965,"n":"Adoucissant Eco+ Fraîcheur - 1.5L - x60","p":1.64,"u":"1,09 €/L","img":"https://fd13-photos.leclercdrive.fr/image.ashx?id=2967543&use=l&cat=p&typeid=i","cat":284650},{"id":214087,"n":"Soda Coca-Cola Original Bouteille - 1,75L","p":2.38,"u":"1,36 €/L","img":"https://fd13-photos.leclercdrive.fr/image.ashx?id=2971745&use=l&cat=p&typeid=i","cat":284530},{"id":214104,"n":"Toasts Seigle spécial huîtres Tranches épaisses Harrys 250G","p":1.75,"u":"7,00 €/KG","img":"https://fd13-photos.leclercdrive.fr/image.ashx?id=2599200&use=l&cat=p&typeid=i","cat":285454},{"id":214321,"n":"Déodorant bille Dove Grenade - Anti-transpirant 50ml","p":2.61,"u":"52,20 €/L","img":"https://fd13-photos.leclercdrive.fr/image.ashx?id=2867341&use=l&cat=p&typeid=i","cat":284595},{"id":214327,"n":"Déodorant Spray Dove Anti- Transpirant Beauty Finish 100ml","p":3.46,"u":"34,60 €/L","img":"https://fd13-photos.leclercdrive.fr/image.ashx?id=2987038&use=l&cat=p&typeid=i","cat":284595},{"id":214392,"n":"Gel douche Le Petit Marseillais Homme - Minéraux & bois - 250ml","p":1.64,"u":"6,56 €/L","img":"https://fd13-photos.leclercdrive.fr/image.ashx?id=2684548&use=l&cat=p&typeid=i","cat":284619},{"id":214394,"n":"Crème de douche Le Petit Marseillais Fleur coton 400ml","p":2.85,"u":"7,13 €/L","img":"https://fd13-photos.leclercdrive.fr/image.ashx?id=2947045&use=l&cat=p&typeid=i","cat":284594},{"id":214397,"n":"Brossettes Oral-B iO Ultimate Clean - x2","p":21.11,"u":"10,56 €/P","img":"https://fd13-photos.leclercdrive.fr/image.ashx?id=2589819&use=l&cat=p&typeid=i","cat":297133},{"id":214403,"n":"Lessive liquide Bonux L'original 50 Lavages - 2.25L","p":9.82,"u":"4,36 €/L","img":"https://fd13-photos.leclercdrive.fr/image.ashx?id=2881993&use=l&cat=p&typeid=i","cat":284640},{"id":214454,"n":"Piles rechargeables Foxter Accus Rtu HR03 850mah - x4","p":8.5,"u":"2,13 €/P","img":"https://fd13-photos.leclercdrive.fr/image.ashx?id=2594881&use=l&cat=p&typeid=i","cat":300572},{"id":214456,"n":"Pile rechargeable Foxter Accu - HR22 - 200mAh - x1","p":4.75,"img":"https://fd13-photos.leclercdrive.fr/image.ashx?id=2639296&use=l&cat=p&typeid=i","cat":300572},{"id":214457,"n":"Pile rechargeable Foxter Accus - RTU - HR14 - 3000mAh x2","p":7.99,"u":"4,00 €/P","img":"https://fd13-photos.leclercdrive.fr/image.ashx?id=2639293&use=l&cat=p&typeid=i","cat":300572},{"id":214504,"n":"Dentifrice Colgate Max Fresh Cristaux fraîcheur - 3x75ml","p":7.24,"u":"96,53 €/L","img":"https://fd13-photos.leclercdrive.fr/image.ashx?id=2590851&use=l&cat=p&typeid=i","cat":284612},{"id":214505,"n":"Dentifrice Colgate Max White Cristaux Blancheur - 3x75ml","p":6.33,"u":"28,13 €/L","img":"https://fd13-photos.leclercdrive.fr/image.ashx?id=2738458&use=l&cat=p&typeid=i","cat":284612},{"id":214507,"n":"Liégeois au chocolat Andros Au lait d'amande x6 - 540g","p":2.58,"u":"4,78 €/KG","img":"https://fd13-photos.leclercdrive.fr/image.ashx?id=2590815&use=l&cat=p&typeid=i","cat":316071},{"id":214513,"n":"Après-shampooing Nuxe Hair prodigieux - 200ml","p":21.9,"u":"109,50 €/L","img":"https://fd13-photos.leclercdrive.fr/image.ashx?id=2651561&use=l&cat=p&typeid=i","cat":290398},{"id":214514,"n":"Masque Nuxe Hair prodigieux - 125ml","p":25.1,"u":"200,80 €/L","img":"https://fd13-photos.leclercdrive.fr/image.ashx?id=2651564&use=l&cat=p&typeid=i","cat":290399},{"id":214516,"n":"Pâte à pizza Herta Épaisse et ronde - 450g","p":2.49,"u":"5,53 €/KG","img":"https://fd13-photos.leclercdrive.fr/image.ashx?id=2813917&use=l&cat=p&typeid=i","cat":333681},{"id":214519,"n":"Shampooing Nuxe Hair Prodigieux 200ml","p":14.89,"u":"74,45 €/L","img":"https://fd13-photos.leclercdrive.fr/image.ashx?id=2651567&use=l&cat=p&typeid=i","cat":290400},{"id":214521,"n":"Crème lavante Weleda Corps & cheveux - 400ml","p":5.99,"u":"14,98 €/L","img":"https://fd13-photos.leclercdrive.fr/image.ashx?id=2590809&use=l&cat=p&typeid=i","cat":301591},{"id":214524,"n":"Gommage nourrissant Nuxe Rêve de Miel - Corps - 175ml","p":16.69,"u":"95,37 €/L","img":"https://fd13-photos.leclercdrive.fr/image.ashx?id=2651501&use=l&cat=p&typeid=i","cat":301591},{"id":214527,"n":"Baume lèvre Nuxe Very rose - 15g","p":7.5,"u":"500,00 €/KG","img":"https://fd13-photos.leclercdrive.fr/image.ashx?id=2670740&use=l&cat=p&typeid=i","cat":291172},{"id":214653,"n":"Biscuits Mulino Bianco Tenerezze Citron - 200g","p":3.64,"u":"18,20 €/KG","img":"https://fd13-photos.leclercdrive.fr/image.ashx?id=2593137&use=l&cat=p&typeid=i","cat":289010},{"id":214723,"n":"Biscuit bébé Kiddylicious  Wafers fraise dès 6 mois 4x2p","p":1.31,"u":"81,88 €/KG","img":"https://fd13-photos.leclercdrive.fr/image.ashx?id=2929152&use=l&cat=p&typeid=i","cat":312394},{"id":214724,"n":"Biscuit bébé Kiddylicious Wafers Banane dès 6 mois (4x2p)","p":1.32,"u":"82,50 €/KG","img":"https://fd13-photos.leclercdrive.fr/image.ashx?id=2929149&use=l&cat=p&typeid=i","cat":312394},{"id":214726,"n":"Biscuits bébé Kiddylicious  Saveur Fromage dès 9mois 4x12g","p":2.9,"u":"60,42 €/KG","img":"https://fd13-photos.leclercdrive.fr/image.ashx?id=2929143&use=l&cat=p&typeid=i","cat":312394},{"id":214728,"n":"Biscuits bébé Kiddylicious Saveur légumes dès 9 mois 4x12g","p":2.9,"u":"60,42 €/KG","img":"https://fd13-photos.leclercdrive.fr/image.ashx?id=2929140&use=l&cat=p&typeid=i","cat":312394},{"id":214753,"n":"Biscuits Maria P'tit Déli 4x200g","p":2.25,"u":"2,81 €/KG","img":"https://fd13-photos.leclercdrive.fr/image.ashx?id=2591864&use=l&cat=p&typeid=i","cat":284487},{"id":214762,"n":"Nouilles Banzai Noodle poulet  cup - 67g","p":1.25,"u":"18,66 €/KG","img":"https://fd13-photos.leclercdrive.fr/image.ashx?id=2730004&use=l&cat=p&typeid=i","cat":288992},{"id":214778,"n":"Lait en poudre bio Modilac 2ème âge - 800g","p":20.45,"u":"25,56 €/KG","img":"https://fd13-photos.leclercdrive.fr/image.ashx?id=2981172&use=l&cat=p&typeid=i","cat":284727},{"id":214779,"n":"Lait en poudre bio Modilac Croissance - 800g","p":18.11,"u":"22,64 €/KG","img":"https://fd13-photos.leclercdrive.fr/image.ashx?id=2981175&use=l&cat=p&typeid=i","cat":290219},{"id":214808,"n":"Capsule Nescafé Dolce Gusto Neo  Espresso - x12","p":4.28,"pp":2.82,"u":"42,73 €/KG","img":"https://fd13-photos.leclercdrive.fr/image.ashx?id=2774709&use=l&cat=p&typeid=i","cat":293241},{"id":214809,"n":"Capsule Nescafé Dolce Gusto Neo  Lungo - x12","p":4.21,"pp":2.78,"u":"40,29 €/KG","img":"https://fd13-photos.leclercdrive.fr/image.ashx?id=2775041&use=l&cat=p&typeid=i","cat":293241},{"id":214810,"n":"Capsule Nescafé Dolce Gusto Neo  Grande - x12","p":4.32,"pp":2.85,"u":"33,93 €/KG","img":"https://fd13-photos.leclercdrive.fr/image.ashx?id=2947225&use=l&cat=p&typeid=i","cat":293241},{"id":214811,"n":"Capsule Nescafé Dolce Gusto Neo  Hot Chocolate - x12","p":4.33,"pp":2.86,"u":"13,24 €/KG","img":"https://fd13-photos.leclercdrive.fr/image.ashx?id=2927702&use=l&cat=p&typeid=i","cat":293241},{"id":214812,"n":"Capsule Nescafé Dolce Gusto Neo  Cappuccino - x6 - 122g","p":4.31,"pp":2.84,"u":"23,28 €/KG","img":"https://fd13-photos.leclercdrive.fr/image.ashx?id=2947228&use=l&cat=p&typeid=i","cat":293241},{"id":214813,"n":"Capsule Nescafé Dolce Gusto Neo Starbucks Caramel Macchiato x12","p":4.97,"pp":3.28,"u":"27,33 €/KG","img":"https://fd13-photos.leclercdrive.fr/image.ashx?id=2595824&use=l&cat=p&typeid=i","cat":293241},{"id":214815,"n":"Lait en poudre bio Modilac 1er âge - 800g","p":28.21,"u":"35,26 €/KG","img":"https://fd13-photos.leclercdrive.fr/image.ashx?id=2981169&use=l&cat=p&typeid=i","cat":284726},{"id":214827,"n":"Crème dessert Mont Blanc Caramel - 6x125g","p":3.74,"u":"4,99 €/KG","img":"https://fd13-photos.leclercdrive.fr/image.ashx?id=2598579&use=l&cat=p&typeid=i","cat":284506},{"id":214848,"n":"Champignons blancs de Paris  Eco+ - 200g","p":0.95,"u":"4,75 €/KG","img":"https://fd13-photos.leclercdrive.fr/image.ashx?id=2742685&use=l&cat=p&typeid=i","cat":284352},{"id":214925,"n":"Macon Village La Burgondie 75cl","p":7.5,"u":"10,00 €/L","img":"https://fd13-photos.leclercdrive.fr/image.ashx?id=2596230&use=l&cat=p&typeid=i","cat":289557},{"id":214945,"n":"Pack 2 cartouches  Ovales","p":5.93,"img":"https://fd13-photos.leclercdrive.fr/image.ashx?id=2806783&use=l&cat=p&typeid=i","cat":334135},{"id":214946,"n":"Rangement de tiroir Blanc - 15x17x5cm - x1","p":0.47,"img":"https://fd13-photos.leclercdrive.fr/image.ashx?id=2715750&use=l&cat=p&typeid=i","cat":335909},{"id":214947,"n":"Rangement tiroir 24.5x9.5x5cm","p":0.97,"img":"https://fd13-photos.leclercdrive.fr/image.ashx?id=2715753&use=l&cat=p&typeid=i","cat":335909},{"id":214949,"n":"Range tiroir 33x9.5x5cm","p":1.97,"img":"https://fd13-photos.leclercdrive.fr/image.ashx?id=2715756&use=l&cat=p&typeid=i","cat":335909},{"id":214950,"n":"Rangement tiroir 24.8x17x5cm","p":2.48,"img":"https://fd13-photos.leclercdrive.fr/image.ashx?id=2715759&use=l&cat=p&typeid=i","cat":335909},{"id":215017,"n":"Croutons ail Tipiak 220g","p":3.27,"u":"14,86 €/KG","img":"https://fd13-photos.leclercdrive.fr/image.ashx?id=2688872&use=l&cat=p&typeid=i","cat":284464},{"id":215030,"n":"Poulpe mariné Baltic Poivre et piment - 150g","p":4.29,"u":"28,60 €/KG","img":"https://fd13-photos.leclercdrive.fr/image.ashx?id=2845919&use=l&cat=p&typeid=i","cat":285191},{"id":215056,"n":"Recharge Lessive liquide  Rainett - Bicarbonate 1.6L","p":6.14,"u":"3,84 €/L","img":"https://fd13-photos.leclercdrive.fr/image.ashx?id=2940291&use=l&cat=p&typeid=i","cat":284640},{"id":215058,"n":"Moule à manqué Eco+ Métal - 26cm","p":2.93,"img":"https://fd13-photos.leclercdrive.fr/image.ashx?id=2872472&use=l&cat=p&typeid=i","cat":334135},{"id":215059,"n":"Range tiroir 40x17x5cm","p":2.97,"img":"https://fd13-photos.leclercdrive.fr/image.ashx?id=2715762&use=l&cat=p&typeid=i","cat":335909},{"id":215065,"n":"Pack 6 cartouches ovales Homeside+","p":16.99,"img":"https://fd13-photos.leclercdrive.fr/image.ashx?id=2806789&use=l&cat=p&typeid=i","cat":334135},{"id":215070,"n":"Essoreuse Eco+ x1","p":4.95,"img":"https://fd13-photos.leclercdrive.fr/image.ashx?id=2715774&use=l&cat=p&typeid=i","cat":334135},{"id":215074,"n":"Tapis évier égouttoir x1","p":0.98,"img":"https://fd13-photos.leclercdrive.fr/image.ashx?id=2715768&use=l&cat=p&typeid=i","cat":334135},{"id":215122,"n":"Pâtes Alpina Perle - 500g","p":1.27,"u":"2,54 €/KG","img":"https://fd13-photos.leclercdrive.fr/image.ashx?id=2789859&use=l&cat=p&typeid=i","cat":284427},{"id":215146,"n":"Les Légumes Gratinés d'Aucy Chou-fleur Pomme de terre 300g","p":3.99,"u":"13,30 €/KG","img":"https://fd13-photos.leclercdrive.fr/image.ashx?id=2597363&use=l&cat=p&typeid=i","cat":319802},{"id":215209,"n":"Spray nettoyant La Croix Bicarbonate de soude - 500ml","p":2.46,"u":"4,92 €/L","img":"https://fd13-photos.leclercdrive.fr/image.ashx?id=2597609&use=l&cat=p&typeid=i","cat":325357},{"id":215213,"n":"Sérum visage repulpant Garnier Acide Hyaluronique & Aloe Vera","p":8.98,"u":"299,33 €/L","img":"https://fd13-photos.leclercdrive.fr/image.ashx?id=2979911&use=l&cat=p&typeid=i","cat":325345},{"id":215214,"n":"Brossettes Oral-B Pro Sensitive clean - x2","p":12.77,"u":"6,39 €/PRT","img":"https://fd13-photos.leclercdrive.fr/image.ashx?id=2909254&use=l&cat=p&typeid=i","cat":297133},{"id":215228,"n":"Melange garam masala Ducros 40g","p":3.47,"u":"86,75 €/KG","img":"https://fd13-photos.leclercdrive.fr/image.ashx?id=2597384&use=l&cat=p&typeid=i","cat":298297},{"id":215231,"n":"Petites gambas Fleury Ichon À la persillade - 280g","p":4.18,"u":"14,93 €/KG","img":"https://fd13-photos.leclercdrive.fr/image.ashx?id=2889499&use=l&cat=p&typeid=i","cat":333665},{"id":215261,"n":"Apéritif Suze Tonic 0% - 3x25cl","p":5.28,"u":"7,04 €/L","img":"https://fd13-photos.leclercdrive.fr/image.ashx?id=3011125&use=l&cat=p&typeid=i","cat":284913},{"id":215311,"n":"P'tit biscuit Nestlé 180g","p":2.04,"u":"11,33 €/KG","img":"https://fd13-photos.leclercdrive.fr/image.ashx?id=2737225&use=l&cat=p&typeid=i","cat":312227},{"id":215377,"n":"Fromage Persillée Bresse Bleu Le véritable - 200g","p":2.92,"u":"14,60 €/KG","img":"https://fd13-photos.leclercdrive.fr/image.ashx?id=2927486&use=l&cat=p&typeid=i","cat":314032},{"id":215378,"n":"Sérum Visage Post-Acné Nivea Anti-taches Luminous - 30ml","p":21.53,"u":"717,67 €/L","img":"https://fd13-photos.leclercdrive.fr/image.ashx?id=2836124&use=l&cat=p&typeid=i","cat":325345},{"id":215379,"n":"Sérum Visage Anti-âge Nivea Anti-taches Luminous - 30ml","p":17.71,"u":"590,33 €/L","img":"https://fd13-photos.leclercdrive.fr/image.ashx?id=2985492&use=l&cat=p&typeid=i","cat":325345},{"id":215381,"n":"Sérum visage Nivea Cellular Liftant - 3 zones - 30ml","p":15.89,"u":"529,67 €/L","img":"https://fd13-photos.leclercdrive.fr/image.ashx?id=3014614&use=l&cat=p&typeid=i","cat":325345},{"id":215405,"n":"Rasoirs Wilkinson Xtreme 3 Ultimate comfort - 2x8","p":42.3,"u":"2,64 €/P","img":"https://fd13-photos.leclercdrive.fr/image.ashx?id=2861716&use=l&cat=p&typeid=i","cat":284616},{"id":215890,"n":"Piles alcalines Varta V23GA - x2","p":3.84,"u":"1,92 €/P","img":"https://fd13-photos.leclercdrive.fr/image.ashx?id=2600770&use=l&cat=p&typeid=i","cat":300572},{"id":215899,"n":"Moules apéritives Pêche Océan - 350ml","p":2.69,"u":"7,69 €/L","img":"https://fd13-photos.leclercdrive.fr/image.ashx?id=2605008&use=l&cat=p&typeid=i","cat":285094},{"id":215900,"n":"Moules apéritives à la catalane Pêche Océan - 350ml","p":2.69,"u":"7,69 €/L","img":"https://fd13-photos.leclercdrive.fr/image.ashx?id=2605005&use=l&cat=p&typeid=i","cat":285094},{"id":215917,"n":"Liquide de Rinçage Finish  800ml","p":4.98,"u":"6,23 €/L","img":"https://fd13-photos.leclercdrive.fr/image.ashx?id=2864678&use=l&cat=p&typeid=i","cat":284657},{"id":215981,"n":"Petits pois D'Aucy Extra tendres - 3x560g","p":5.59,"u":"3,33 €/KG","img":"https://fd13-photos.leclercdrive.fr/image.ashx?id=2601404&use=l&cat=p&typeid=i","cat":312607},{"id":215984,"n":"Rhum Trois Rivières  Cellar réserve - 40° - 70cl","p":44.5,"u":"63,57 €/L","img":"https://fd13-photos.leclercdrive.fr/image.ashx?id=2759981&use=l&cat=p&typeid=i","cat":284550},{"id":216007,"n":"Petits pots bébé P'TIT SOUPER Quinotto carottes 8M+ - 2x200g","p":2.14,"u":"5,35 €/KG","img":"https://fd13-photos.leclercdrive.fr/image.ashx?id=2737762&use=l&cat=p&typeid=i","cat":312239},{"id":216020,"n":"Huile moteur Shell Helix Ultra Professional AR-L RN17 5W-30 5L","p":49.9,"u":"9,98 €/L","img":"https://fd13-photos.leclercdrive.fr/image.ashx?id=2601794&use=l&cat=p&typeid=i","cat":298253},{"id":216082,"n":"Pâtes fraîches RANA Raviolini Vache qui Rit - 250g","p":2.74,"u":"10,96 €/KG","img":"https://fd13-photos.leclercdrive.fr/image.ashx?id=2877166&use=l&cat=p&typeid=i","cat":333682},{"id":216093,"n":"Chips Tortilla Doritos Goût barbecue style - 160g","p":2.0,"u":"12,50 €/KG","img":"https://fd13-photos.leclercdrive.fr/image.ashx?id=2880718&use=l&cat=p&typeid=i","cat":287899},{"id":216095,"n":"Chips Tortilla Doritos Goût nacho cheese - 160g","p":1.5,"u":"9,38 €/KG","img":"https://fd13-photos.leclercdrive.fr/image.ashx?id=2990478&use=l&cat=p&typeid=i","cat":287899},{"id":216096,"n":"Chips Tortilla Doritos Goût Nature Sel - 160g","p":1.95,"u":"12,19 €/KG","img":"https://fd13-photos.leclercdrive.fr/image.ashx?id=2880715&use=l&cat=p&typeid=i","cat":287899},{"id":216097,"n":"Chips Tortilla Doritos Goût paprika - 160g","p":2.06,"u":"12,88 €/KG","img":"https://fd13-photos.leclercdrive.fr/image.ashx?id=2890091&use=l&cat=p&typeid=i","cat":287899},{"id":216098,"n":"Chips Tortilla Doritos Goût sweet chili - 160g","p":1.92,"u":"12,00 €/KG","img":"https://fd13-photos.leclercdrive.fr/image.ashx?id=2990475&use=l&cat=p&typeid=i","cat":287899},{"id":216099,"n":"Chips Tortilla Doritos Goût sour cream - 160g","p":1.98,"u":"12,38 €/KG","img":"https://fd13-photos.leclercdrive.fr/image.ashx?id=2890088&use=l&cat=p&typeid=i","cat":287899},{"id":216105,"n":"Pané raclette Grand Fermage x4 - 100g","p":2.33,"u":"23,30 €/KG","img":"https://fd13-photos.leclercdrive.fr/image.ashx?id=2603402&use=l&cat=p&typeid=i","cat":314037},{"id":216126,"n":"Yaourt Panier de Yoplait Fruits Rouges 0%Mg - 8x125g","p":2.76,"u":"2,76 €/KG","img":"https://fd13-photos.leclercdrive.fr/image.ashx?id=2830399&use=l&cat=p&typeid=i","cat":284410},{"id":216128,"n":"Yaourt Fruits Panier de Yoplait Panaché 0%Mg - 16x125g","p":4.41,"u":"2,21 €/KG","img":"https://fd13-photos.leclercdrive.fr/image.ashx?id=2884495&use=l&cat=p&typeid=i","cat":284410},{"id":216182,"n":"Répertoire Esquisse 180pages Rouge Spirale - 5X5 - 11x17cm","p":2.79,"img":"https://fd13-photos.leclercdrive.fr/image.ashx?id=2603148&use=l&cat=p&typeid=i","cat":284697},{"id":216184,"n":"Répertoire Esquisse 180pages Transparent - 5X5 - 11x17cm","p":2.79,"img":"https://fd13-photos.leclercdrive.fr/image.ashx?id=2603151&use=l&cat=p&typeid=i","cat":284697},{"id":216185,"n":"Répertoire Esquisse 180pages Jaune Spirale - 5X5 - 11x17cm","p":2.79,"img":"https://fd13-photos.leclercdrive.fr/image.ashx?id=2603154&use=l&cat=p&typeid=i","cat":284697},{"id":216295,"n":"Raclette nature Eco+ 400g","p":3.37,"u":"8,43 €/KG","img":"https://fd13-photos.leclercdrive.fr/image.ashx?id=2611852&use=l&cat=p&typeid=i","cat":314037},{"id":216303,"n":"Riz Méditerranée Ben's original  Express 2mn - 220g","p":1.32,"u":"5,28 €/KG","img":"https://fd13-photos.leclercdrive.fr/image.ashx?id=2995301&use=l&cat=p&typeid=i","cat":287600},{"id":216392,"n":"Rhum Bacardi Reserva 8 ans 40%vol. - 70cl","p":38.75,"u":"55,36 €/L","img":"https://fd13-photos.leclercdrive.fr/image.ashx?id=2606406&use=l&cat=p&typeid=i","cat":284550},{"id":216462,"n":"Spray Prêt à l'emploi St Marc  Acide Citrique - 500ml","p":2.52,"u":"5,04 €/L","img":"https://fd13-photos.leclercdrive.fr/image.ashx?id=2653867&use=l&cat=p&typeid=i","cat":325357},{"id":216463,"n":"Lingettes désinfectantes St  Marc Anti-Bactériennes - x80","p":2.4,"u":"0,03 €/P","img":"https://fd13-photos.leclercdrive.fr/image.ashx?id=2811341&use=l&cat=p&typeid=i","cat":325358},{"id":216519,"n":"Skyr Siggi's  Stracciatella - 2x140g","p":2.2,"u":"7,86 €/KG","img":"https://fd13-photos.leclercdrive.fr/image.ashx?id=2606885&use=l&cat=p&typeid=i","cat":315000},{"id":216521,"n":"Yaourt à la grecque YAOS  Nature - 850g","p":2.88,"u":"3,39 €/KG","img":"https://fd13-photos.leclercdrive.fr/image.ashx?id=2729776&use=l&cat=p&typeid=i","cat":314999},{"id":216597,"n":"Pâte à tartiner Andros be nuts Cacahuète crémeux - 325g","p":3.32,"u":"10,22 €/KG","img":"https://fd13-photos.leclercdrive.fr/image.ashx?id=2916201&use=l&cat=p&typeid=i","cat":284481},{"id":216602,"n":"Confit de manchons de canard Maison Montfort - 400g","p":4.99,"u":"12,48 €/KG","img":"https://fd13-photos.leclercdrive.fr/image.ashx?id=2859239&use=l&cat=p&typeid=i","cat":284339},{"id":216705,"n":"Boisson Mogu Mogu Mangue 32cl","p":1.32,"u":"4,13 €/L","img":"https://fd13-photos.leclercdrive.fr/image.ashx?id=2959130&use=l&cat=p&typeid=i","cat":295018},{"id":216782,"n":"Brossettes Oral-B Cross Action Black - 4+2","p":29.11,"img":"https://fd13-photos.leclercdrive.fr/image.ashx?id=2610004&use=l&cat=p&typeid=i","cat":297133},{"id":216810,"n":"Plat à four 35x22cm - x1","p":4.88,"img":"https://fd13-photos.leclercdrive.fr/image.ashx?id=2611669&use=l&cat=p&typeid=i","cat":298490},{"id":217003,"n":"Céréales coco pops Kellogg's Au chocolat - 550g","p":3.85,"u":"7,00 €/KG","img":"https://fd13-photos.leclercdrive.fr/image.ashx?id=2611080&use=l&cat=p&typeid=i","cat":309513},{"id":217041,"n":"Gin London Dry Brighton's 37.5% vol - 50cl","p":13.47,"u":"26,94 €/L","img":"https://fd13-photos.leclercdrive.fr/image.ashx?id=2869883&use=l&cat=p&typeid=i","cat":284550},{"id":217042,"n":"Bitter Amaro Voltano Saveur orange 25% vol - 70cl","p":13.99,"u":"19,99 €/L","img":"https://fd13-photos.leclercdrive.fr/image.ashx?id=2613738&use=l&cat=p&typeid=i","cat":284913},{"id":217096,"n":"Boisson énergisante Crazy Tiger Tropical - 1L","p":2.27,"u":"2,27 €/L","img":"https://fd13-photos.leclercdrive.fr/image.ashx?id=2861078&use=l&cat=p&typeid=i","cat":284533},{"id":217097,"n":"Boisson énergisante Crazy Tiger Cerise - 1L","p":2.23,"u":"2,23 €/L","img":"https://fd13-photos.leclercdrive.fr/image.ashx?id=2859509&use=l&cat=p&typeid=i","cat":284533},{"id":217145,"n":"Rhum Don Papa Baroko  40% vol. - 70cl","p":36.9,"u":"52,71 €/L","img":"https://fd13-photos.leclercdrive.fr/image.ashx?id=2654017&use=l&cat=p&typeid=i","cat":284550},{"id":217237,"n":"Crème visage hydratante L'Oréal Men Expert - 50ml","p":7.18,"u":"143,60 €/L","img":"https://fd13-photos.leclercdrive.fr/image.ashx?id=2613573&use=l&cat=p&typeid=i","cat":284622},{"id":217256,"n":"Champignons de Paris blancs Panier du Primeur - 400g","p":2.39,"u":"5,98 €/KG","img":"https://fd13-photos.leclercdrive.fr/image.ashx?id=2610765&use=l&cat=p&typeid=i","cat":284352},{"id":217390,"n":"Effiloché en gelée Marvo  Thon - 80g","p":0.92,"u":"11,50 €/KG","img":"https://fd13-photos.leclercdrive.fr/image.ashx?id=2616790&use=l&cat=p&typeid=i","cat":285286},{"id":217394,"n":"Effiloché en gelée Marvo Poulet - 80g","p":0.88,"u":"0,01 €/P","img":"https://fd13-photos.leclercdrive.fr/image.ashx?id=2616452&use=l&cat=p&typeid=i","cat":285286},{"id":217395,"n":"Effiloché en gelée Marvo Poulet et thon - 80g","p":0.96,"u":"12,00 €/KG","img":"https://fd13-photos.leclercdrive.fr/image.ashx?id=2616455&use=l&cat=p&typeid=i","cat":285286},{"id":217396,"n":"Effiloché en gelée Marvo Poulet  foie de poulet 80g","p":0.88,"u":"11,00 €/KG","img":"https://fd13-photos.leclercdrive.fr/image.ashx?id=2616458&use=l&cat=p&typeid=i","cat":285286},{"id":217398,"n":"Effiloché en gelée Marvo Poulet légumes - 80g","p":0.9,"u":"11,25 €/KG","img":"https://fd13-photos.leclercdrive.fr/image.ashx?id=2616784&use=l&cat=p&typeid=i","cat":285286},{"id":217399,"n":"Effiloché en gelée Marvo Thon  maquereau - 80g","p":0.96,"img":"https://fd13-photos.leclercdrive.fr/image.ashx?id=2616787&use=l&cat=p&typeid=i","cat":285286},{"id":217403,"n":"Baume B5+ La Roche-Posay Cicaplast - 40ml","p":6.98,"u":"174,50 €/L","img":"https://fd13-photos.leclercdrive.fr/image.ashx?id=2846006&use=l&cat=p&typeid=i","cat":290421},{"id":217405,"n":"Pansements ampoules Compeed Talon - Sport - x5","p":8.7,"u":"1,74 €/P","img":"https://fd13-photos.leclercdrive.fr/image.ashx?id=2612679&use=l&cat=p&typeid=i","cat":291163},{"id":217406,"n":"Pansements ampoules Compeed Moyen format - x10","p":10.62,"u":"1,06 €/P","img":"https://fd13-photos.leclercdrive.fr/image.ashx?id=2612706&use=l&cat=p&typeid=i","cat":291163},{"id":217408,"n":"Gel douche Atoderm Bioderma Eco-recharge - 1L","p":7.99,"u":"7,99 €/L","img":"https://fd13-photos.leclercdrive.fr/image.ashx?id=2613591&use=l&cat=p&typeid=i","cat":301591},{"id":217426,"n":"Pansements Elastoplast Flexibles - 2 formats - x20","p":2.49,"u":"0,12 €/P","img":"https://fd13-photos.leclercdrive.fr/image.ashx?id=2612751&use=l&cat=p&typeid=i","cat":291163},{"id":217434,"n":"Sparadrap Elastoplast Classic - 5mx2,5cm","p":2.09,"img":"https://fd13-photos.leclercdrive.fr/image.ashx?id=2613612&use=l&cat=p&typeid=i","cat":291163},{"id":217447,"n":"Gel douche surgras Neutraderm Dermo-protect - 1L","p":6.64,"u":"6,64 €/L","img":"https://fd13-photos.leclercdrive.fr/image.ashx?id=2886828&use=l&cat=p&typeid=i","cat":301591},{"id":217454,"n":"Gel vaginal Replens Hydratant - x8 - 2018","p":10.4,"u":"1,30 €/P","img":"https://fd13-photos.leclercdrive.fr/image.ashx?id=2612655&use=l&cat=p&typeid=i","cat":301348},{"id":217457,"n":"Patchs invisibles Compeed Bouton de fièvre - x15","p":9.81,"u":"0,65 €/P","img":"https://fd13-photos.leclercdrive.fr/image.ashx?id=2613582&use=l&cat=p&typeid=i","cat":291172},{"id":217460,"n":"Shampooing Bioderma Nodé P - Apaisant - 400ml","p":8.81,"u":"22,03 €/L","img":"https://fd13-photos.leclercdrive.fr/image.ashx?id=2612742&use=l&cat=p&typeid=i","cat":290400},{"id":217465,"n":"Gelules ArkoLevure 250mg - x30","p":8.64,"u":"0,29 €/P","img":"https://fd13-photos.leclercdrive.fr/image.ashx?id=2613504&use=l&cat=p&typeid=i","cat":301268},{"id":217468,"n":"Complément alimentaire Supraflor - x30","p":13.39,"u":"0,45 €/P","img":"https://fd13-photos.leclercdrive.fr/image.ashx?id=2613510&use=l&cat=p&typeid=i","cat":301268},{"id":217537,"n":"Raclette Gratte Givre Tech9 Orange - 1 pièce","p":2.55,"img":"https://fd13-photos.leclercdrive.fr/image.ashx?id=2613212&use=l&cat=p&typeid=i","cat":298252},{"id":217538,"n":"Raclette Gratte Givre Tech9 Bleu - 1 pièce","p":2.55,"img":"https://fd13-photos.leclercdrive.fr/image.ashx?id=2613215&use=l&cat=p&typeid=i","cat":298252},{"id":217570,"n":"Complément alimentaire Chondrostéo+ - x180 - 2 mois","p":23.7,"u":"153,90 €/KG","img":"https://fd13-photos.leclercdrive.fr/image.ashx?id=2613561&use=l&cat=p&typeid=i","cat":301268},{"id":217572,"n":"Complément alimentaire Chondrostéo+ - 3x90","p":25.99,"u":"0,10 €/P","img":"https://fd13-photos.leclercdrive.fr/image.ashx?id=3002114&use=l&cat=p&typeid=i","cat":301268},{"id":217575,"n":"Spray Arkorelax Sommeil flash - 20ml","p":8.99,"u":"449,50 €/L","img":"https://fd13-photos.leclercdrive.fr/image.ashx?id=2614170&use=l&cat=p&typeid=i","cat":301265},{"id":217579,"n":"Complément alimentaire Cys- Control - Fort - x10","p":13.71,"u":"1,37 €/P","img":"https://fd13-photos.leclercdrive.fr/image.ashx?id=2886172&use=l&cat=p&typeid=i","cat":301268},{"id":217584,"n":"Complément alimentaire Arkorelax - Moral+ - x60","p":24.99,"u":"0,42 €/P","img":"https://fd13-photos.leclercdrive.fr/image.ashx?id=2614185&use=l&cat=p&typeid=i","cat":301268},{"id":217587,"n":"Complément alimentaire Chrondro -Aid - 100% articulation - x180","p":31.18,"u":"0,17 €/P","img":"https://fd13-photos.leclercdrive.fr/image.ashx?id=2614191&use=l&cat=p&typeid=i","cat":301268},{"id":217610,"n":"Café en grain  Bio Village Bio Pur arabica - 500g","p":8.39,"u":"16,78 €/KG","img":"https://fd13-photos.leclercdrive.fr/image.ashx?id=2615376&use=l&cat=p&typeid=i","cat":293237},{"id":217612,"n":"Café en grain Plantation Pur arabica - 1kg","p":13.06,"u":"13,06 €/KG","img":"https://fd13-photos.leclercdrive.fr/image.ashx?id=2824307&use=l&cat=p&typeid=i","cat":293237},{"id":217613,"n":"Café en grain Plantation Ethiopie - 500g","p":7.99,"u":"15,98 €/KG","img":"https://fd13-photos.leclercdrive.fr/image.ashx?id=2824310&use=l&cat=p&typeid=i","cat":293237},{"id":217706,"n":"Brossettes Oral-B Pro Sensitive","p":62.99,"img":"https://fd13-photos.leclercdrive.fr/image.ashx?id=2615191&use=l&cat=p&typeid=i","cat":297133},{"id":217721,"n":"Déodorant spray Dove Invisible Dry - 2x100ml","p":5.25,"u":"26,25 €/L","img":"https://fd13-photos.leclercdrive.fr/image.ashx?id=2903875&use=l&cat=p&typeid=i","cat":284595},{"id":217935,"n":"Désodorisant diffuseur Airwick  Active Fresh Coton - 75ml","p":3.69,"u":"49,20 €/L","img":"https://fd13-photos.leclercdrive.fr/image.ashx?id=2616186&use=l&cat=p&typeid=i","cat":311629},{"id":217936,"n":"Désodorisant diffuseur Airwick  Active Fresh Magnolia - 75ml","p":3.64,"u":"48,53 €/L","img":"https://fd13-photos.leclercdrive.fr/image.ashx?id=2616435&use=l&cat=p&typeid=i","cat":311629},{"id":217952,"n":"Rouge à lèvres L'Oréal Paris Color Riche 303 - Rose tendre","p":12.06,"img":"https://fd13-photos.leclercdrive.fr/image.ashx?id=3014434&use=l&cat=p&typeid=i","cat":287029},{"id":217956,"n":"Brosse à dent électrique Oral-B Pro series 1 - Bleue x1","p":39.95,"img":"https://fd13-photos.leclercdrive.fr/image.ashx?id=2616255&use=l&cat=p&typeid=i","cat":297133},{"id":217959,"n":"Dentifrice Oral-B  3D White luxe - 75ml","p":4.88,"u":"65,07 €/L","img":"https://fd13-photos.leclercdrive.fr/image.ashx?id=2737540&use=l&cat=p&typeid=i","cat":284612},{"id":217961,"n":"Brossettes Oral-B Pro Precision clean - x2","p":11.15,"u":"5,58 €/P","img":"https://fd13-photos.leclercdrive.fr/image.ashx?id=2957692&use=l&cat=p&typeid=i","cat":297133},{"id":217973,"n":"Culottes Huggies® Extra Care® Taille 4 x26 (9-14 kg)","p":12.97,"u":"0,50 €/P","img":"https://fd13-photos.leclercdrive.fr/image.ashx?id=2831405&use=l&cat=p&typeid=i","cat":290633},{"id":217991,"n":"Dentifrice Signal Integral 8 Nettoyage intense - 75ml","p":2.41,"u":"32,13 €/L","img":"https://fd13-photos.leclercdrive.fr/image.ashx?id=2818190&use=l&cat=p&typeid=i","cat":284612},{"id":217993,"n":"Dentifrice Integral 8 Signal Blancheur Prébiotique 75ml","p":1.72,"u":"22,93 €/L","img":"https://fd13-photos.leclercdrive.fr/image.ashx?id=2974668&use=l&cat=p&typeid=i","cat":284612},{"id":217995,"n":"Dentifrice Signal Integral 8 Resist +Prébiotique - 75ml","p":2.47,"u":"32,93 €/L","img":"https://fd13-photos.leclercdrive.fr/image.ashx?id=2818199&use=l&cat=p&typeid=i","cat":284612},{"id":218002,"n":"Dentifrice Signal Système Blancheur Eclat brillance 75ml","p":2.81,"u":"37,47 €/L","img":"https://fd13-photos.leclercdrive.fr/image.ashx?id=2981424&use=l&cat=p&typeid=i","cat":284612},{"id":218042,"n":"Saumon naturel Pêche Océan ASC 112g","p":3.1,"u":"27,68 €/KG","img":"https://fd13-photos.leclercdrive.fr/image.ashx?id=2615937&use=l&cat=p&typeid=i","cat":305147},{"id":218154,"n":"Vodka Absolut  Watermelon - 38% vol. 70cl","p":18.41,"u":"26,30 €/L","img":"https://fd13-photos.leclercdrive.fr/image.ashx?id=2645687&use=l&cat=p&typeid=i","cat":284550},{"id":218178,"n":"Nuggets de dinde Côté Croc 1kg","p":5.99,"img":"https://fd13-photos.leclercdrive.fr/image.ashx?id=2837072&use=l&cat=p&typeid=i","cat":333684},{"id":218189,"n":"Pizza croustimoelleuse extrême  Marie Tartiflette - 2+1 offerte","p":6.99,"u":"4,24 €/KG","img":"https://fd13-photos.leclercdrive.fr/image.ashx?id=2996665&use=l&cat=p&typeid=i","cat":284256},{"id":218212,"n":"Gummies Appetit' Control Vitea 90g","p":7.75,"u":"86,11 €/KG","img":"https://fd13-photos.leclercdrive.fr/image.ashx?id=2744896&use=l&cat=p&typeid=i","cat":313217},{"id":218254,"n":"Couches Pampers  Baby Dry x28 17kg+","p":16.6,"u":"0,59 €/P","img":"https://fd13-photos.leclercdrive.fr/image.ashx?id=2655538&use=l&cat=p&typeid=i","cat":284737},{"id":218304,"n":"Cordon bleu de dinde Côté Croc 1kg","p":5.99,"u":"5,99 €/KG","img":"https://fd13-photos.leclercdrive.fr/image.ashx?id=2617319&use=l&cat=p&typeid=i","cat":333683},{"id":218305,"n":"Saucisses de Montbéliard IGP NRT - 500g","p":5.99,"u":"11,98 €/KG","img":"https://fd13-photos.leclercdrive.fr/image.ashx?id=2991509&use=l&cat=p&typeid=i","cat":316012},{"id":218331,"n":"Saumon fumé Petit Navire Écosse 10 tranches - 290g","p":10.7,"u":"36,90 €/KG","img":"https://fd13-photos.leclercdrive.fr/image.ashx?id=2950495&use=l&cat=p&typeid=i","cat":285188},{"id":218333,"n":"Yakitori poulet Ajinomoto Sauce Teriaki - 200g","p":4.81,"u":"24,05 €/KG","img":"https://fd13-photos.leclercdrive.fr/image.ashx?id=2692596&use=l&cat=p&typeid=i","cat":319774},{"id":218336,"n":"Bûche glacée Erhard Marron vanille - 420g","p":9.97,"u":"35,67 €/KG","img":"https://fd13-photos.leclercdrive.fr/image.ashx?id=2631135&use=l&cat=p&typeid=i","cat":284266},{"id":218423,"n":"Burrata di Bufala Les Croisés - 125g","p":2.91,"u":"23,28 €/KG","img":"https://fd13-photos.leclercdrive.fr/image.ashx?id=3009529&use=l&cat=p&typeid=i","cat":314026},{"id":218560,"n":"Tortillas Old El Paso de blé  nature familial x12 - 489g","p":3.35,"u":"0,28 €/P","img":"https://fd13-photos.leclercdrive.fr/image.ashx?id=2737669&use=l&cat=p&typeid=i","cat":288993},{"id":218582,"n":"Biscuits Tentation Delacre Chocolat Boîte - 150g","p":2.5,"u":"16,67 €/KG","img":"https://fd13-photos.leclercdrive.fr/image.ashx?id=2673142&use=l&cat=p&typeid=i","cat":284490},{"id":218584,"n":"Curry madras 45G - DUCROS","p":1.8,"u":"40,00 €/KG","img":"https://fd13-photos.leclercdrive.fr/image.ashx?id=2620131&use=l&cat=p&typeid=i","cat":298297},{"id":218586,"n":"Curry korma 42G- DUCROS","p":2.28,"u":"54,29 €/KG","img":"https://fd13-photos.leclercdrive.fr/image.ashx?id=2620134&use=l&cat=p&typeid=i","cat":298297},{"id":218587,"n":"Curry tandoori 37G - DUCROS","p":2.64,"u":"71,35 €/KG","img":"https://fd13-photos.leclercdrive.fr/image.ashx?id=2620137&use=l&cat=p&typeid=i","cat":298297},{"id":218804,"n":"Croquettes chat Perfect Fit Boeuf Stérilisés Adulte 1.4kg","p":6.77,"u":"4,84 €/KG","img":"https://fd13-photos.leclercdrive.fr/image.ashx?id=2622792&use=l&cat=p&typeid=i","cat":284680},{"id":218831,"n":"Saumon fumé Delpeyrat Écosse 12 tranches - 330g","p":12.43,"u":"37,67 €/KG","img":"https://fd13-photos.leclercdrive.fr/image.ashx?id=2755348&use=l&cat=p&typeid=i","cat":285188},{"id":218833,"n":"Saumon fumé Delpeyrat Norvège - 12 tranches - 360g","p":12.43,"u":"34,53 €/KG","img":"https://fd13-photos.leclercdrive.fr/image.ashx?id=2755345&use=l&cat=p&typeid=i","cat":285188},{"id":218838,"n":"Rillettes de thon MSC Cap Océan - 140g","p":1.88,"u":"13,43 €/KG","img":"https://fd13-photos.leclercdrive.fr/image.ashx?id=3008845&use=l&cat=p&typeid=i","cat":285191},{"id":219070,"n":"Poivre saveur & épices 40g","p":2.72,"u":"68,00 €/KG","img":"https://fd13-photos.leclercdrive.fr/image.ashx?id=2624592&use=l&cat=p&typeid=i","cat":284457},{"id":219601,"n":"Petits pains grillés Pasquier Blé complet - 225g","p":1.84,"u":"8,18 €/KG","img":"https://fd13-photos.leclercdrive.fr/image.ashx?id=2834452&use=l&cat=p&typeid=i","cat":284479},{"id":219602,"n":"Petits pains grillés Pasquier Froment - 225g","p":1.72,"u":"7,64 €/KG","img":"https://fd13-photos.leclercdrive.fr/image.ashx?id=2834455&use=l&cat=p&typeid=i","cat":284479},{"id":219620,"n":"Brosse à laver 2 en 1 Eléphant - x1","p":5.45,"img":"https://fd13-photos.leclercdrive.fr/image.ashx?id=2997025&use=l&cat=p&typeid=i","cat":284667},{"id":219621,"n":"Brosse joints et recoins Eléphant - x1","p":3.86,"img":"https://fd13-photos.leclercdrive.fr/image.ashx?id=2629148&use=l&cat=p&typeid=i","cat":284667},{"id":219623,"n":"Goupillon biberon Sanitized Eléphant - x1","p":5.33,"img":"https://fd13-photos.leclercdrive.fr/image.ashx?id=2629157&use=l&cat=p&typeid=i","cat":284742},{"id":219624,"n":"Débouche évier Eléphant - x1","p":5.54,"img":"https://fd13-photos.leclercdrive.fr/image.ashx?id=2629151&use=l&cat=p&typeid=i","cat":284669},{"id":219626,"n":"Brosse à vaisselle ventouse Eléphant - x1","p":3.7,"img":"https://fd13-photos.leclercdrive.fr/image.ashx?id=2629154&use=l&cat=p&typeid=i","cat":284667},{"id":220245,"n":"Croquettes chien  Pedigree à la volaille - 7kg","p":19.36,"u":"2,77 €/KG","img":"https://fd13-photos.leclercdrive.fr/image.ashx?id=2813495&use=l&cat=p&typeid=i","cat":284672},{"id":220294,"n":"Serviette Basic Tissaia Emeraude - 50x80cm","p":1.9,"img":"https://fd13-photos.leclercdrive.fr/image.ashx?id=2813740&use=l&cat=p&typeid=i","cat":286694},{"id":220295,"n":"Serviette Basic Tissaia Anthracite - 50x80cm","p":1.9,"img":"https://fd13-photos.leclercdrive.fr/image.ashx?id=2813725&use=l&cat=p&typeid=i","cat":286694},{"id":220297,"n":"Serviette Basic Tissaia Gris perle - 50x80cm","p":1.9,"img":"https://fd13-photos.leclercdrive.fr/image.ashx?id=2634926&use=l&cat=p&typeid=i","cat":286694},{"id":220298,"n":"Bonbons Tubes Acid'  Copains Copines - 180g","p":1.39,"u":"7,72 €/KG","img":"https://fd13-photos.leclercdrive.fr/image.ashx?id=2934775&use=l&cat=p&typeid=i","cat":304250},{"id":220322,"n":"Gant de toilette Tissaïa Gris perle - 15x21cm - x2","p":0.85,"u":"0,43 €/P","img":"https://fd13-photos.leclercdrive.fr/image.ashx?id=2634932&use=l&cat=p&typeid=i","cat":286694},{"id":220324,"n":"Gant de toilette Tissaïa Emeraude - 15x21cm - x2","p":0.85,"u":"0,43 €/P","img":"https://fd13-photos.leclercdrive.fr/image.ashx?id=2813737&use=l&cat=p&typeid=i","cat":286694},{"id":220330,"n":"Drap de douche Basic Tissaia Gris perle - 70x120cm","p":3.95,"img":"https://fd13-photos.leclercdrive.fr/image.ashx?id=2634938&use=l&cat=p&typeid=i","cat":286694},{"id":220333,"n":"Drap de douche Basci Tissaia Anthracite - 70x120cm","p":3.95,"img":"https://fd13-photos.leclercdrive.fr/image.ashx?id=2813731&use=l&cat=p&typeid=i","cat":286694},{"id":220346,"n":"Protège-matelas Tissaia Blanc - Absorbant - 160x200cm","p":22.95,"img":"https://fd13-photos.leclercdrive.fr/image.ashx?id=2635700&use=l&cat=p&typeid=i","cat":286694},{"id":220539,"n":"Raisin rosé sans pépins Panier du Primeur - 500g","p":3.99,"u":"7,98 €/KG","img":"https://fd13-photos.leclercdrive.fr/image.ashx?id=2858144&use=l&cat=p&typeid=i","cat":284356},{"id":220591,"n":"Brassé végétal Andros Fraise - 6x100g","p":2.76,"u":"4,60 €/KG","img":"https://fd13-photos.leclercdrive.fr/image.ashx?id=2638975&use=l&cat=p&typeid=i","cat":316071},{"id":220689,"n":"Dentifrice Integral 8 Signal Interdentaire Prébiotique 75ml","p":2.15,"u":"28,67 €/L","img":"https://fd13-photos.leclercdrive.fr/image.ashx?id=2940654&use=l&cat=p&typeid=i","cat":284612},{"id":220742,"n":"Savon Le Petit Marseillais  Recharge antibacterien - 250ml","p":1.43,"u":"5,72 €/L","img":"https://fd13-photos.leclercdrive.fr/image.ashx?id=2684230&use=l&cat=p&typeid=i","cat":284597},{"id":220786,"n":"Papier toilette humide Lotus Confort - x38","p":1.66,"u":"0,04 €/P","img":"https://fd13-photos.leclercdrive.fr/image.ashx?id=2864843&use=l&cat=p&typeid=i","cat":284634},{"id":220788,"n":"Recharge crème lavante mains Le Petit Marseillais Lait 250ml","p":0.82,"u":"3,28 €/L","img":"https://fd13-photos.leclercdrive.fr/image.ashx?id=2735242&use=l&cat=p&typeid=i","cat":284597},{"id":220794,"n":"Sérum Éclat La Provençale Bio Jouvence à la Vitamine C - 30ml","p":10.67,"u":"355,67 €/L","img":"https://fd13-photos.leclercdrive.fr/image.ashx?id=2950363&use=l&cat=p&typeid=i","cat":325345},{"id":220797,"n":"Rasoirs rechargeables Bic Hybrid Flex 3 - Hommes - x4","p":4.61,"u":"1,15 €/P","img":"https://fd13-photos.leclercdrive.fr/image.ashx?id=2636066&use=l&cat=p&typeid=i","cat":284616},{"id":220799,"n":"Rasoirs rechargeables Bic Hybrid Flex 5 - Hommes - x4","p":6.7,"u":"1,68 €/P","img":"https://fd13-photos.leclercdrive.fr/image.ashx?id=2636069&use=l&cat=p&typeid=i","cat":284616},{"id":220802,"n":"Rasoirs rechargeables Bic Click 3 Soleil - x4","p":4.5,"u":"1,13 €/P","img":"https://fd13-photos.leclercdrive.fr/image.ashx?id=2636072&use=l&cat=p&typeid=i","cat":325352},{"id":220804,"n":"Rasoirs rechargeables Homme Bic Hybrid Flex 3 - x1+4 recharges","p":6.75,"u":"1,35 €/P","img":"https://fd13-photos.leclercdrive.fr/image.ashx?id=2636075&use=l&cat=p&typeid=i","cat":284616},{"id":220813,"n":"Rasoirs rechargeables Homme Bic Hybrid 5 Flex - 1+ x4recharges","p":9.42,"u":"2,36 €/P","img":"https://fd13-photos.leclercdrive.fr/image.ashx?id=3004822&use=l&cat=p&typeid=i","cat":284616},{"id":220821,"n":"Crème lavante mains Le Petit Marseillais - Amande - 250ml","p":0.85,"u":"3,40 €/L","img":"https://fd13-photos.leclercdrive.fr/image.ashx?id=2684209&use=l&cat=p&typeid=i","cat":284597},{"id":220823,"n":"Gel lavant mains Le Petit Marseillais - Lavande - 300ml","p":1.64,"u":"5,47 €/L","img":"https://fd13-photos.leclercdrive.fr/image.ashx?id=2684221&use=l&cat=p&typeid=i","cat":284597},{"id":220824,"n":"Crème lavante mains Le Petit Marseillais - Lait - 300ml","p":1.82,"u":"6,07 €/L","img":"https://fd13-photos.leclercdrive.fr/image.ashx?id=2684224&use=l&cat=p&typeid=i","cat":284597},{"id":220826,"n":"Gel lavant mains Le Petit  Marseillais Le cuisinier 250ml","p":1.21,"u":"4,84 €/L","img":"https://fd13-photos.leclercdrive.fr/image.ashx?id=2684560&use=l&cat=p&typeid=i","cat":284597},{"id":220827,"n":"Sérum Autobronzant Garnier Natural Bronzer visage - 30ml","p":11.71,"u":"390,33 €/L","img":"https://fd13-photos.leclercdrive.fr/image.ashx?id=2669280&use=l&cat=p&typeid=i","cat":325355},{"id":220993,"n":"Rasoirs Homme GilletteLabs Exfoliant - 1 manche + 1 lame","p":23.89,"img":"https://fd13-photos.leclercdrive.fr/image.ashx?id=2867806&use=l&cat=p&typeid=i","cat":284616},{"id":221203,"n":"Jus multivitamines Andros 1,5L","p":4.0,"u":"2,67 €/L","img":"https://fd13-photos.leclercdrive.fr/image.ashx?id=2904269&use=l&cat=p&typeid=i","cat":284917},{"id":221208,"n":"Disques à démaquiller x120","p":0.39,"img":"https://fd13-photos.leclercdrive.fr/image.ashx?id=2640119&use=l&cat=p&typeid=i","cat":285593},{"id":221241,"n":"Dessert Cappuccino Equador Mousse au café - 2x90g","p":2.11,"u":"11,72 €/KG","img":"https://fd13-photos.leclercdrive.fr/image.ashx?id=2640215&use=l&cat=p&typeid=i","cat":284419},{"id":221398,"n":"Riz Tradizioni d'Italia Carnaroli - 500g","p":2.39,"u":"4,78 €/KG","img":"https://fd13-photos.leclercdrive.fr/image.ashx?id=2913793&use=l&cat=p&typeid=i","cat":284428},{"id":221463,"n":"Saumon fumé Delpeyrat Ecosse - 10 tranches - 275g","p":11.1,"u":"40,36 €/KG","img":"https://fd13-photos.leclercdrive.fr/image.ashx?id=2923543&use=l&cat=p&typeid=i","cat":285188},{"id":221493,"n":"Stevia en comprimés Eco+ x650 - 42,25g","p":1.52,"u":"36,19 €/KG","img":"https://fd13-photos.leclercdrive.fr/image.ashx?id=2641789&use=l&cat=p&typeid=i","cat":284502},{"id":221505,"n":"Infusion digestion légère  Elephant - x20 - 32g","p":2.09,"u":"65,31 €/KG","img":"https://fd13-photos.leclercdrive.fr/image.ashx?id=2655653&use=l&cat=p&typeid=i","cat":293234},{"id":221506,"n":"Crème lavante mains Fleur d'oranger Bio - 250ml","p":0.87,"u":"3,28 €/L","img":"https://fd13-photos.leclercdrive.fr/image.ashx?id=2684542&use=l&cat=p&typeid=i","cat":284597},{"id":221507,"n":"Infusion nuit tranquille  Elephant - x20 - 30g","p":1.5,"u":"50,00 €/KG","img":"https://fd13-photos.leclercdrive.fr/image.ashx?id=2655647&use=l&cat=p&typeid=i","cat":293234},{"id":221666,"n":"Petits pois carottes Bonduelle Tendres et Fondants 3x530g","p":5.91,"u":"3,72 €/KG","img":"https://fd13-photos.leclercdrive.fr/image.ashx?id=2858192&use=l&cat=p&typeid=i","cat":312607},{"id":221881,"n":"Dentifrice Oral-B Pro-Science Soin intense gencives - 2x75ml","p":7.55,"u":"50,33 €/L","img":"https://fd13-photos.leclercdrive.fr/image.ashx?id=2647200&use=l&cat=p&typeid=i","cat":284612},{"id":221882,"n":"Dentifrice Oral-B Pro Repair Original - 2x75ml","p":8.5,"u":"56,67 €/L","img":"https://fd13-photos.leclercdrive.fr/image.ashx?id=2745367&use=l&cat=p&typeid=i","cat":284612},{"id":221883,"n":"Dentifrice Oral-B Calm Sensibilité et gencives 2x75ml","p":8.5,"u":"56,67 €/L","img":"https://fd13-photos.leclercdrive.fr/image.ashx?id=2831125&use=l&cat=p&typeid=i","cat":284612},{"id":221884,"n":"Haricots verts extra fins Bonduelle - 3 x 440g","p":5.82,"u":"4,41 €/KG","img":"https://fd13-photos.leclercdrive.fr/image.ashx?id=2856967&use=l&cat=p&typeid=i","cat":312606},{"id":221933,"n":"Dentifrice Oral-B 3D White Advanced Luxe blancheur 2x75ml","p":10.06,"u":"67,07 €/L","img":"https://fd13-photos.leclercdrive.fr/image.ashx?id=2795914&use=l&cat=p&typeid=i","cat":284612},{"id":222002,"n":"Nouilles Nature Udon Suzi Wan - 2x150g","p":2.68,"u":"8,93 €/KG","img":"https://fd13-photos.leclercdrive.fr/image.ashx?id=2990883&use=l&cat=p&typeid=i","cat":288992},{"id":222027,"n":"Sérum physiologique Prorhinel 2x15cl","p":6.2,"u":"20,67 €/L","img":"https://fd13-photos.leclercdrive.fr/image.ashx?id=2826834&use=l&cat=p&typeid=i","cat":284741},{"id":222028,"n":"Dentifrice Oral-B Pro Science Nettoyage intense 2x75ml","p":8.5,"u":"56,67 €/L","img":"https://fd13-photos.leclercdrive.fr/image.ashx?id=2745361&use=l&cat=p&typeid=i","cat":284612},{"id":222032,"n":"Rasoir hydro 5 Wilkinson Starter sensitive + 4 lames","p":13.6,"img":"https://fd13-photos.leclercdrive.fr/image.ashx?id=2736331&use=l&cat=p&typeid=i","cat":284616},{"id":222043,"n":"Brossettes Oral-B Pro Cross action - x12","p":62.99,"u":"5,25 €/P","img":"https://fd13-photos.leclercdrive.fr/image.ashx?id=2648355&use=l&cat=p&typeid=i","cat":297133},{"id":222090,"n":"Poire Williams   1p","p":0.44,"img":"https://fd13-photos.leclercdrive.fr/image.ashx?id=1636644&use=l&cat=p&typeid=i","cat":284356},{"id":222096,"n":"Pomme Pink Lady  1p","p":0.57,"img":"https://fd13-photos.leclercdrive.fr/image.ashx?id=2121659&use=l&cat=p&typeid=i","cat":284356},{"id":222113,"n":"Fenouil  1p","p":1.17,"img":"https://fd13-photos.leclercdrive.fr/image.ashx?id=612612&use=l&cat=p&typeid=i","cat":284352},{"id":222116,"n":"Carotte  1p","p":0.19,"img":"https://fd13-photos.leclercdrive.fr/image.ashx?id=1631592&use=l&cat=p&typeid=i","cat":284352},{"id":222117,"n":"Poireau  1p","p":1.25,"img":"https://fd13-photos.leclercdrive.fr/image.ashx?id=1632716&use=l&cat=p&typeid=i","cat":284352},{"id":222123,"n":"Aubergine 1p","p":1.72,"img":"https://fd13-photos.leclercdrive.fr/image.ashx?id=1631421&use=l&cat=p&typeid=i","cat":284352},{"id":222124,"n":"Courgette  1p","p":0.93,"img":"https://fd13-photos.leclercdrive.fr/image.ashx?id=1631964&use=l&cat=p&typeid=i","cat":284352},{"id":222131,"n":"Poivron doux vert  1p","p":0.88,"img":"https://fd13-photos.leclercdrive.fr/image.ashx?id=1633202&use=l&cat=p&typeid=i","cat":284352},{"id":222132,"n":"Poivron doux jaune  1p","p":0.68,"img":"https://fd13-photos.leclercdrive.fr/image.ashx?id=1631227&use=l&cat=p&typeid=i","cat":284352},{"id":222135,"n":"Tomate côtelée jaune 1p","p":1.34,"img":"https://fd13-photos.leclercdrive.fr/image.ashx?id=1633490&use=l&cat=p&typeid=i","cat":284352},{"id":222136,"n":"Tomate côtelée rouge 1p","p":0.72,"img":"https://fd13-photos.leclercdrive.fr/image.ashx?id=1632863&use=l&cat=p&typeid=i","cat":284352},{"id":222150,"n":"Oignon jaune  1p","p":0.68,"img":"https://fd13-photos.leclercdrive.fr/image.ashx?id=764178&use=l&cat=p&typeid=i","cat":284352},{"id":222165,"n":"Fruit de la passion 1p","p":0.5,"img":"https://fd13-photos.leclercdrive.fr/image.ashx?id=1633904&use=l&cat=p&typeid=i","cat":284356},{"id":222169,"n":"Citron  1p","p":0.6,"img":"https://fd13-photos.leclercdrive.fr/image.ashx?id=1628602&use=l&cat=p&typeid=i","cat":284356},{"id":222178,"n":"Pomelo rouge 1p","p":0.99,"img":"https://fd13-photos.leclercdrive.fr/image.ashx?id=1636326&use=l&cat=p&typeid=i","cat":284356},{"id":222224,"n":"Pomme Golden  1p","p":0.34,"img":"https://fd13-photos.leclercdrive.fr/image.ashx?id=1630966&use=l&cat=p&typeid=i","cat":284356},{"id":222235,"n":"Pomme Pink Lady  1p","p":0.57,"img":"https://fd13-photos.leclercdrive.fr/image.ashx?id=2121659&use=l&cat=p&typeid=i","cat":284356},{"id":222256,"n":"Avocat  1p","p":1.29,"img":"https://fd13-photos.leclercdrive.fr/image.ashx?id=1633637&use=l&cat=p&typeid=i","cat":284352},{"id":222288,"n":"Courgette ronde  1p","p":0.5,"img":"https://fd13-photos.leclercdrive.fr/image.ashx?id=1631976&use=l&cat=p&typeid=i","cat":284352},{"id":222291,"n":"Poivron doux rouge  1p","p":0.87,"img":"https://fd13-photos.leclercdrive.fr/image.ashx?id=1633094&use=l&cat=p&typeid=i","cat":284352},{"id":222307,"n":"Tomate côtelée rouge 1p","p":0.72,"img":"https://fd13-photos.leclercdrive.fr/image.ashx?id=1632863&use=l&cat=p&typeid=i","cat":284352},{"id":222327,"n":"Ail blanc  1p","p":0.98,"img":"https://fd13-photos.leclercdrive.fr/image.ashx?id=1631469&use=l&cat=p&typeid=i","cat":284352},{"id":222335,"n":"Oignon rouge  1p","p":0.87,"img":"https://fd13-photos.leclercdrive.fr/image.ashx?id=2910419&use=l&cat=p&typeid=i","cat":284352},{"id":222394,"n":"Décor pour gateaux Vahiné Animaux","p":1.6,"img":"https://fd13-photos.leclercdrive.fr/image.ashx?id=2649686&use=l&cat=p&typeid=i","cat":284504},{"id":222475,"n":"Thé noir Joyce Bio Earl grey fleuri - 30g","p":2.22,"u":"74,00 €/KG","img":"https://fd13-photos.leclercdrive.fr/image.ashx?id=2651627&use=l&cat=p&typeid=i","cat":293233},{"id":222478,"n":"Pop corn Vico Micro-ondable poivre&sel 240g","p":1.77,"u":"7,38 €/KG","img":"https://fd13-photos.leclercdrive.fr/image.ashx?id=2651582&use=l&cat=p&typeid=i","cat":304249},{"id":222479,"n":"Pop corn sucre de canne Vico Micro-ondable 240g","p":2.01,"u":"8,38 €/KG","img":"https://fd13-photos.leclercdrive.fr/image.ashx?id=2651585&use=l&cat=p&typeid=i","cat":304249},{"id":222480,"n":"Pop corn Vico Salé - 240g","p":1.85,"u":"7,71 €/KG","img":"https://fd13-photos.leclercdrive.fr/image.ashx?id=2815049&use=l&cat=p&typeid=i","cat":304249},{"id":222488,"n":"AOC tuile Rivesaltes Eco+ Vin doux naturel - 75cl","p":3.22,"u":"4,29 €/L","img":"https://fd13-photos.leclercdrive.fr/image.ashx?id=2974732&use=l&cat=p&typeid=i","cat":284913},{"id":222489,"n":"Pina Colada 70cl","p":5.79,"u":"8,27 €/L","img":"https://fd13-photos.leclercdrive.fr/image.ashx?id=2650910&use=l&cat=p&typeid=i","cat":284551},{"id":222497,"n":"Yaourt brassé nature Yoplait Brique - 750g","p":1.83,"u":"2,44 €/KG","img":"https://fd13-photos.leclercdrive.fr/image.ashx?id=2985174&use=l&cat=p&typeid=i","cat":284409},{"id":222519,"n":"Cubes de poulet Maître Coq Blanc - 450g","p":5.15,"u":"11,44 €/KG","img":"https://fd13-photos.leclercdrive.fr/image.ashx?id=2651939&use=l&cat=p&typeid=i","cat":284336},{"id":222582,"n":"Shampoing Restaurateur Eslève Glycolic Gloss - 200ml","p":6.33,"u":"31,65 €/L","img":"https://fd13-photos.leclercdrive.fr/image.ashx?id=2657157&use=l&cat=p&typeid=i","cat":284606},{"id":222583,"n":"Soin Cheveux Lamination Elsève Glycolic Gloss - 200ml","p":7.08,"u":"35,40 €/L","img":"https://fd13-photos.leclercdrive.fr/image.ashx?id=2656796&use=l&cat=p&typeid=i","cat":284608},{"id":222584,"n":"Pâte à tartiner Nutella 220g","p":2.41,"u":"10,95 €/KG","img":"https://fd13-photos.leclercdrive.fr/image.ashx?id=2755216&use=l&cat=p&typeid=i","cat":284481},{"id":222586,"n":"Démêlant Cheveux Elsève Glycolic Gloss - 150ml","p":6.25,"u":"41,67 €/L","img":"https://fd13-photos.leclercdrive.fr/image.ashx?id=2657160&use=l&cat=p&typeid=i","cat":284607},{"id":222587,"n":"Petits pois d'Aucy Extra-fins - 3x560g","p":4.5,"u":"2,68 €/KG","img":"https://fd13-photos.leclercdrive.fr/image.ashx?id=2906052&use=l&cat=p&typeid=i","cat":312607},{"id":222591,"n":"Soin anti-tâches L'Oréal Paris Bright Reveal SPF50+ - 50ml","p":15.19,"u":"303,80 €/L","img":"https://fd13-photos.leclercdrive.fr/image.ashx?id=2921879&use=l&cat=p&typeid=i","cat":325345},{"id":222593,"n":"Dentifrice Aquafresh Naturals Blancheur Charbon - 2x75ml","p":3.49,"u":"23,27 €/L","img":"https://fd13-photos.leclercdrive.fr/image.ashx?id=2889289&use=l&cat=p&typeid=i","cat":284612},{"id":222594,"n":"Pur jus de raisin Jafaden  90cl","p":2.21,"u":"2,46 €/L","img":"https://fd13-photos.leclercdrive.fr/image.ashx?id=2723183&use=l&cat=p&typeid=i","cat":285435},{"id":222595,"n":"Pur jus d'ananas passion  Jafaden - 90cl","p":2.29,"u":"2,54 €/L","img":"https://fd13-photos.leclercdrive.fr/image.ashx?id=2723189&use=l&cat=p&typeid=i","cat":285435},{"id":222597,"n":"Sérum anti-taches L'Oréal Paris Bright Reveal - 30ml","p":12.41,"u":"413,67 €/L","img":"https://fd13-photos.leclercdrive.fr/image.ashx?id=2865881&use=l&cat=p&typeid=i","cat":325345},{"id":222599,"n":"Sérum correcteur L'Oréal Paris  Age Perfect - 30ml","p":11.97,"pp":7.9,"u":"263,33 €/L","img":"https://fd13-photos.leclercdrive.fr/image.ashx?id=2664491&use=l&cat=p&typeid=i","cat":325345},{"id":222631,"n":"Gâteau Savane Brossard Max Barr' Pocket x14 - 420g","p":4.95,"u":"11,79 €/KG","img":"https://fd13-photos.leclercdrive.fr/image.ashx?id=2964721&use=l&cat=p&typeid=i","cat":294776},{"id":222652,"n":"Sauce nems Mei Asia 125ml","p":1.19,"u":"9,52 €/L","img":"https://fd13-photos.leclercdrive.fr/image.ashx?id=2653828&use=l&cat=p&typeid=i","cat":288992},{"id":222653,"n":"Sauce de poisson Mei Asia 125ml","p":1.19,"u":"9,52 €/L","img":"https://fd13-photos.leclercdrive.fr/image.ashx?id=2653831&use=l&cat=p&typeid=i","cat":288992},{"id":222668,"n":"Gaufrettes Wafer cacao Balconi 175g","p":0.59,"u":"3,37 €/KG","img":"https://fd13-photos.leclercdrive.fr/image.ashx?id=2828883&use=l&cat=p&typeid=i","cat":284488},{"id":222702,"n":"Dentifrice Integral 8 Signal Fraîcheur Intense 75ml","p":2.39,"u":"31,87 €/L","img":"https://fd13-photos.leclercdrive.fr/image.ashx?id=2818196&use=l&cat=p&typeid=i","cat":284612},{"id":222704,"n":"Dentifrice Signal Extra fraîcheur intense - 75ml","p":1.99,"u":"26,53 €/L","img":"https://fd13-photos.leclercdrive.fr/image.ashx?id=2654212&use=l&cat=p&typeid=i","cat":284612},{"id":222740,"n":"Pommes bicolores Eco+ x4","p":0.99,"u":"0,25 €/P","img":"https://fd13-photos.leclercdrive.fr/image.ashx?id=2928210&use=l&cat=p&typeid=i","cat":284356},{"id":222742,"n":"Swiffer wetjet Kit Lavable Système anti-poussière - x1","p":30.48,"pp":18.29,"u":"Dont 0,16 € d'éco-part.","img":"https://fd13-photos.leclercdrive.fr/image.ashx?id=2927708&use=l&cat=p&typeid=i","cat":325364},{"id":222743,"n":"Sauce Sriracha Mayo Hot Chili - 215ml","p":2.97,"u":"13,81 €/L","img":"https://fd13-photos.leclercdrive.fr/image.ashx?id=2655211&use=l&cat=p&typeid=i","cat":288992},{"id":222745,"n":"Nouilles de riz Pho Mei Asia - 300g","p":1.61,"u":"5,37 €/KG","img":"https://fd13-photos.leclercdrive.fr/image.ashx?id=2654923&use=l&cat=p&typeid=i","cat":288992},{"id":222746,"n":"Vermicelles de riz \"Bo Bun\" Mei Asia - 300g","p":1.45,"u":"4,83 €/KG","img":"https://fd13-photos.leclercdrive.fr/image.ashx?id=2654926&use=l&cat=p&typeid=i","cat":288992},{"id":222748,"n":"Crackers de riz Mei Asia au Wasabi - 100g","p":2.07,"u":"20,70 €/KG","img":"https://fd13-photos.leclercdrive.fr/image.ashx?id=2654935&use=l&cat=p&typeid=i","cat":297000},{"id":222750,"n":"Pois vert au wasabi Mei Asia 140g","p":4.8,"u":"34,29 €/KG","img":"https://fd13-photos.leclercdrive.fr/image.ashx?id=2654938&use=l&cat=p&typeid=i","cat":284448},{"id":222759,"n":"Gingembre Mei Asia pour sushi - 190g","p":2.86,"u":"15,05 €/KG","img":"https://fd13-photos.leclercdrive.fr/image.ashx?id=2654944&use=l&cat=p&typeid=i","cat":318430},{"id":222779,"n":"Eau de javel La Croix Traditionnelle - 1.5L","p":1.49,"u":"0,99 €/L","img":"https://fd13-photos.leclercdrive.fr/image.ashx?id=2667556&use=l&cat=p&typeid=i","cat":284661},{"id":222782,"n":"Adoucissant Soupline Lingettes Voile Sèche-linge Grand air-x20","p":2.72,"u":"0,14 €/P","img":"https://fd13-photos.leclercdrive.fr/image.ashx?id=2654435&use=l&cat=p&typeid=i","cat":325302},{"id":222818,"n":"Berocca Energie x40 comprimés - 80g","p":17.53,"u":"219,13 €/KG","img":"https://fd13-photos.leclercdrive.fr/image.ashx?id=2654429&use=l&cat=p&typeid=i","cat":301264},{"id":222819,"n":"Berocca Energie Cassis - x45 comprimés - 290g","p":19.38,"u":"66,83 €/KG","img":"https://fd13-photos.leclercdrive.fr/image.ashx?id=2654432&use=l&cat=p&typeid=i","cat":301264},{"id":222821,"n":"Complément alimentaire Mag2 Extra fort 24h - x45","p":9.99,"img":"https://fd13-photos.leclercdrive.fr/image.ashx?id=2656072&use=l&cat=p&typeid=i","cat":301264},{"id":222825,"n":"Complément alimentaire Granions Collagène marin - x60 - 54g","p":13.75,"u":"254,63 €/KG","img":"https://fd13-photos.leclercdrive.fr/image.ashx?id=2655019&use=l&cat=p&typeid=i","cat":301266},{"id":222827,"n":"Complément alimentaire Granions Complexe anti-âge - x60 - 54g","p":19.9,"u":"368,52 €/KG","img":"https://fd13-photos.leclercdrive.fr/image.ashx?id=2735953&use=l&cat=p&typeid=i","cat":301266},{"id":222831,"n":"Complément alimentaire Biocyte Hyaluronic forte 300mg x90 53g","p":49.79,"u":"939,43 €/KG","img":"https://fd13-photos.leclercdrive.fr/image.ashx?id=2669313&use=l&cat=p&typeid=i","cat":301266},{"id":222833,"n":"Complément alimentaire Biocyte Collagen express - x45 - 135g","p":13.69,"u":"101,41 €/KG","img":"https://fd13-photos.leclercdrive.fr/image.ashx?id=2655043&use=l&cat=p&typeid=i","cat":301266},{"id":222835,"n":"Supradyn Itensia Efferverscent - x30 - 150g","p":11.9,"u":"79,33 €/KG","img":"https://fd13-photos.leclercdrive.fr/image.ashx?id=2656042&use=l&cat=p&typeid=i","cat":301264},{"id":222844,"n":"Gel douche Le Petit Marseillais Fleur de tiaré - 650ml","p":3.23,"u":"4,97 €/L","img":"https://fd13-photos.leclercdrive.fr/image.ashx?id=2656060&use=l&cat=p&typeid=i","cat":284594},{"id":222845,"n":"Gel douche Le Petit Marseillais Cocombre rose bio - 250ml","p":1.85,"u":"7,40 €/L","img":"https://fd13-photos.leclercdrive.fr/image.ashx?id=2685195&use=l&cat=p&typeid=i","cat":284594},{"id":222854,"n":"Lingette lavable Swiffer Wetj Wetjet - Microfibre - x1","p":8.65,"pp":5.19,"img":"https://fd13-photos.leclercdrive.fr/image.ashx?id=2656240&use=l&cat=p&typeid=i","cat":325364},{"id":222898,"n":"Dentifrice Sensodyne Anti-Tâches - 75ml","p":6.34,"u":"84,53 €/L","img":"https://fd13-photos.leclercdrive.fr/image.ashx?id=2997775&use=l&cat=p&typeid=i","cat":284612},{"id":222899,"n":"Dentifrice Sensodyne Email renforcé - 75ml","p":5.39,"u":"71,87 €/L","img":"https://fd13-photos.leclercdrive.fr/image.ashx?id=2997208&use=l&cat=p&typeid=i","cat":284612},{"id":222913,"n":"Sauce pour nems Suzi Wan 250ml","p":2.95,"u":"11,80 €/L","img":"https://fd13-photos.leclercdrive.fr/image.ashx?id=2990877&use=l&cat=p&typeid=i","cat":288992},{"id":222932,"n":"Chou-fleur Fleurette Bonduelle  750g","p":2.49,"u":"3,32 €/KG","img":"https://fd13-photos.leclercdrive.fr/image.ashx?id=2910085&use=l&cat=p&typeid=i","cat":319805},{"id":222959,"n":"Soin jour bio So'Bio Etic Anti-tâches - Lys - 50ml","p":18.24,"u":"364,80 €/L","img":"https://fd13-photos.leclercdrive.fr/image.ashx?id=3000207&use=l&cat=p&typeid=i","cat":325345},{"id":222960,"n":"Soin nuit bio So'Bio Etic Peeling - Anti-tâche - Lys 50ml","p":18.3,"u":"366,00 €/L","img":"https://fd13-photos.leclercdrive.fr/image.ashx?id=2997019&use=l&cat=p&typeid=i","cat":325345},{"id":223023,"n":"Après-shampooing Herbal Essences - Aloe - 200ml","p":4.15,"u":"20,75 €/L","img":"https://fd13-photos.leclercdrive.fr/image.ashx?id=2759739&use=l&cat=p&typeid=i","cat":284607},{"id":223024,"n":"Shampooing Herbal Essences Aloe - 250ml","p":3.48,"u":"13,92 €/L","img":"https://fd13-photos.leclercdrive.fr/image.ashx?id=2748671&use=l&cat=p&typeid=i","cat":284606},{"id":223030,"n":"Après-shampooing Herbal Essences - Coconut - 200ml","p":3.39,"u":"16,95 €/L","img":"https://fd13-photos.leclercdrive.fr/image.ashx?id=2737813&use=l&cat=p&typeid=i","cat":284606},{"id":223157,"n":"Vinaigre blanc 5L - 10°","p":3.57,"u":"0,71 €/L","img":"https://fd13-photos.leclercdrive.fr/image.ashx?id=2659792&use=l&cat=p&typeid=i","cat":298543},{"id":223159,"n":"Protège Document Exacompta Multicoloris -21x29,7 160 vues","p":8.1,"img":"https://fd13-photos.leclercdrive.fr/image.ashx?id=2661253&use=l&cat=p&typeid=i","cat":284745},{"id":223173,"n":"Dentifrice Oral B Calm Sensibilité et gencives  2x75ml","p":7.39,"u":"49,27 €/L","img":"https://fd13-photos.leclercdrive.fr/image.ashx?id=2661832&use=l&cat=p&typeid=i","cat":284612},{"id":223175,"n":"Dentifrice Oral B Densité émail Blancheur - 2x75ml","p":10.13,"u":"67,53 €/L","img":"https://fd13-photos.leclercdrive.fr/image.ashx?id=2661838&use=l&cat=p&typeid=i","cat":284612},{"id":223278,"n":"Bière Kasteel Rubus 75cl","p":5.93,"u":"7,91 €/L","img":"https://fd13-photos.leclercdrive.fr/image.ashx?id=2661454&use=l&cat=p&typeid=i","cat":334872},{"id":223365,"n":"Boisson aux fruits Jafun Multifruits - 4x20cl","p":1.44,"u":"1,80 €/L","img":"https://fd13-photos.leclercdrive.fr/image.ashx?id=2992570&use=l&cat=p&typeid=i","cat":295018},{"id":223392,"n":"Boisson aux fruits Jafun Fruits rouges - 4x20cl","p":1.44,"u":"1,80 €/L","img":"https://fd13-photos.leclercdrive.fr/image.ashx?id=2992573&use=l&cat=p&typeid=i","cat":295018},{"id":223394,"n":"Boisson aux fruits Jafun Tropical - 4x20cl","p":1.49,"u":"1,86 €/L","img":"https://fd13-photos.leclercdrive.fr/image.ashx?id=2992576&use=l&cat=p&typeid=i","cat":295018},{"id":223528,"n":"Culotte menstruelle Feel Natural - Noir - Taille XS","p":13.08,"pp":7.85,"img":"https://fd13-photos.leclercdrive.fr/image.ashx?id=2795216&use=l&cat=p&typeid=i","cat":284624},{"id":223533,"n":"Culotte menstruelle Feel Natural - Noir - Taille XL","p":13.08,"pp":7.85,"img":"https://fd13-photos.leclercdrive.fr/image.ashx?id=2830642&use=l&cat=p&typeid=i","cat":284624},{"id":223538,"n":"Bloc Energy 5 actions WC Net Javel Agrumes et iris - 38g","p":1.94,"u":"51,05 €/KG","img":"https://fd13-photos.leclercdrive.fr/image.ashx?id=2664452&use=l&cat=p&typeid=i","cat":284662},{"id":223540,"n":"Bloc Energy 5 actions WC Net Lavande et patchouli - 38g","p":2.13,"u":"56,05 €/KG","img":"https://fd13-photos.leclercdrive.fr/image.ashx?id=2664458&use=l&cat=p&typeid=i","cat":284662},{"id":223561,"n":"Culottes fuites urinaires Always Discreet - Taille L x11","p":9.96,"u":"0,91 €/P","img":"https://fd13-photos.leclercdrive.fr/image.ashx?id=2927032&use=l&cat=p&typeid=i","cat":284628},{"id":223563,"n":"Culottes fuites urinaires Always Discreet Noir - L x8","p":10.83,"u":"1,35 €/P","img":"https://fd13-photos.leclercdrive.fr/image.ashx?id=2685432&use=l&cat=p&typeid=i","cat":284628},{"id":223569,"n":"Culottes fuites urinaires Always Discreet - L x8","p":10.84,"u":"1,36 €/P","img":"https://fd13-photos.leclercdrive.fr/image.ashx?id=2685435&use=l&cat=p&typeid=i","cat":284628},{"id":223572,"n":"Serviettes fuites urinaires Always Discreet - Normal x24","p":8.23,"u":"0,34 €/P","img":"https://fd13-photos.leclercdrive.fr/image.ashx?id=2680467&use=l&cat=p&typeid=i","cat":284628},{"id":223575,"n":"Serviettes fuites urinaires Always Discreet - x12","p":8.39,"u":"0,70 €/P","img":"https://fd13-photos.leclercdrive.fr/image.ashx?id=2845650&use=l&cat=p&typeid=i","cat":284628},{"id":223577,"n":"Serviettes fuites urinaires Always Discreet - Nuit - x6","p":4.29,"u":"0,72 €/P","img":"https://fd13-photos.leclercdrive.fr/image.ashx?id=3005383&use=l&cat=p&typeid=i","cat":284628},{"id":223579,"n":"Serviettes fuites urinaires Always Discreet - Long+ - x8","p":4.27,"u":"0,53 €/P","img":"https://fd13-photos.leclercdrive.fr/image.ashx?id=3005386&use=l&cat=p&typeid=i","cat":284628},{"id":223581,"n":"Serviettes fuites urinaires Always Discreet - Long+ - x16","p":8.06,"u":"0,50 €/P","img":"https://fd13-photos.leclercdrive.fr/image.ashx?id=2685471&use=l&cat=p&typeid=i","cat":284628},{"id":223583,"n":"Serviettes fuites urinaires Always Discreet - Normal - x12","p":4.19,"u":"0,35 €/P","img":"https://fd13-photos.leclercdrive.fr/image.ashx?id=2665517&use=l&cat=p&typeid=i","cat":284628},{"id":223586,"n":"Serviettes fuites urinaires Always Discreet - Taille S x20","p":4.3,"u":"0,22 €/P","img":"https://fd13-photos.leclercdrive.fr/image.ashx?id=3009221&use=l&cat=p&typeid=i","cat":284628},{"id":223588,"n":"Serviettes fuites urinaires Always Discreet - Nuit - x16","p":9.28,"u":"0,58 €/P","img":"https://fd13-photos.leclercdrive.fr/image.ashx?id=2680479&use=l&cat=p&typeid=i","cat":284628},{"id":223589,"n":"Serviettes fuites urinaires Always Discreet - x8","p":5.74,"u":"0,72 €/P","img":"https://fd13-photos.leclercdrive.fr/image.ashx?id=2953995&use=l&cat=p&typeid=i","cat":284628},{"id":223603,"n":"Fil dentaire Dentamyl Cire menthe - 80m","p":2.72,"u":"0,03 €/MT","img":"https://fd13-photos.leclercdrive.fr/image.ashx?id=2672888&use=l&cat=p&typeid=i","cat":285159},{"id":223605,"n":"Crème Douche Hydratation Cadum Peaux Sèches - 500ml","p":2.45,"u":"4,90 €/L","img":"https://fd13-photos.leclercdrive.fr/image.ashx?id=2739318&use=l&cat=p&typeid=i","cat":284594},{"id":223608,"n":"Crème Douche Tolérance Cadum Sans Sulfate - 400ml","p":2.89,"u":"7,23 €/L","img":"https://fd13-photos.leclercdrive.fr/image.ashx?id=2696007&use=l&cat=p&typeid=i","cat":284594},{"id":223611,"n":"Désodorisant Febreze Petit coin Fleur naissante - 7.5ml","p":3.2,"u":"400,00 €/L","img":"https://fd13-photos.leclercdrive.fr/image.ashx?id=2955230&use=l&cat=p&typeid=i","cat":311628},{"id":223612,"n":"Désodorisant Febreze Petit coin Linge frais - 7.5ml","p":3.99,"u":"498,75 €/L","img":"https://fd13-photos.leclercdrive.fr/image.ashx?id=2955233&use=l&cat=p&typeid=i","cat":311628},{"id":223613,"n":"Désodorisant Febreze Petit coin Coton - 7.5ml","p":3.2,"u":"400,00 €/L","img":"https://fd13-photos.leclercdrive.fr/image.ashx?id=2955236&use=l&cat=p&typeid=i","cat":311628},{"id":223633,"n":"Brossettes Oral-B Pro  Cross Action 4x2","p":54.37,"u":"6,80 €/P","img":"https://fd13-photos.leclercdrive.fr/image.ashx?id=2664848&use=l&cat=p&typeid=i","cat":297133},{"id":223649,"n":"Shampooing Head & shoulder 2-en-1 - Classic - 300ml","p":4.69,"u":"15,63 €/L","img":"https://fd13-photos.leclercdrive.fr/image.ashx?id=2863003&use=l&cat=p&typeid=i","cat":284606},{"id":223665,"n":"Biberon verre sensation Dodie Anti-colique - 0-6 mois - 270ml","p":14.38,"img":"https://fd13-photos.leclercdrive.fr/image.ashx?id=2664971&use=l&cat=p&typeid=i","cat":284742},{"id":223666,"n":"Biberon tétine ronde Dodie Anti-colique Bleu jungle 330ml","p":8.38,"img":"https://fd13-photos.leclercdrive.fr/image.ashx?id=2664833&use=l&cat=p&typeid=i","cat":290386},{"id":223668,"n":"Sucettes anatomiques Dodie Duo girly - +6 mois - x2","p":6.7,"u":"3,35 €/P","img":"https://fd13-photos.leclercdrive.fr/image.ashx?id=2665409&use=l&cat=p&typeid=i","cat":290430},{"id":223669,"n":"Sucettes anatomiques Dodie Duo nuit - +18 mois - x2","p":6.7,"u":"3,35 €/P","img":"https://fd13-photos.leclercdrive.fr/image.ashx?id=2664968&use=l&cat=p&typeid=i","cat":290430},{"id":223670,"n":"Berocca Energie Orange - x45- 290g","p":19.38,"u":"66,83 €/KG","img":"https://fd13-photos.leclercdrive.fr/image.ashx?id=2664830&use=l&cat=p&typeid=i","cat":301264},{"id":223674,"n":"Gel anti-douleur Granions Décontractant musculaire 100ml","p":12.22,"u":"122,20 €/L","img":"https://fd13-photos.leclercdrive.fr/image.ashx?id=2666198&use=l&cat=p&typeid=i","cat":291163},{"id":223850,"n":"Déodorant Spray Femme Narta Anti-Trace Blanche 48h - 200ml","p":2.33,"u":"11,65 €/L","img":"https://fd13-photos.leclercdrive.fr/image.ashx?id=2678589&use=l&cat=p&typeid=i","cat":284595},{"id":223851,"n":"Déodorant Spray Homme 48h Narta Fraîcheur Classique - 200mL","p":2.35,"u":"11,75 €/L","img":"https://fd13-photos.leclercdrive.fr/image.ashx?id=2675511&use=l&cat=p&typeid=i","cat":284618},{"id":223853,"n":"Déodorant Spray Femme Narta Fraîcheur Cologne 48h - 200ml","p":2.33,"u":"11,65 €/L","img":"https://fd13-photos.leclercdrive.fr/image.ashx?id=2678592&use=l&cat=p&typeid=i","cat":284595},{"id":223855,"n":"Déodorant Spray Homme 48h Narta Anti-Traces Blanches - 200ml","p":2.33,"u":"11,65 €/L","img":"https://fd13-photos.leclercdrive.fr/image.ashx?id=2681883&use=l&cat=p&typeid=i","cat":284618},{"id":223857,"n":"Déodorant Spray Femme Narta 48h Sans Alcool - 200ML","p":2.33,"u":"11,65 €/L","img":"https://fd13-photos.leclercdrive.fr/image.ashx?id=2680242&use=l&cat=p&typeid=i","cat":284595},{"id":223858,"n":"Déodorant femme Narta Magnesium protect - 100ml","p":4.65,"u":"46,50 €/L","img":"https://fd13-photos.leclercdrive.fr/image.ashx?id=2680245&use=l&cat=p&typeid=i","cat":284595},{"id":223884,"n":"Brossettes Dentamyl Perfect angle - x2","p":6.99,"u":"3,50 €/P","img":"https://fd13-photos.leclercdrive.fr/image.ashx?id=2824298&use=l&cat=p&typeid=i","cat":297133},{"id":223893,"n":"Lingettes de nettoyage Swiffer Wet Jet - x12","p":7.19,"pp":4.31,"u":"0,36 €/P","img":"https://fd13-photos.leclercdrive.fr/image.ashx?id=2948525&use=l&cat=p&typeid=i","cat":325364},{"id":223922,"n":"Bonbon Fun for all Trolli  1kg","p":5.95,"u":"5,95 €/KG","img":"https://fd13-photos.leclercdrive.fr/image.ashx?id=2890352&use=l&cat=p&typeid=i","cat":304250},{"id":223925,"n":"Riz Long grain Ben's original Vrac 10mn - 1kg","p":2.89,"u":"2,89 €/KG","img":"https://fd13-photos.leclercdrive.fr/image.ashx?id=2990961&use=l&cat=p&typeid=i","cat":284428},{"id":223965,"n":"Ampoule LED Foxter Standard - E27 60W  - Chaud x1","p":4.99,"u":"Dont 0,29 € d'éco-part.","img":"https://fd13-photos.leclercdrive.fr/image.ashx?id=2670491&use=l&cat=p&typeid=i","cat":300573},{"id":223968,"n":"Ampoule LED Foxter Standard - E27 60W - Chaud x1","p":4.99,"u":"Dont 0,29 € d'éco-part.","img":"https://fd13-photos.leclercdrive.fr/image.ashx?id=2670497&use=l&cat=p&typeid=i","cat":300573},{"id":223978,"n":"Ampoule LED Foxter Spot - GU10 35W - Chaud x1","p":2.99,"u":"Dont 0,29 € d'éco-part.","img":"https://fd13-photos.leclercdrive.fr/image.ashx?id=2670500&use=l&cat=p&typeid=i","cat":300573},{"id":223979,"n":"Ampoule LED Foxter Spot - GU10 35W - Froid x1","p":2.99,"u":"Dont 0,29 € d'éco-part.","img":"https://fd13-photos.leclercdrive.fr/image.ashx?id=2669753&use=l&cat=p&typeid=i","cat":300573},{"id":224082,"n":"Biscuits croquants Délichoc Chocolat au lait pocket - 250g","p":3.19,"u":"12,76 €/KG","img":"https://fd13-photos.leclercdrive.fr/image.ashx?id=2682192&use=l&cat=p&typeid=i","cat":284488},{"id":224263,"n":"Monster Energy zéro sucres 50cl","p":1.6,"u":"3,20 €/L","img":"https://fd13-photos.leclercdrive.fr/image.ashx?id=2669358&use=l&cat=p&typeid=i","cat":284533},{"id":224264,"n":"Monster Ultra gold 50cl","p":1.57,"u":"3,14 €/L","img":"https://fd13-photos.leclercdrive.fr/image.ashx?id=2669355&use=l&cat=p&typeid=i","cat":284533},{"id":224265,"n":"Monster Energy Juice Bad apple 50cl","p":1.57,"u":"3,14 €/L","img":"https://fd13-photos.leclercdrive.fr/image.ashx?id=2759044&use=l&cat=p&typeid=i","cat":284533},{"id":224350,"n":"Mascara L'Oréal Panorama - Noir - x1","p":11.95,"pp":7.89,"img":"https://fd13-photos.leclercdrive.fr/image.ashx?id=2973538&use=l&cat=p&typeid=i","cat":287029},{"id":224359,"n":"Crème Visage Homme Nivea Men Anti-taches Power 2en1 - 50ml","p":13.4,"pp":8.84,"u":"176,80 €/L","img":"https://fd13-photos.leclercdrive.fr/image.ashx?id=3014617&use=l&cat=p&typeid=i","cat":284622},{"id":224363,"n":"Piles alcalines Eco+ LR03 - x4","p":0.7,"u":"0,18 €/P","img":"https://fd13-photos.leclercdrive.fr/image.ashx?id=2714829&use=l&cat=p&typeid=i","cat":300572},{"id":224434,"n":"Yaourt à la grecque Délisse Vanille - 4x150g","p":2.39,"u":"3,98 €/KG","img":"https://fd13-photos.leclercdrive.fr/image.ashx?id=2885143&use=l&cat=p&typeid=i","cat":314999},{"id":224448,"n":"Cahier spirale Clairefontaine Multicoloris 22x29cm 160 pages","p":3.9,"img":"https://fd13-photos.leclercdrive.fr/image.ashx?id=2670659&use=l&cat=p&typeid=i","cat":284697},{"id":224611,"n":"AOP Cremant de Loire Ackerman Blanc Demi sec - 75cl","p":4.99,"u":"6,65 €/L","img":"https://fd13-photos.leclercdrive.fr/image.ashx?id=2731819&use=l&cat=p&typeid=i","cat":284545},{"id":224670,"n":"Eau minérale naturelle Hépar 6x75cl","p":3.92,"u":"0,87 €/L","img":"https://fd13-photos.leclercdrive.fr/image.ashx?id=2673361&use=l&cat=p&typeid=i","cat":284535},{"id":224706,"n":"Gnocchi star à poêler Lustucru  300g","p":1.81,"u":"6,03 €/KG","img":"https://fd13-photos.leclercdrive.fr/image.ashx?id=2921630&use=l&cat=p&typeid=i","cat":333682},{"id":224717,"n":"Gnocchi roll à poêler Lustucru Cheddar bacon - 280g","p":2.43,"u":"8,68 €/KG","img":"https://fd13-photos.leclercdrive.fr/image.ashx?id=2995121&use=l&cat=p&typeid=i","cat":333682},{"id":224782,"n":"Madeleine Bonne Maman Pur beurre - 600g","p":3.79,"u":"6,32 €/KG","img":"https://fd13-photos.leclercdrive.fr/image.ashx?id=2986287&use=l&cat=p&typeid=i","cat":284492},{"id":224783,"n":"Liqueur Rivière du Mat L'Onctueux - 70cl","p":13.94,"u":"19,91 €/L","img":"https://fd13-photos.leclercdrive.fr/image.ashx?id=2693539&use=l&cat=p&typeid=i","cat":286032},{"id":224787,"n":"Liqueur Rivière du Mat Vanille Bourbon 17° - 70cl","p":13.45,"u":"19,21 €/L","img":"https://fd13-photos.leclercdrive.fr/image.ashx?id=2740001&use=l&cat=p&typeid=i","cat":286032},{"id":224805,"n":"Biscuits Kinder Kinderini Nature et cacao - 250g","p":2.9,"u":"11,60 €/KG","img":"https://fd13-photos.leclercdrive.fr/image.ashx?id=2708372&use=l&cat=p&typeid=i","cat":284488},{"id":224808,"n":"Riz Citron Ben's original  Express 2mn - 220g","p":1.29,"u":"5,86 €/KG","img":"https://fd13-photos.leclercdrive.fr/image.ashx?id=2906442&use=l&cat=p&typeid=i","cat":287600},{"id":224810,"n":"Riz Tomate Ben's original  Express 2mn - 220g","p":1.28,"u":"5,82 €/KG","img":"https://fd13-photos.leclercdrive.fr/image.ashx?id=2995295&use=l&cat=p&typeid=i","cat":287600},{"id":224818,"n":"Riz Basmati Ben's original  Express 2mn - 220g","p":1.23,"u":"5,59 €/KG","img":"https://fd13-photos.leclercdrive.fr/image.ashx?id=2995292&use=l&cat=p&typeid=i","cat":287600},{"id":224820,"n":"Flocons d'avoine Bjorg Bio - 500g","p":2.38,"u":"4,76 €/KG","img":"https://fd13-photos.leclercdrive.fr/image.ashx?id=2863428&use=l&cat=p&typeid=i","cat":318651},{"id":224822,"n":"Muesli energie Bjorg Bio - 375g","p":3.55,"u":"9,47 €/KG","img":"https://fd13-photos.leclercdrive.fr/image.ashx?id=2906259&use=l&cat=p&typeid=i","cat":309512},{"id":224825,"n":"Croustillant Bjorg Bio Chocolat intense - 450g","p":4.36,"u":"9,69 €/KG","img":"https://fd13-photos.leclercdrive.fr/image.ashx?id=2939472&use=l&cat=p&typeid=i","cat":309512},{"id":224856,"n":"Jus innocent ananas fraise 900ml","p":2.89,"u":"3,21 €/L","img":"https://fd13-photos.leclercdrive.fr/image.ashx?id=2879122&use=l&cat=p&typeid=i","cat":285435},{"id":224873,"n":"Riz Paella Ben's original Express 2mn - 220g","p":1.59,"u":"7,23 €/KG","img":"https://fd13-photos.leclercdrive.fr/image.ashx?id=2995310&use=l&cat=p&typeid=i","cat":287600},{"id":224874,"n":"Riz Champignons Ben's original Express 2mn - 220g","p":1.35,"u":"6,14 €/KG","img":"https://fd13-photos.leclercdrive.fr/image.ashx?id=2995307&use=l&cat=p&typeid=i","cat":287600},{"id":224879,"n":"Riz Curry Ben's original Express 2mn - 220g","p":1.5,"u":"6,82 €/KG","img":"https://fd13-photos.leclercdrive.fr/image.ashx?id=2906433&use=l&cat=p&typeid=i","cat":287600},{"id":224882,"n":"Riz Long grain Ben's original  Sachet cuisson 10mn - 1kg","p":3.22,"u":"3,22 €/KG","img":"https://fd13-photos.leclercdrive.fr/image.ashx?id=2957272&use=l&cat=p&typeid=i","cat":284428},{"id":224888,"n":"Riz Long grain Ben's original Vrac 20mn - 1kg","p":3.53,"u":"3,53 €/KG","img":"https://fd13-photos.leclercdrive.fr/image.ashx?id=2886301&use=l&cat=p&typeid=i","cat":284428},{"id":224930,"n":"Lait d'avoine Bjorg Bio Vanille - 1L","p":2.71,"u":"2,71 €/L","img":"https://fd13-photos.leclercdrive.fr/image.ashx?id=2906253&use=l&cat=p&typeid=i","cat":316067},{"id":224931,"n":"Boisson soja Bjorg Bio Proteines - 1L","p":2.47,"u":"2,47 €/L","img":"https://fd13-photos.leclercdrive.fr/image.ashx?id=2939469&use=l&cat=p&typeid=i","cat":316067},{"id":224932,"n":"Boisson végétale Bjorg Bio noisettes sans sucres - 1L","p":2.74,"u":"2,74 €/L","img":"https://fd13-photos.leclercdrive.fr/image.ashx?id=2939466&use=l&cat=p&typeid=i","cat":316067},{"id":224937,"n":"Plat en morceaux Bledina 200g","p":2.38,"u":"11,90 €/KG","img":"https://fd13-photos.leclercdrive.fr/image.ashx?id=2866298&use=l&cat=p&typeid=i","cat":312239},{"id":224938,"n":"Liqueur au rhum Valois & Cie Mangue & abricot - 70cl","p":18.8,"u":"26,86 €/L","img":"https://fd13-photos.leclercdrive.fr/image.ashx?id=2954803&use=l&cat=p&typeid=i","cat":284550},{"id":224980,"n":"Après-shamppoing Kératine OGX Du Brésil Cheveux frisés 385ml","p":7.95,"u":"20,65 €/L","img":"https://fd13-photos.leclercdrive.fr/image.ashx?id=2805078&use=l&cat=p&typeid=i","cat":284607},{"id":224985,"n":"Crème fixative Polident Power Max - Ultimate - 2x40g","p":7.61,"u":"95,13 €/KG","img":"https://fd13-photos.leclercdrive.fr/image.ashx?id=2921088&use=l&cat=p&typeid=i","cat":285158},{"id":225007,"n":"Quenelle Nature l'Atelier Ecochard - 4x80g","p":2.7,"u":"8,44 €/KG","img":"https://fd13-photos.leclercdrive.fr/image.ashx?id=2996575&use=l&cat=p&typeid=i","cat":333682},{"id":225046,"n":"Huile à barbe homme King C. Gillette - 30ml","p":8.5,"pp":5.1,"u":"170,00 €/L","img":"https://fd13-photos.leclercdrive.fr/image.ashx?id=2746358&use=l&cat=p&typeid=i","cat":284622},{"id":225050,"n":"Dentifrice Oral-B 3D White Artic fresh - 3x75ml","p":10.02,"u":"44,53 €/L","img":"https://fd13-photos.leclercdrive.fr/image.ashx?id=2676225&use=l&cat=p&typeid=i","cat":284612},{"id":225052,"n":"Dentifrice Oral-B 3D White Charbon - 3x75ml","p":10.02,"u":"44,53 €/L","img":"https://fd13-photos.leclercdrive.fr/image.ashx?id=2676228&use=l&cat=p&typeid=i","cat":284612},{"id":225073,"n":"Taille crayon shaker Maped Multicoloris","p":1.62,"img":"https://fd13-photos.leclercdrive.fr/image.ashx?id=2675939&use=l&cat=p&typeid=i","cat":334133},{"id":225078,"n":"Boîte classement Exacompta Multicoloris","p":2.87,"img":"https://fd13-photos.leclercdrive.fr/image.ashx?id=2675861&use=l&cat=p&typeid=i","cat":284745},{"id":225097,"n":"Cahier spirale Clairefontaine Multicoloris","p":2.41,"img":"https://fd13-photos.leclercdrive.fr/image.ashx?id=2675849&use=l&cat=p&typeid=i","cat":284697},{"id":225131,"n":"Shampooing Head & Shoulders Deep cleanse - 3x250ml","p":14.9,"u":"19,87 €/L","img":"https://fd13-photos.leclercdrive.fr/image.ashx?id=2947237&use=l&cat=p&typeid=i","cat":284606},{"id":225141,"n":"Shampooing Head & Shoulders Pure intense - 3x250ml","p":14.9,"u":"19,87 €/L","img":"https://fd13-photos.leclercdrive.fr/image.ashx?id=2678239&use=l&cat=p&typeid=i","cat":284606},{"id":225213,"n":"Thé Matcha Energie Yogi Bio x15 - 27g","p":2.44,"u":"90,37 €/KG","img":"https://fd13-photos.leclercdrive.fr/image.ashx?id=2677495&use=l&cat=p&typeid=i","cat":293234},{"id":225214,"n":"Infusion Yogi bio  Gingembre orange - x15 - 27g","p":2.58,"u":"95,56 €/KG","img":"https://fd13-photos.leclercdrive.fr/image.ashx?id=2677492&use=l&cat=p&typeid=i","cat":293234},{"id":225215,"n":"Infusion Yogi detox Bio énergie - x15 - 27g","p":2.49,"u":"92,22 €/KG","img":"https://fd13-photos.leclercdrive.fr/image.ashx?id=2677489&use=l&cat=p&typeid=i","cat":293234},{"id":225217,"n":"Infusion Nuit Calme Yogi Bio x15 - 27g","p":2.42,"u":"89,63 €/KG","img":"https://fd13-photos.leclercdrive.fr/image.ashx?id=2677486&use=l&cat=p&typeid=i","cat":293234},{"id":225218,"n":"Thé Chaï aux Epices Yogi Bio  x15 - 27g","p":2.49,"u":"83,00 €/KG","img":"https://fd13-photos.leclercdrive.fr/image.ashx?id=2677483&use=l&cat=p&typeid=i","cat":293234},{"id":225247,"n":"Pain nature Gerblé   Sans Gluten  - 200g","p":2.41,"u":"12,05 €/KG","img":"https://fd13-photos.leclercdrive.fr/image.ashx?id=2677303&use=l&cat=p&typeid=i","cat":318654},{"id":225253,"n":"Recettes du Marché Tramier  Marinade Piment & Paprika 150g","p":2.84,"u":"18,93 €/L","img":"https://fd13-photos.leclercdrive.fr/image.ashx?id=2882614&use=l&cat=p&typeid=i","cat":284450},{"id":225254,"n":"Complément alimentaires  Juvamine  articulations","p":5.27,"u":"329,38 €/KG","img":"https://fd13-photos.leclercdrive.fr/image.ashx?id=2960153&use=l&cat=p&typeid=i","cat":313217},{"id":225276,"n":"Galette moelleuse tigrée Choco blanc - St Michel - 180g","p":1.89,"u":"10,50 €/KG","img":"https://fd13-photos.leclercdrive.fr/image.ashx?id=2953501&use=l&cat=p&typeid=i","cat":284495},{"id":225297,"n":"Dentifrice Oral-B Pro-repair Gencives & émail - 3x75ml","p":10.5,"u":"46,67 €/L","img":"https://fd13-photos.leclercdrive.fr/image.ashx?id=2774718&use=l&cat=p&typeid=i","cat":284612},{"id":225298,"n":"Dentifrice Oral-B Pro-science Sensibilité & gencives - 3x75ml","p":10.45,"u":"46,44 €/L","img":"https://fd13-photos.leclercdrive.fr/image.ashx?id=2679404&use=l&cat=p&typeid=i","cat":284612},{"id":225309,"n":"Bière blonde Kronenbourg 4,2° - 30x25cl","p":15.52,"u":"2,07 €/L","img":"https://fd13-photos.leclercdrive.fr/image.ashx?id=2992759&use=l&cat=p&typeid=i","cat":334873},{"id":225310,"n":"Boisson aux Fruits Tropico Tropical - Bouteille - 1,25L","p":1.88,"u":"1,50 €/L","img":"https://fd13-photos.leclercdrive.fr/image.ashx?id=2736811&use=l&cat=p&typeid=i","cat":295018},{"id":225311,"n":"Boisson Tropico Orange Ananas - 1.25 L","p":1.83,"u":"1,46 €/L","img":"https://fd13-photos.leclercdrive.fr/image.ashx?id=2977702&use=l&cat=p&typeid=i","cat":295018},{"id":225316,"n":"Biscuit petit déj Gerblé Chocolat - 200g","p":2.03,"u":"10,15 €/KG","img":"https://fd13-photos.leclercdrive.fr/image.ashx?id=2679014&use=l&cat=p&typeid=i","cat":318651},{"id":225320,"n":"Complément alimentaire Vitavea Expert cheveux","p":6.92,"u":"0,23 €/P","img":"https://fd13-photos.leclercdrive.fr/image.ashx?id=2679113&use=l&cat=p&typeid=i","cat":313217},{"id":225341,"n":"Dentifrice Oral-B 3D White Advanced Luxe perfection 3x75ml","p":10.5,"u":"46,67 €/L","img":"https://fd13-photos.leclercdrive.fr/image.ashx?id=2788010&use=l&cat=p&typeid=i","cat":284612},{"id":225343,"n":"Rasoir Gillette Fusion + 4 lames","p":35.3,"u":"7,06 €/P","img":"https://fd13-photos.leclercdrive.fr/image.ashx?id=2687980&use=l&cat=p&typeid=i","cat":284616},{"id":225344,"n":"Lames Gillette Mach3 x16","p":53.28,"u":"3,33 €/P","img":"https://fd13-photos.leclercdrive.fr/image.ashx?id=2679684&use=l&cat=p&typeid=i","cat":284616},{"id":225346,"n":"Lames Venus Comfortglide x12","p":50.85,"u":"4,24 €/P","img":"https://fd13-photos.leclercdrive.fr/image.ashx?id=2679687&use=l&cat=p&typeid=i","cat":325352},{"id":225378,"n":"Soin capillaire Laura Sims Lissant - 200ml","p":15.57,"u":"77,85 €/L","img":"https://fd13-photos.leclercdrive.fr/image.ashx?id=2680725&use=l&cat=p&typeid=i","cat":284608},{"id":225440,"n":"Duo de poissons Fleury Michon Riz cuisiné sauce citron - 280g","p":2.64,"u":"9,43 €/KG","img":"https://fd13-photos.leclercdrive.fr/image.ashx?id=3003266&use=l&cat=p&typeid=i","cat":333665},{"id":225441,"n":"Fusilli au poulet Fleury Michon Sauce champignons - 280g","p":2.68,"u":"9,57 €/KG","img":"https://fd13-photos.leclercdrive.fr/image.ashx?id=3003233&use=l&cat=p&typeid=i","cat":333665},{"id":225445,"n":"Les tranches Fleury Michon Pois chiches x4 - 120g","p":2.12,"u":"17,67 €/KG","img":"https://fd13-photos.leclercdrive.fr/image.ashx?id=2902007&use=l&cat=p&typeid=i","cat":316036},{"id":225446,"n":"Les tranches Fleury Michon Lentilles corail  x4 - 120g","p":2.12,"u":"17,67 €/KG","img":"https://fd13-photos.leclercdrive.fr/image.ashx?id=2900905&use=l&cat=p&typeid=i","cat":316036},{"id":225447,"n":"Les tranches Fleury Michon Haricots blancs x4 - 120g","p":2.13,"u":"17,75 €/KG","img":"https://fd13-photos.leclercdrive.fr/image.ashx?id=2902010&use=l&cat=p&typeid=i","cat":316036},{"id":225461,"n":"Déodorant Bille Homme 48h Narta Anti-traces - 50ml","p":2.34,"u":"46,80 €/L","img":"https://fd13-photos.leclercdrive.fr/image.ashx?id=2681859&use=l&cat=p&typeid=i","cat":284618},{"id":225462,"n":"Déodorant Bille Femme Narta Anti-Transpirant 48h - 50ml","p":2.33,"u":"46,60 €/L","img":"https://fd13-photos.leclercdrive.fr/image.ashx?id=2681862&use=l&cat=p&typeid=i","cat":284595},{"id":225463,"n":"Déodorant Bille Homme 48h Narta Fraîcheur Polaire - 50ml","p":2.33,"u":"46,60 €/L","img":"https://fd13-photos.leclercdrive.fr/image.ashx?id=2681865&use=l&cat=p&typeid=i","cat":284618},{"id":225465,"n":"Déodorant Bille Femme Narta Anti-Traces 48h - 50ml","p":2.31,"u":"46,20 €/L","img":"https://fd13-photos.leclercdrive.fr/image.ashx?id=2681871&use=l&cat=p&typeid=i","cat":284595},{"id":225468,"n":"Déodorant Bille Homme 48h Narta Anti-Traces Blanches - 50ml","p":2.31,"u":"46,20 €/L","img":"https://fd13-photos.leclercdrive.fr/image.ashx?id=2681886&use=l&cat=p&typeid=i","cat":284618},{"id":225471,"n":"Brossettes Oral-B Ultimate Clean - x4","p":39.99,"u":"10,00 €/P","img":"https://fd13-photos.leclercdrive.fr/image.ashx?id=2682409&use=l&cat=p&typeid=i","cat":297133},{"id":225614,"n":"Désinfectant Sanytol Eucalyptus - Multi-usage 500ml","p":2.12,"u":"4,24 €/L","img":"https://fd13-photos.leclercdrive.fr/image.ashx?id=2894800&use=l&cat=p&typeid=i","cat":325357},{"id":225615,"n":"Chips NRT Sel du Morbihan - 125g","p":1.79,"u":"14,32 €/KG","img":"https://fd13-photos.leclercdrive.fr/image.ashx?id=2771432&use=l&cat=p&typeid=i","cat":284447},{"id":225617,"n":"Désinfectant Sanytol Pamplemousse Multi-usage 500ml","p":2.82,"u":"5,64 €/L","img":"https://fd13-photos.leclercdrive.fr/image.ashx?id=2682144&use=l&cat=p&typeid=i","cat":325357},{"id":225619,"n":"Désinfectant nettoyant Sanytol Multi-surfaces - Eucalyptus 1L","p":2.01,"u":"2,01 €/L","img":"https://fd13-photos.leclercdrive.fr/image.ashx?id=2866319&use=l&cat=p&typeid=i","cat":284907},{"id":225620,"n":"Stylo plume Esquisse Géométrique Bleu +2 cartouches","p":2.19,"img":"https://fd13-photos.leclercdrive.fr/image.ashx?id=2681574&use=l&cat=p&typeid=i","cat":284696},{"id":225623,"n":"Lingettes optiques - Nettoyant  lunettes x30","p":1.29,"u":"0,04 €/P","img":"https://fd13-photos.leclercdrive.fr/image.ashx?id=2681539&use=l&cat=p&typeid=i","cat":288862},{"id":225640,"n":"Glace miel Nuii  Nouvelle-Zelande &amandes  272g","p":4.7,"u":"17,28 €/KG","img":"https://fd13-photos.leclercdrive.fr/image.ashx?id=2736835&use=l&cat=p&typeid=i","cat":284265},{"id":225643,"n":"Sirop Monin Vanille expérience - 33cl","p":2.4,"u":"7,27 €/L","img":"https://fd13-photos.leclercdrive.fr/image.ashx?id=2682941&use=l&cat=p&typeid=i","cat":295020},{"id":225647,"n":"Maïs Géant Vert extra tendre sans résidu pesticides - 3x140g","p":2.59,"u":"6,17 €/KG","img":"https://fd13-photos.leclercdrive.fr/image.ashx?id=2977366&use=l&cat=p&typeid=i","cat":312611},{"id":225648,"n":"Wafer noisettes Balconi 175g","p":0.85,"u":"4,86 €/KG","img":"https://fd13-photos.leclercdrive.fr/image.ashx?id=2828880&use=l&cat=p&typeid=i","cat":284488},{"id":225655,"n":"Huile d'olive Terra Delyssa Vierge extra - 75cl","p":8.59,"u":"11,45 €/L","img":"https://fd13-photos.leclercdrive.fr/image.ashx?id=2686153&use=l&cat=p&typeid=i","cat":284453},{"id":225657,"n":"Mon Huile d'Olive Tramier  Subtile 1l","p":11.61,"u":"11,61 €/L","img":"https://fd13-photos.leclercdrive.fr/image.ashx?id=2834047&use=l&cat=p&typeid=i","cat":284453},{"id":225661,"n":"Biscuit soufflés Curly Le Crunch Emmental - 80g","p":0.91,"u":"11,38 €/KG","img":"https://fd13-photos.leclercdrive.fr/image.ashx?id=3008446&use=l&cat=p&typeid=i","cat":284449},{"id":225662,"n":"Purée lisse petits pois Yooji Bio - 4 mois - 400g","p":4.27,"u":"10,68 €/KG","img":"https://fd13-photos.leclercdrive.fr/image.ashx?id=2683187&use=l&cat=p&typeid=i","cat":319805},{"id":225665,"n":"Gyozas aux légumes Tables du Monde x10 - 212g","p":3.29,"u":"15,52 €/KG","img":"https://fd13-photos.leclercdrive.fr/image.ashx?id=2843806&use=l&cat=p&typeid=i","cat":319774},{"id":225700,"n":"Bière blonde Leffe Prestige 124 8,5% - 6x25cl","p":7.4,"u":"4,93 €/L","img":"https://fd13-photos.leclercdrive.fr/image.ashx?id=2695007&use=l&cat=p&typeid=i","cat":334852},{"id":225703,"n":"Aérosol répulsif Raid Moustiques - 300ml","p":3.07,"u":"10,23 €/L","img":"https://fd13-photos.leclercdrive.fr/image.ashx?id=2736385&use=l&cat=p&typeid=i","cat":298368},{"id":225706,"n":"Aérosol répulsif Raid Fourmis et cafards - 300ml","p":3.17,"u":"10,57 €/L","img":"https://fd13-photos.leclercdrive.fr/image.ashx?id=2736382&use=l&cat=p&typeid=i","cat":298368},{"id":225708,"n":"Recharge électrique Raid Essentials - Moustiques - x2","p":9.18,"u":"4,59 €/P","img":"https://fd13-photos.leclercdrive.fr/image.ashx?id=2683245&use=l&cat=p&typeid=i","cat":298368},{"id":225710,"n":"Piège lumineux Raid Essentials Recharge - Insectes volants x2","p":6.98,"u":"3,49 €/P","img":"https://fd13-photos.leclercdrive.fr/image.ashx?id=2798218&use=l&cat=p&typeid=i","cat":298368},{"id":225712,"n":"Infusion Yogi Bio Défenses immunitaires x15 - 30g","p":2.49,"u":"83,00 €/KG","img":"https://fd13-photos.leclercdrive.fr/image.ashx?id=2683196&use=l&cat=p&typeid=i","cat":293234},{"id":225719,"n":"Infusion Yogi Bio Rooibos - x15 - 30g","p":2.31,"u":"77,00 €/KG","img":"https://fd13-photos.leclercdrive.fr/image.ashx?id=2683208&use=l&cat=p&typeid=i","cat":293234},{"id":225726,"n":"Glaces Pirulo Tropical x4 - 284g","p":2.9,"u":"10,21 €/KG","img":"https://fd13-photos.leclercdrive.fr/image.ashx?id=2694938&use=l&cat=p&typeid=i","cat":285250},{"id":225732,"n":"Bonbons Haribo méga fête Assortiment mini sachets - 880g","p":8.7,"u":"9,89 €/KG","img":"https://fd13-photos.leclercdrive.fr/image.ashx?id=2984961&use=l&cat=p&typeid=i","cat":304250},{"id":225745,"n":"Coloration Permanente Garnier Color Sensation 4.0 Châtain","p":4.08,"img":"https://fd13-photos.leclercdrive.fr/image.ashx?id=2684245&use=l&cat=p&typeid=i","cat":288899},{"id":225747,"n":"Coloration Permanente Garnier 5.35 Châtain Clair Cannelle","p":4.39,"img":"https://fd13-photos.leclercdrive.fr/image.ashx?id=2684251&use=l&cat=p&typeid=i","cat":288899},{"id":225749,"n":"Masque Lissant Ultra Doux Eau de Riz - 340ml","p":4.91,"u":"14,44 €/L","img":"https://fd13-photos.leclercdrive.fr/image.ashx?id=2684233&use=l&cat=p&typeid=i","cat":284608},{"id":225752,"n":"Après-shampooing Garnier Ultra Doux - Eau de riz - 200ml","p":2.75,"u":"13,75 €/L","img":"https://fd13-photos.leclercdrive.fr/image.ashx?id=2684239&use=l&cat=p&typeid=i","cat":284607},{"id":225755,"n":"Crème dépilatoire Veet Men Peaux sensibles - 400ml","p":8.83,"u":"22,08 €/L","img":"https://fd13-photos.leclercdrive.fr/image.ashx?id=2785448&use=l&cat=p&typeid=i","cat":284617},{"id":225780,"n":"Dentifrice Sanogyl Biome Protège gencive - 75ml","p":4.35,"u":"58,00 €/L","img":"https://fd13-photos.leclercdrive.fr/image.ashx?id=2684152&use=l&cat=p&typeid=i","cat":284612},{"id":225786,"n":"Lingettes Intima Regul'Active - x20","p":2.64,"u":"0,13 €/P","img":"https://fd13-photos.leclercdrive.fr/image.ashx?id=2689787&use=l&cat=p&typeid=i","cat":284627},{"id":225788,"n":"Recharge savon Dettol Karité - 250ml","p":3.11,"u":"12,44 €/L","img":"https://fd13-photos.leclercdrive.fr/image.ashx?id=2969016&use=l&cat=p&typeid=i","cat":284597},{"id":225789,"n":"Bandes de cire Veet Maillot - x16","p":4.98,"u":"0,31 €/P","img":"https://fd13-photos.leclercdrive.fr/image.ashx?id=2865662&use=l&cat=p&typeid=i","cat":325351},{"id":225790,"n":"Gel Intima Régulateur - 500ml","p":8.55,"u":"17,10 €/L","img":"https://fd13-photos.leclercdrive.fr/image.ashx?id=2889274&use=l&cat=p&typeid=i","cat":284627},{"id":225793,"n":"Liquide vaisselle Paic Acti Froid - Menthe - 500ml","p":2.59,"u":"5,18 €/L","img":"https://fd13-photos.leclercdrive.fr/image.ashx?id=2684335&use=l&cat=p&typeid=i","cat":284655},{"id":225794,"n":"Gle intime Mucogyne Non-hormonal x8 unidoses 40ml","p":15.1,"u":"377,50 €/L","img":"https://fd13-photos.leclercdrive.fr/image.ashx?id=2913295&use=l&cat=p&typeid=i","cat":328622},{"id":225795,"n":"Lubrifiant Saforelle Intime - 30ml","p":8.99,"u":"299,67 €/L","img":"https://fd13-photos.leclercdrive.fr/image.ashx?id=2684164&use=l&cat=p&typeid=i","cat":328622},{"id":225798,"n":"Crème hydraliane SVR Hydratation intense - 50ml","p":13.55,"u":"271,00 €/L","img":"https://fd13-photos.leclercdrive.fr/image.ashx?id=2968355&use=l&cat=p&typeid=i","cat":291171},{"id":225819,"n":"Canderel liquide 200 ml","p":2.54,"u":"12,70 €/L","img":"https://fd13-photos.leclercdrive.fr/image.ashx?id=2812828&use=l&cat=p&typeid=i","cat":324846},{"id":225891,"n":"Bière blonde 1664 5,5° - 18x25cl","p":11.4,"pp":8.55,"u":"1,90 €/L","img":"https://fd13-photos.leclercdrive.fr/image.ashx?id=2684931&use=l&cat=p&typeid=i","cat":334873},{"id":225931,"n":"Tuiles Monster Munch  Crazy barbecue - 150g","p":1.9,"u":"12,67 €/KG","img":"https://fd13-photos.leclercdrive.fr/image.ashx?id=2923993&use=l&cat=p&typeid=i","cat":287899},{"id":225933,"n":"Jus d'orange avec pulpe Montebelo - 1L","p":2.69,"u":"2,69 €/L","img":"https://fd13-photos.leclercdrive.fr/image.ashx?id=2743502&use=l&cat=p&typeid=i","cat":284354},{"id":225936,"n":"Jus d'orange sans pulpe Montebelo - 1L","p":2.69,"u":"2,69 €/L","img":"https://fd13-photos.leclercdrive.fr/image.ashx?id=2743505&use=l&cat=p&typeid=i","cat":284354},{"id":225939,"n":"Jus d'orange maracuja Montebelo - 1L","p":3.52,"u":"3,52 €/L","img":"https://fd13-photos.leclercdrive.fr/image.ashx?id=2896381&use=l&cat=p&typeid=i","cat":284354},{"id":225947,"n":"Bière blonde 1664 5,5° 24x25cl","p":14.83,"u":"2,47 €/L","img":"https://fd13-photos.leclercdrive.fr/image.ashx?id=2686597&use=l&cat=p&typeid=i","cat":334873},{"id":225953,"n":"Sauce korma Jardin Bio Bio - 330g","p":3.49,"u":"10,58 €/KG","img":"https://fd13-photos.leclercdrive.fr/image.ashx?id=2686054&use=l&cat=p&typeid=i","cat":289012},{"id":225955,"n":"Petale barbecue Jardin Bio Bio 85g","p":1.77,"u":"20,82 €/KG","img":"https://fd13-photos.leclercdrive.fr/image.ashx?id=2686039&use=l&cat=p&typeid=i","cat":284449},{"id":225963,"n":"Petit beurre fourrés Jardin Bio Bio - 197g","p":3.58,"u":"18,17 €/KG","img":"https://fd13-photos.leclercdrive.fr/image.ashx?id=2859452&use=l&cat=p&typeid=i","cat":284487},{"id":225969,"n":"Cookie Jardin Bio Bio Pepites de chocolat - 175g","p":3.51,"u":"20,06 €/KG","img":"https://fd13-photos.leclercdrive.fr/image.ashx?id=2963208&use=l&cat=p&typeid=i","cat":325066},{"id":226033,"n":"Yaourt Bio à la châtaigne  Invitation à la ferme - 500g","p":2.99,"u":"5,98 €/KG","img":"https://fd13-photos.leclercdrive.fr/image.ashx?id=2687059&use=l&cat=p&typeid=i","cat":284410},{"id":226115,"n":"Gourde compotes Pom'potes 5 fruits jaunes - 4x90g","p":2.29,"u":"6,36 €/KG","img":"https://fd13-photos.leclercdrive.fr/image.ashx?id=2991825&use=l&cat=p&typeid=i","cat":284508},{"id":226116,"n":"Chewing-gum Mentos Pure Fresh  Fresh Mint sans sucres - 100g","p":2.89,"u":"28,90 €/KG","img":"https://fd13-photos.leclercdrive.fr/image.ashx?id=2687707&use=l&cat=p&typeid=i","cat":304251},{"id":226122,"n":"Biscuits Delacre Cigarettes Russes - 230g","p":1.9,"u":"8,26 €/KG","img":"https://fd13-photos.leclercdrive.fr/image.ashx?id=2688833&use=l&cat=p&typeid=i","cat":284490},{"id":226137,"n":"Sun caps  x39 - 585g","p":11.76,"u":"20,10 €/KG","img":"https://fd13-photos.leclercdrive.fr/image.ashx?id=2877262&use=l&cat=p&typeid=i","cat":284656},{"id":226206,"n":"Compote Materne Pommes d'Occitanie  - 1.2kg","p":4.39,"u":"3,66 €/KG","img":"https://fd13-photos.leclercdrive.fr/image.ashx?id=3003125&use=l&cat=p&typeid=i","cat":284416},{"id":226260,"n":"Bavoir manche Mots d'enfant Crayon coeur rose - 6-18 mois","p":7.95,"img":"https://fd13-photos.leclercdrive.fr/image.ashx?id=2691763&use=l&cat=p&typeid=i","cat":289435},{"id":226267,"n":"Bavoir manche Mots d'enfant Chat Bleu - 6-18 mois - x1","p":4.25,"img":"https://fd13-photos.leclercdrive.fr/image.ashx?id=2691754&use=l&cat=p&typeid=i","cat":289435},{"id":226269,"n":"Bavoir Bio Mots d'enfants Elephant bleu - 18 mois+ - x2","p":5.95,"img":"https://fd13-photos.leclercdrive.fr/image.ashx?id=2691736&use=l&cat=p&typeid=i","cat":289435},{"id":226296,"n":"Biscuit Flammekueche Savour 100g","p":1.85,"u":"18,50 €/L","img":"https://fd13-photos.leclercdrive.fr/image.ashx?id=2781889&use=l&cat=p&typeid=i","cat":297000},{"id":226297,"n":"Biscuits Savour Olive herbes de provence - 100g","p":1.85,"u":"18,50 €/KG","img":"https://fd13-photos.leclercdrive.fr/image.ashx?id=2781886&use=l&cat=p&typeid=i","cat":297000},{"id":226301,"n":"Pâtes fraîches RANA Ravioli  Pesto Aubergines Amandes - 250g","p":3.19,"u":"12,76 €/KG","img":"https://fd13-photos.leclercdrive.fr/image.ashx?id=2737378&use=l&cat=p&typeid=i","cat":333682},{"id":226302,"n":"Pâtes fraîches RANA Ravioli  Cèpes Champignons Ricotta -250g","p":3.37,"u":"13,48 €/KG","img":"https://fd13-photos.leclercdrive.fr/image.ashx?id=2737381&use=l&cat=p&typeid=i","cat":333682},{"id":226304,"n":"Pâtes fraîches RANA Ravioli  Saumon fumé et Mascarpone -250g","p":3.63,"u":"14,52 €/KG","img":"https://fd13-photos.leclercdrive.fr/image.ashx?id=2737387&use=l&cat=p&typeid=i","cat":333682},{"id":226307,"n":"Biscuits Savour Chorizo - 100g","p":1.85,"u":"18,50 €/KG","img":"https://fd13-photos.leclercdrive.fr/image.ashx?id=2781883&use=l&cat=p&typeid=i","cat":297000},{"id":226315,"n":"Croquettes Vitafit Friskies Boeuf - 12kg","p":24.95,"u":"2,08 €/KG","img":"https://fd13-photos.leclercdrive.fr/image.ashx?id=2986996&use=l&cat=p&typeid=i","cat":284672},{"id":226319,"n":"Morceaux en sauce Edgard Cooper 85g","p":9.06,"u":"13,32 €/KG","img":"https://fd13-photos.leclercdrive.fr/image.ashx?id=2845026&use=l&cat=p&typeid=i","cat":285601},{"id":226320,"n":"Croquettes Edgard Cooper Naturelles sans céréales - 750g","p":7.34,"u":"9,79 €/KG","img":"https://fd13-photos.leclercdrive.fr/image.ashx?id=2770575&use=l&cat=p&typeid=i","cat":284680},{"id":226330,"n":"Croziflette Alpina Savoie 400g","p":2.88,"u":"7,20 €/KG","img":"https://fd13-photos.leclercdrive.fr/image.ashx?id=2692374&use=l&cat=p&typeid=i","cat":284427},{"id":226344,"n":"Goupillon brosse Mots d'enfant Bleu - x1","p":2.45,"img":"https://fd13-photos.leclercdrive.fr/image.ashx?id=2691869&use=l&cat=p&typeid=i","cat":284742},{"id":226346,"n":"Boisson Gazeuse Maison Perrier Forever Gingembre Citron 1L","p":0.9,"u":"0,90 €/L","img":"https://fd13-photos.leclercdrive.fr/image.ashx?id=2692818&use=l&cat=p&typeid=i","cat":284536},{"id":226348,"n":"Céréales P'tit Déli Caramel & Chocolat - 400g","p":2.12,"u":"5,30 €/KG","img":"https://fd13-photos.leclercdrive.fr/image.ashx?id=2691528&use=l&cat=p&typeid=i","cat":309513},{"id":226349,"n":"Boisson Gazeuse Maison Perrier Chic Citrus Fizz 4x25cl","p":2.99,"u":"2,99 €/L","img":"https://fd13-photos.leclercdrive.fr/image.ashx?id=2841595&use=l&cat=p&typeid=i","cat":284536},{"id":226350,"n":"Boisson Gazeuse Maison Perrier Chic Lemonjito 4x25cl","p":2.99,"u":"2,99 €/L","img":"https://fd13-photos.leclercdrive.fr/image.ashx?id=2692809&use=l&cat=p&typeid=i","cat":284536},{"id":226351,"n":"Miel de fleurs  Les Apiculteurs Associés - 500g","p":4.59,"u":"9,18 €/KG","img":"https://fd13-photos.leclercdrive.fr/image.ashx?id=2692566&use=l&cat=p&typeid=i","cat":287643},{"id":226352,"n":"Boisson énergisante Maison Perrier mûre - 4x25cl","p":3.28,"u":"3,28 €/L","img":"https://fd13-photos.leclercdrive.fr/image.ashx?id=2692815&use=l&cat=p&typeid=i","cat":284533},{"id":226412,"n":"Barre de céréales Nature Valley  Protéine cranberries x4 -160g","p":2.77,"u":"17,31 €/KG","img":"https://fd13-photos.leclercdrive.fr/image.ashx?id=2693869&use=l&cat=p&typeid=i","cat":285869},{"id":226436,"n":"Arrangé Maison La Mauny Mangue Vanille - 30% - 70cl","p":28.71,"u":"41,01 €/L","img":"https://fd13-photos.leclercdrive.fr/image.ashx?id=2960828&use=l&cat=p&typeid=i","cat":284550},{"id":226438,"n":"Soda Coca-Cola Original Canette - Pack 6x20CL","p":3.69,"u":"3,08 €/L","img":"https://fd13-photos.leclercdrive.fr/image.ashx?id=2766571&use=l&cat=p&typeid=i","cat":284530},{"id":226449,"n":"Lait de coco Eco+ 200ml","p":0.69,"u":"3,45 €/L","img":"https://fd13-photos.leclercdrive.fr/image.ashx?id=2691790&use=l&cat=p&typeid=i","cat":288992},{"id":226455,"n":"Chewing-gum Mentos Pure Fresh  Fresh Chloro sans sucres - 100g","p":2.89,"u":"28,90 €/KG","img":"https://fd13-photos.leclercdrive.fr/image.ashx?id=2693434&use=l&cat=p&typeid=i","cat":304251},{"id":226475,"n":"Whisky Johnnie Walker Double Black - 40%vol - 70cl","p":30.93,"u":"44,19 €/L","img":"https://fd13-photos.leclercdrive.fr/image.ashx?id=2693794&use=l&cat=p&typeid=i","cat":284547},{"id":226478,"n":"Liqueurs Baileys  Expresso coffee - 70cl","p":12.5,"u":"17,86 €/L","img":"https://fd13-photos.leclercdrive.fr/image.ashx?id=2736448&use=l&cat=p&typeid=i","cat":286032},{"id":226481,"n":"Sucre de canne roux Canadou 70cl","p":3.25,"u":"4,64 €/L","img":"https://fd13-photos.leclercdrive.fr/image.ashx?id=2694446&use=l&cat=p&typeid=i","cat":284502},{"id":226484,"n":"Cookies Crunchy Kinder Pépites au cacao et lait - 136g","p":2.8,"u":"20,59 €/KG","img":"https://fd13-photos.leclercdrive.fr/image.ashx?id=2691995&use=l&cat=p&typeid=i","cat":325066},{"id":226491,"n":"Mojito sans alcool Sir James 25cl","p":2.03,"u":"8,12 €/L","img":"https://fd13-photos.leclercdrive.fr/image.ashx?id=3000489&use=l&cat=p&typeid=i","cat":284549},{"id":226493,"n":"G&T sans alcool Sir James 25cl","p":2.02,"u":"8,08 €/L","img":"https://fd13-photos.leclercdrive.fr/image.ashx?id=2902445&use=l&cat=p&typeid=i","cat":284549},{"id":226495,"n":"Passion martini Sir James Sans alcool 25cl","p":1.99,"u":"7,96 €/L","img":"https://fd13-photos.leclercdrive.fr/image.ashx?id=2878492&use=l&cat=p&typeid=i","cat":284549},{"id":226497,"n":"Ginger mule Sir James Sans alcool 25cl","p":2.0,"u":"8,00 €/L","img":"https://fd13-photos.leclercdrive.fr/image.ashx?id=2878495&use=l&cat=p&typeid=i","cat":284549},{"id":226510,"n":"Biscuits BN Chocolats -570g","p":2.35,"img":"https://fd13-photos.leclercdrive.fr/image.ashx?id=2693509&use=l&cat=p&typeid=i","cat":284488},{"id":226514,"n":"Filet de cabillaud Fish & Chips L'Atelier Poissonnerie - 200g","p":3.89,"u":"19,45 €/KG","img":"https://fd13-photos.leclercdrive.fr/image.ashx?id=2714456&use=l&cat=p&typeid=i","cat":284344},{"id":226534,"n":"Huile de tournesol Tramier  1L","p":5.59,"u":"5,59 €/L","img":"https://fd13-photos.leclercdrive.fr/image.ashx?id=2695097&use=l&cat=p&typeid=i","cat":284453},{"id":226621,"n":"Bavoir Mots d'enfants Bleu - 6/18 mois","p":3.95,"img":"https://fd13-photos.leclercdrive.fr/image.ashx?id=2693377&use=l&cat=p&typeid=i","cat":289435},{"id":226624,"n":"Biberon col large Serenity+ Nuk 150ml","p":5.67,"img":"https://fd13-photos.leclercdrive.fr/image.ashx?id=2694536&use=l&cat=p&typeid=i","cat":284742},{"id":226628,"n":"Biberon col large Serenity+ Nuk 6-18 mois - Poignées - 300ml","p":7.11,"img":"https://fd13-photos.leclercdrive.fr/image.ashx?id=2694542&use=l&cat=p&typeid=i","cat":284742},{"id":226630,"n":"Biberon col large Serenity+ Nuk Rose - 300ml","p":6.19,"img":"https://fd13-photos.leclercdrive.fr/image.ashx?id=2694545&use=l&cat=p&typeid=i","cat":284742},{"id":226644,"n":"Biberon col large Serenity+ Nuk 6-18 mois - 360ml","p":7.32,"img":"https://fd13-photos.leclercdrive.fr/image.ashx?id=2694548&use=l&cat=p&typeid=i","cat":284742},{"id":226646,"n":"Boisson Gazeuse Maison Perrier Forever Citron Vert 1L","p":0.96,"u":"0,96 €/L","img":"https://fd13-photos.leclercdrive.fr/image.ashx?id=2695103&use=l&cat=p&typeid=i","cat":284536},{"id":226657,"n":"Boisson Gazeuse Maison Perrier Forever Citron 1L","p":1.04,"u":"1,04 €/L","img":"https://fd13-photos.leclercdrive.fr/image.ashx?id=2887311&use=l&cat=p&typeid=i","cat":284536},{"id":226659,"n":"Boisson Gazeuse Maison Perrier Forever Orange 1L","p":0.91,"u":"0,91 €/L","img":"https://fd13-photos.leclercdrive.fr/image.ashx?id=2695106&use=l&cat=p&typeid=i","cat":284536},{"id":226661,"n":"Boisson Gazeuse Maison Perrier Forever Menthe 1L","p":0.91,"u":"0,91 €/L","img":"https://fd13-photos.leclercdrive.fr/image.ashx?id=2695112&use=l&cat=p&typeid=i","cat":284536},{"id":226663,"n":"Boisson Gazeuse Maison Perrier Forever Citron 6x50cl","p":3.96,"u":"1,32 €/L","img":"https://fd13-photos.leclercdrive.fr/image.ashx?id=2695100&use=l&cat=p&typeid=i","cat":284536},{"id":226664,"n":"Boisson Gazeuse Maison Perrier Forever Citron Vert 6x50cl","p":3.96,"u":"1,32 €/L","img":"https://fd13-photos.leclercdrive.fr/image.ashx?id=2695109&use=l&cat=p&typeid=i","cat":284536},{"id":226667,"n":"Boisson Gazeuse Maison Perrier Forever Citron 6x33cl","p":3.1,"u":"1,57 €/L","img":"https://fd13-photos.leclercdrive.fr/image.ashx?id=2878447&use=l&cat=p&typeid=i","cat":284536},{"id":226668,"n":"Boisson Gazeuse Maison Perrier Forever Citron Vert 6x33cl","p":3.1,"u":"1,57 €/L","img":"https://fd13-photos.leclercdrive.fr/image.ashx?id=2887308&use=l&cat=p&typeid=i","cat":284536},{"id":226776,"n":"Thé noir fruits rouges Lipton 20 sachets - 30g","p":1.82,"u":"60,67 €/KG","img":"https://fd13-photos.leclercdrive.fr/image.ashx?id=2695359&use=l&cat=p&typeid=i","cat":293233},{"id":226779,"n":"Thé noir citron Lipton 20 sachets - 34g","p":2.43,"u":"71,47 €/KG","img":"https://fd13-photos.leclercdrive.fr/image.ashx?id=2695365&use=l&cat=p&typeid=i","cat":293233},{"id":226781,"n":"Thé noir pêche mangue Lipton 20 sachets - 34g","p":2.41,"u":"70,88 €/KG","img":"https://fd13-photos.leclercdrive.fr/image.ashx?id=2695362&use=l&cat=p&typeid=i","cat":293233},{"id":226795,"n":"Glace mini cone Extreme Café x8 - 312g","p":4.19,"u":"13,43 €/KG","img":"https://fd13-photos.leclercdrive.fr/image.ashx?id=2694668&use=l&cat=p&typeid=i","cat":284264},{"id":226796,"n":"Parfum de linge billes Lenor  Fleur de soie pivoine x19 doses","p":7.87,"u":"33,49 €/KG","img":"https://fd13-photos.leclercdrive.fr/image.ashx?id=2863015&use=l&cat=p&typeid=i","cat":325302},{"id":226797,"n":"Parfum de linge billes Lenor  Bouquet floral - x19 doses","p":7.72,"u":"32,85 €/KG","img":"https://fd13-photos.leclercdrive.fr/image.ashx?id=2839454&use=l&cat=p&typeid=i","cat":325302},{"id":226798,"n":"Glace cone Extreme Framboise x6 - 417g","p":3.98,"u":"9,54 €/KG","img":"https://fd13-photos.leclercdrive.fr/image.ashx?id=2694671&use=l&cat=p&typeid=i","cat":284264},{"id":226800,"n":"Parfum de linge billes Lenor Envolée d'air x41","p":9.69,"u":"19,58 €/KG","img":"https://fd13-photos.leclercdrive.fr/image.ashx?id=2857893&use=l&cat=p&typeid=i","cat":325302},{"id":226801,"n":"Parfum de linge billes Lenor  Jasmin Rose de mai x19 doses","p":6.95,"u":"29,57 €/KG","img":"https://fd13-photos.leclercdrive.fr/image.ashx?id=2841598&use=l&cat=p&typeid=i","cat":325302},{"id":226803,"n":"Adoucissant Lenor Fresh Soleil tropical x36 - 0.5L","p":4.81,"u":"9,54 €/L","img":"https://fd13-photos.leclercdrive.fr/image.ashx?id=2696163&use=l&cat=p&typeid=i","cat":284650},{"id":226805,"n":"Glace cone Extreme  Fraise vanille x4 - 284g","p":2.83,"u":"9,96 €/KG","img":"https://fd13-photos.leclercdrive.fr/image.ashx?id=2694680&use=l&cat=p&typeid=i","cat":284264},{"id":226806,"n":"Liquide de rinçage Sun Brillance - 500ml","p":3.42,"u":"6,84 €/L","img":"https://fd13-photos.leclercdrive.fr/image.ashx?id=2829099&use=l&cat=p&typeid=i","cat":284657},{"id":226807,"n":"Liquide de rinçage Sun Séchage - 500ml","p":3.88,"u":"7,76 €/L","img":"https://fd13-photos.leclercdrive.fr/image.ashx?id=2738716&use=l&cat=p&typeid=i","cat":284657},{"id":226811,"n":"Adoucissant Lenor Fresh air Solstice Boréal x36 - 0.5L","p":5.07,"u":"10,06 €/L","img":"https://fd13-photos.leclercdrive.fr/image.ashx?id=2696169&use=l&cat=p&typeid=i","cat":284650},{"id":226815,"n":"Dentifrice Oral-B kids 0-6ans - 50ml","p":2.15,"u":"43,00 €/L","img":"https://fd13-photos.leclercdrive.fr/image.ashx?id=2737801&use=l&cat=p&typeid=i","cat":288898},{"id":226818,"n":"Dentifrice Sensodyne Soin  complet Triple action - 75ml","p":3.87,"u":"51,60 €/L","img":"https://fd13-photos.leclercdrive.fr/image.ashx?id=2997778&use=l&cat=p&typeid=i","cat":284612},{"id":226819,"n":"Dentifrice Sensodyne Soin gencives Triple action - 75ml","p":4.06,"u":"54,13 €/L","img":"https://fd13-photos.leclercdrive.fr/image.ashx?id=3000384&use=l&cat=p&typeid=i","cat":284612},{"id":226824,"n":"Dentifrice Sensodyne Soin  Blancheur naturelle 24h - 75ml","p":3.52,"u":"46,93 €/L","img":"https://fd13-photos.leclercdrive.fr/image.ashx?id=2694944&use=l&cat=p&typeid=i","cat":284612},{"id":226829,"n":"Dentifrice Sensodyne Répare & protège extra fresh - 75ml","p":4.48,"u":"59,73 €/L","img":"https://fd13-photos.leclercdrive.fr/image.ashx?id=2694956&use=l&cat=p&typeid=i","cat":284612},{"id":226830,"n":"Dentifrice Sensodyne Répare & protège Blancheur - 75ml","p":4.39,"u":"58,53 €/L","img":"https://fd13-photos.leclercdrive.fr/image.ashx?id=2872955&use=l&cat=p&typeid=i","cat":284612},{"id":226831,"n":"Nettoyant machine Sun Pendant le cycle x4 - 60g","p":3.82,"u":"7,96 €/KG","img":"https://fd13-photos.leclercdrive.fr/image.ashx?id=2738713&use=l&cat=p&typeid=i","cat":284657},{"id":226856,"n":"P'tit onctueux pêche Nestlé sans sucres ajoutés - 4x90g","p":2.1,"u":"5,83 €/KG","img":"https://fd13-photos.leclercdrive.fr/image.ashx?id=2695124&use=l&cat=p&typeid=i","cat":312392},{"id":226857,"n":"P'tit brassé pomme Nestlé Sans sucre ajoutés 4x90g","p":1.95,"u":"5,42 €/KG","img":"https://fd13-photos.leclercdrive.fr/image.ashx?id=2695127&use=l&cat=p&typeid=i","cat":312392},{"id":226874,"n":"Liqueur de citron Limoncello - 2L","p":31.3,"u":"15,65 €/L","img":"https://fd13-photos.leclercdrive.fr/image.ashx?id=2811302&use=l&cat=p&typeid=i","cat":286032},{"id":226876,"n":"P'tit brassé banane Nestlé mangue sans sucre - 4x90g","p":2.09,"u":"5,81 €/KG","img":"https://fd13-photos.leclercdrive.fr/image.ashx?id=2696133&use=l&cat=p&typeid=i","cat":312392},{"id":226900,"n":"Bière blonde La Bête 8°  50cl canette","p":2.25,"u":"4,50 €/L","img":"https://fd13-photos.leclercdrive.fr/image.ashx?id=2695914&use=l&cat=p&typeid=i","cat":334853},{"id":226903,"n":"Boisson énergisante Maison Perrier mûre - 25cl","p":0.79,"u":"3,16 €/L","img":"https://fd13-photos.leclercdrive.fr/image.ashx?id=2696130&use=l&cat=p&typeid=i","cat":284533},{"id":226910,"n":"Dragées chocolatées M&M's 340g","p":4.74,"u":"13,94 €/KG","img":"https://fd13-photos.leclercdrive.fr/image.ashx?id=3003399&use=l&cat=p&typeid=i","cat":304238},{"id":226911,"n":"Bille au chocolat Maltesers 400g","p":5.64,"u":"14,10 €/KG","img":"https://fd13-photos.leclercdrive.fr/image.ashx?id=2976050&use=l&cat=p&typeid=i","cat":304238},{"id":226912,"n":"Boisson énergisante Maison Perrier pêche - 25cl","p":0.79,"u":"3,16 €/L","img":"https://fd13-photos.leclercdrive.fr/image.ashx?id=2696142&use=l&cat=p&typeid=i","cat":284533},{"id":226920,"n":"Bonbons Skittles  152g","p":1.21,"u":"7,96 €/KG","img":"https://fd13-photos.leclercdrive.fr/image.ashx?id=3008984&use=l&cat=p&typeid=i","cat":304250},{"id":226921,"n":"Boisson énergisante Maison Perrier citron - 25cl","p":0.79,"u":"3,16 €/L","img":"https://fd13-photos.leclercdrive.fr/image.ashx?id=2696145&use=l&cat=p&typeid=i","cat":284533},{"id":226970,"n":"Tablette lave-vaisselle Sun  Expert Plus x40 -700g","p":7.9,"u":"11,29 €/KG","img":"https://fd13-photos.leclercdrive.fr/image.ashx?id=2738734&use=l&cat=p&typeid=i","cat":284656},{"id":226971,"n":"Sun Tablettes Lave-Vaisselle Tout en 1 Expert Plus x40","p":7.9,"u":"11,29 €/KG","img":"https://fd13-photos.leclercdrive.fr/image.ashx?id=2942012&use=l&cat=p&typeid=i","cat":284656},{"id":226973,"n":"Sun Tablettes Lave-Vaisselle Tout en 1 Citron Ecolabel x46","p":7.9,"u":"10,41 €/KG","img":"https://fd13-photos.leclercdrive.fr/image.ashx?id=3000905&use=l&cat=p&typeid=i","cat":284656},{"id":226975,"n":"Crème de douche Corine de Farme Soin nourrissant - Monoï 500ml","p":3.22,"u":"6,44 €/L","img":"https://fd13-photos.leclercdrive.fr/image.ashx?id=2696613&use=l&cat=p&typeid=i","cat":284594},{"id":226982,"n":"Complément alimentaire ChronoDorm -x30 - 1.9mg","p":5.89,"u":"0,20 €/P","img":"https://fd13-photos.leclercdrive.fr/image.ashx?id=2711389&use=l&cat=p&typeid=i","cat":301265},{"id":226996,"n":"Soin intime Saforelle Miss Et corporel - Dès 2 ans 250ml","p":6.99,"u":"27,96 €/L","img":"https://fd13-photos.leclercdrive.fr/image.ashx?id=2696625&use=l&cat=p&typeid=i","cat":328622},{"id":227012,"n":"Halloumi AOP Casa Azzurra 200g","p":4.32,"u":"21,60 €/KG","img":"https://fd13-photos.leclercdrive.fr/image.ashx?id=2696729&use=l&cat=p&typeid=i","cat":314026},{"id":227013,"n":"Rasoir Philips OneBlade Original - 1 pièce","p":24.0,"img":"https://fd13-photos.leclercdrive.fr/image.ashx?id=2699029&use=l&cat=p&typeid=i","cat":284616},{"id":227019,"n":"Kit de préparation Jean Martin Poivron + sauce offert 550g","p":5.15,"u":"9,36 €/KG","img":"https://fd13-photos.leclercdrive.fr/image.ashx?id=2989171&use=l&cat=p&typeid=i","cat":325069},{"id":227020,"n":"Kit préparation Jean Martin courgette sauce basilic 550g","p":4.59,"u":"8,35 €/KG","img":"https://fd13-photos.leclercdrive.fr/image.ashx?id=2705347&use=l&cat=p&typeid=i","cat":284359},{"id":227043,"n":"Soin intime Saforelle Miss Et corporel - 500ml","p":10.42,"u":"20,84 €/L","img":"https://fd13-photos.leclercdrive.fr/image.ashx?id=2697174&use=l&cat=p&typeid=i","cat":328622},{"id":227044,"n":"Soin lavant Saforelle Fraîcheur - 250ml","p":6.32,"u":"25,28 €/L","img":"https://fd13-photos.leclercdrive.fr/image.ashx?id=2711659&use=l&cat=p&typeid=i","cat":301348},{"id":227045,"n":"Crème Apaisante Saforelle 40ml","p":6.49,"u":"162,25 €/L","img":"https://fd13-photos.leclercdrive.fr/image.ashx?id=2697177&use=l&cat=p&typeid=i","cat":328622},{"id":227054,"n":"Gel intime Mucogyne 70ml","p":14.41,"u":"205,86 €/L","img":"https://fd13-photos.leclercdrive.fr/image.ashx?id=2913355&use=l&cat=p&typeid=i","cat":328622},{"id":227058,"n":"Lait ultra invisible Bioderma Photoderm - SPF50+ - 200ML","p":19.36,"u":"96,80 €/L","img":"https://fd13-photos.leclercdrive.fr/image.ashx?id=2696723&use=l&cat=p&typeid=i","cat":290396},{"id":227070,"n":"Thé glacé pétillant Lipton Ice Tea pêche - bouteille 1.25L","p":1.67,"u":"1,34 €/L","img":"https://fd13-photos.leclercdrive.fr/image.ashx?id=2887704&use=l&cat=p&typeid=i","cat":295019},{"id":227071,"n":"Thé pétillant Lipton Ice Tea Citron citron vert - 1.25L","p":1.68,"u":"1,34 €/L","img":"https://fd13-photos.leclercdrive.fr/image.ashx?id=2887707&use=l&cat=p&typeid=i","cat":295019},{"id":227103,"n":"Adoucissant Liquide Jardins de fleurs 504ml x36","p":4.97,"u":"9,86 €/L","img":"https://fd13-photos.leclercdrive.fr/image.ashx?id=2698984&use=l&cat=p&typeid=i","cat":284650},{"id":227165,"n":"Serum Acide Hyaluronique Mixa 30mL","p":9.97,"u":"332,33 €/L","img":"https://fd13-photos.leclercdrive.fr/image.ashx?id=2698711&use=l&cat=p&typeid=i","cat":325345},{"id":227166,"n":"Sérum Anti-tâches Vitamine C Mixa 30 mL","p":9.82,"u":"327,33 €/L","img":"https://fd13-photos.leclercdrive.fr/image.ashx?id=2698714&use=l&cat=p&typeid=i","cat":325345},{"id":227167,"n":"Serum anti-imperfections Niacinamide Mixa 30mL","p":10.18,"u":"339,33 €/L","img":"https://fd13-photos.leclercdrive.fr/image.ashx?id=2698717&use=l&cat=p&typeid=i","cat":325345},{"id":227180,"n":"Saumon fumé Breizh Saveurs Norvège - 4 tranches - 100g","p":5.25,"u":"52,50 €/KG","img":"https://fd13-photos.leclercdrive.fr/image.ashx?id=2698801&use=l&cat=p&typeid=i","cat":285188},{"id":227239,"n":"Shampooing Nodé DS+ Bioderma Antipelliculaire intense  125ml","p":10.94,"u":"87,52 €/L","img":"https://fd13-photos.leclercdrive.fr/image.ashx?id=2697860&use=l&cat=p&typeid=i","cat":290400},{"id":227243,"n":"Soin lavant Saforelle Ultra Hydratant - Eco recharge 400ml","p":9.27,"u":"23,18 €/L","img":"https://fd13-photos.leclercdrive.fr/image.ashx?id=2697839&use=l&cat=p&typeid=i","cat":301348},{"id":227244,"n":"Huile lavante Uriage 500ml","p":6.78,"u":"13,56 €/L","img":"https://fd13-photos.leclercdrive.fr/image.ashx?id=2697854&use=l&cat=p&typeid=i","cat":301591},{"id":227245,"n":"Baume démaquillant SVR Sensifine - 100g","p":10.45,"u":"104,50 €/KG","img":"https://fd13-photos.leclercdrive.fr/image.ashx?id=2697857&use=l&cat=p&typeid=i","cat":301587},{"id":227246,"n":"Ampoule flash Sebiaclear SVR Anti-imperfections - 30ml","p":20.8,"u":"693,33 €/L","img":"https://fd13-photos.leclercdrive.fr/image.ashx?id=2965142&use=l&cat=p&typeid=i","cat":291171},{"id":227247,"n":"Crème Sebiaclear SVR Matifiant hydratant - 40ml","p":8.78,"u":"219,50 €/L","img":"https://fd13-photos.leclercdrive.fr/image.ashx?id=2967893&use=l&cat=p&typeid=i","cat":291166},{"id":227267,"n":"Rasoirs Jetables Blue 3 Smooth Lot de 8 rasoirs Gillette","p":9.93,"u":"1,24 €/P","img":"https://fd13-photos.leclercdrive.fr/image.ashx?id=2701983&use=l&cat=p&typeid=i","cat":284616},{"id":227268,"n":"Rasoirs jetables  Gillette - x6","p":10.29,"img":"https://fd13-photos.leclercdrive.fr/image.ashx?id=2698987&use=l&cat=p&typeid=i","cat":284616},{"id":227269,"n":"Rasoirs Jetables  Venus","p":9.59,"img":"https://fd13-photos.leclercdrive.fr/image.ashx?id=2702169&use=l&cat=p&typeid=i","cat":325352},{"id":227271,"n":"Rasoirs Jetables Reçycled Gillette","p":14.08,"img":"https://fd13-photos.leclercdrive.fr/image.ashx?id=2702172&use=l&cat=p&typeid=i","cat":284616},{"id":227273,"n":"Rasoirs Jetables Recycled Gillette","p":14.08,"img":"https://fd13-photos.leclercdrive.fr/image.ashx?id=2702175&use=l&cat=p&typeid=i","cat":284616},{"id":227309,"n":"Pelican blonde Pelican - 66cl","p":2.95,"u":"4,47 €/L","img":"https://fd13-photos.leclercdrive.fr/image.ashx?id=2766238&use=l&cat=p&typeid=i","cat":334872},{"id":227310,"n":"Pelican rouge bouteille Pelican - 66cl","p":3.73,"u":"5,65 €/L","img":"https://fd13-photos.leclercdrive.fr/image.ashx?id=2770407&use=l&cat=p&typeid=i","cat":334872},{"id":227311,"n":"Bière Pelican rouge  50cl","p":2.16,"u":"4,32 €/L","img":"https://fd13-photos.leclercdrive.fr/image.ashx?id=2700107&use=l&cat=p&typeid=i","cat":334853},{"id":227318,"n":"P'tite Céréale Nestlé Vanille - 415g","p":2.59,"u":"6,24 €/KG","img":"https://fd13-photos.leclercdrive.fr/image.ashx?id=2700773&use=l&cat=p&typeid=i","cat":312225},{"id":227320,"n":"Céréales Nesquik 675g","p":5.22,"u":"7,73 €/KG","img":"https://fd13-photos.leclercdrive.fr/image.ashx?id=2971434&use=l&cat=p&typeid=i","cat":309513},{"id":227323,"n":"Céréales Crunch Nestlé 675g","p":4.45,"u":"6,59 €/KG","img":"https://fd13-photos.leclercdrive.fr/image.ashx?id=2949085&use=l&cat=p&typeid=i","cat":309513},{"id":227325,"n":"P'tite céréales Nestlé Saveur biscuit - 415g","p":2.89,"u":"6,96 €/KG","img":"https://fd13-photos.leclercdrive.fr/image.ashx?id=2700776&use=l&cat=p&typeid=i","cat":312225},{"id":227329,"n":"P'tite céréale Nestlé 415g","p":3.19,"u":"7,69 €/KG","img":"https://fd13-photos.leclercdrive.fr/image.ashx?id=2700770&use=l&cat=p&typeid=i","cat":312225},{"id":227331,"n":"P'tite céréales Nestlé Cacao - 415g","p":2.58,"u":"6,22 €/KG","img":"https://fd13-photos.leclercdrive.fr/image.ashx?id=2700767&use=l&cat=p&typeid=i","cat":312225},{"id":227339,"n":"Capsules Nescafé Dolce Gusto  Lungo - x16","p":4.42,"u":"49,11 €/KG","img":"https://fd13-photos.leclercdrive.fr/image.ashx?id=2907716&use=l&cat=p&typeid=i","cat":293239},{"id":227341,"n":"Céréales Lion Nestlé 1.05kg","p":6.08,"u":"6,08 €/KG","img":"https://fd13-photos.leclercdrive.fr/image.ashx?id=2995433&use=l&cat=p&typeid=i","cat":309513},{"id":227352,"n":"Céréales Chocapic  645g","p":4.46,"u":"6,91 €/KG","img":"https://fd13-photos.leclercdrive.fr/image.ashx?id=2977732&use=l&cat=p&typeid=i","cat":309513},{"id":227372,"n":"Céréales Lion 675g","p":4.47,"u":"6,62 €/KG","img":"https://fd13-photos.leclercdrive.fr/image.ashx?id=2997256&use=l&cat=p&typeid=i","cat":309513},{"id":227373,"n":"Gelée de viande Eco+ 12x100g","p":2.99,"u":"2,49 €/KG","img":"https://fd13-photos.leclercdrive.fr/image.ashx?id=2744216&use=l&cat=p&typeid=i","cat":285286},{"id":227374,"n":"Céréales Chocapic 375g","p":2.85,"u":"7,60 €/KG","img":"https://fd13-photos.leclercdrive.fr/image.ashx?id=2977408&use=l&cat=p&typeid=i","cat":309513},{"id":227376,"n":"Croquette Friskies Vitafit  Boeuf - 3kg","p":7.22,"u":"2,41 €/KG","img":"https://fd13-photos.leclercdrive.fr/image.ashx?id=2986999&use=l&cat=p&typeid=i","cat":284672},{"id":227377,"n":"Croquette Friskies Vitafit Boeuf - 12kg","p":22.85,"img":"https://fd13-photos.leclercdrive.fr/image.ashx?id=2986984&use=l&cat=p&typeid=i","cat":284672},{"id":227378,"n":"Croquettes Friskies junior Poulet & legumes - 1.5kg","p":5.37,"u":"3,58 €/KG","img":"https://fd13-photos.leclercdrive.fr/image.ashx?id=2699612&use=l&cat=p&typeid=i","cat":284680},{"id":227381,"n":"Croquettes Friskies Vitafit Poulet & legumes - 3kg","p":7.22,"u":"2,41 €/KG","img":"https://fd13-photos.leclercdrive.fr/image.ashx?id=2986981&use=l&cat=p&typeid=i","cat":284672},{"id":227383,"n":"Lait infantile Hipp Biologique Bio Dès 10 mois Combiotic  800g","p":16.68,"u":"20,85 €/KG","img":"https://fd13-photos.leclercdrive.fr/image.ashx?id=2926834&use=l&cat=p&typeid=i","cat":290219},{"id":227391,"n":"Croquettes Friskies Saumon & legumes - 3 kg","p":10.22,"u":"3,41 €/KG","img":"https://fd13-photos.leclercdrive.fr/image.ashx?id=2940615&use=l&cat=p&typeid=i","cat":284680},{"id":227397,"n":"Croquettes Friskies  Dinde & legumes - 1.5kg","p":5.37,"u":"3,58 €/KG","img":"https://fd13-photos.leclercdrive.fr/image.ashx?id=2699621&use=l&cat=p&typeid=i","cat":284680},{"id":227400,"n":"Croquettes chat Friskies Saumon et legumes - 1.5 kg","p":5.39,"u":"3,59 €/KG","img":"https://fd13-photos.leclercdrive.fr/image.ashx?id=2940600&use=l&cat=p&typeid=i","cat":284680},{"id":227409,"n":"Gel douche Le Petit Marseillais Mangue Bio et passion 650ml","p":3.99,"u":"6,14 €/L","img":"https://fd13-photos.leclercdrive.fr/image.ashx?id=2700497&use=l&cat=p&typeid=i","cat":284594},{"id":227411,"n":"Dentifrice Sensodyne  Soin blancheur - 2x75ml","p":5.46,"u":"18,20 €/L","img":"https://fd13-photos.leclercdrive.fr/image.ashx?id=3000378&use=l&cat=p&typeid=i","cat":284612},{"id":227426,"n":"Boîte mouchoirs Lotus Classic+ - Pur Blanc - 2x80","p":3.02,"u":"0,02 €/P","img":"https://fd13-photos.leclercdrive.fr/image.ashx?id=2700701&use=l&cat=p&typeid=i","cat":284638},{"id":227427,"n":"Boîte mouchoirs Lotus Classic+ - Pur Blanc - x130","p":2.48,"u":"0,02 €/P","img":"https://fd13-photos.leclercdrive.fr/image.ashx?id=2700704&use=l&cat=p&typeid=i","cat":284638},{"id":227448,"n":"Céréales Crunch 375g","p":2.67,"u":"7,12 €/KG","img":"https://fd13-photos.leclercdrive.fr/image.ashx?id=2939760&use=l&cat=p&typeid=i","cat":309513},{"id":227506,"n":"Capsule Nescafé Farmers Origins  India Int 9 - x18","p":4.32,"u":"54,68 €/KG","img":"https://fd13-photos.leclercdrive.fr/image.ashx?id=2700791&use=l&cat=p&typeid=i","cat":284749},{"id":227507,"n":"Capsule Nescafé Farmers Origins  India Int 9 - x10","p":2.39,"u":"54,32 €/KG","img":"https://fd13-photos.leclercdrive.fr/image.ashx?id=2952169&use=l&cat=p&typeid=i","cat":284749},{"id":227512,"n":"Chips Savour  Sel de guerande - 120g","p":1.48,"u":"12,33 €/KG","img":"https://fd13-photos.leclercdrive.fr/image.ashx?id=2743828&use=l&cat=p&typeid=i","cat":284447},{"id":227514,"n":"Chips Savour Sweet Chili - 120g","p":1.79,"u":"14,92 €/KG","img":"https://fd13-photos.leclercdrive.fr/image.ashx?id=2743825&use=l&cat=p&typeid=i","cat":284447},{"id":227515,"n":"Chips Savour Vinaigre de cidre - 120g","p":1.71,"u":"14,25 €/KG","img":"https://fd13-photos.leclercdrive.fr/image.ashx?id=2743822&use=l&cat=p&typeid=i","cat":284447},{"id":227516,"n":"Chips Savour Cheddar & Ciboulette - 120g","p":1.75,"u":"14,58 €/KG","img":"https://fd13-photos.leclercdrive.fr/image.ashx?id=2743819&use=l&cat=p&typeid=i","cat":284447},{"id":227520,"n":"Chips Lay's Sel & vinaigre - 130g","p":1.33,"u":"10,23 €/KG","img":"https://fd13-photos.leclercdrive.fr/image.ashx?id=3011161&use=l&cat=p&typeid=i","cat":284447},{"id":227528,"n":"Chips Lay's Poulet - 135g","p":1.24,"u":"9,19 €/KG","img":"https://fd13-photos.leclercdrive.fr/image.ashx?id=2995079&use=l&cat=p&typeid=i","cat":284447},{"id":227532,"n":"Chips Lay's Barbecue - 250g","p":2.13,"u":"8,52 €/KG","img":"https://fd13-photos.leclercdrive.fr/image.ashx?id=2994488&use=l&cat=p&typeid=i","cat":284447},{"id":227534,"n":"Chips Lay's Barbecue - 135g","p":1.16,"u":"8,59 €/KG","img":"https://fd13-photos.leclercdrive.fr/image.ashx?id=2994485&use=l&cat=p&typeid=i","cat":284447},{"id":227542,"n":"Croquettes pour chien Friskies Vitafit 12kg","p":25.67,"u":"2,14 €/KG","img":"https://fd13-photos.leclercdrive.fr/image.ashx?id=2986987&use=l&cat=p&typeid=i","cat":284672},{"id":227563,"n":"Serviettes Fuites urinaires  Always Discreet - Normal - x30","p":9.35,"u":"0,31 €/P","img":"https://fd13-photos.leclercdrive.fr/image.ashx?id=2700806&use=l&cat=p&typeid=i","cat":284628},{"id":227592,"n":"Jambon cru Serrano Aoste 6 tranches - 100g","p":3.91,"u":"39,10 €/KG","img":"https://fd13-photos.leclercdrive.fr/image.ashx?id=2937184&use=l&cat=p&typeid=i","cat":316007},{"id":227595,"n":"Jambon Fleury Michon  Simplement Bon x10 - 350g","p":4.35,"u":"12,43 €/KG","img":"https://fd13-photos.leclercdrive.fr/image.ashx?id=2842699&use=l&cat=p&typeid=i","cat":316009},{"id":227600,"n":"Croquettes chat Friskies Boeuf, poulet et légumes - 3kg","p":10.22,"u":"3,41 €/KG","img":"https://fd13-photos.leclercdrive.fr/image.ashx?id=2940603&use=l&cat=p&typeid=i","cat":284680},{"id":227629,"n":"Barres chocolatées Snickers x7 - 350g","p":3.29,"u":"9,40 €/KG","img":"https://fd13-photos.leclercdrive.fr/image.ashx?id=2701040&use=l&cat=p&typeid=i","cat":284498},{"id":227632,"n":"Liqueur au rhum HSE arrangé Ananas thé vert citron - 70cl","p":16.05,"u":"22,93 €/L","img":"https://fd13-photos.leclercdrive.fr/image.ashx?id=2954812&use=l&cat=p&typeid=i","cat":286032},{"id":227634,"n":"Liqueur au rhum HSE arrangé Orange citron - 70cl","p":16.12,"u":"23,03 €/L","img":"https://fd13-photos.leclercdrive.fr/image.ashx?id=2962278&use=l&cat=p&typeid=i","cat":286032},{"id":227642,"n":"Dragées chocolatées M&M's  Crispy riz soufflé 36g","p":0.76,"u":"21,11 €/KG","img":"https://fd13-photos.leclercdrive.fr/image.ashx?id=2937781&use=l&cat=p&typeid=i","cat":304238},{"id":227657,"n":"Soda Fanta Orange Sans Sucres  Canette - Pack 6x33cl","p":3.26,"u":"1,65 €/L","img":"https://fd13-photos.leclercdrive.fr/image.ashx?id=2701361&use=l&cat=p&typeid=i","cat":284532},{"id":227669,"n":"Boisson Gazeuse Maison Perrier Chic Roséllini 4x25cl","p":2.85,"u":"2,85 €/L","img":"https://fd13-photos.leclercdrive.fr/image.ashx?id=2701403&use=l&cat=p&typeid=i","cat":284536},{"id":227671,"n":"Bière aromatisée Desperados Tropical -  6X33cl","p":8.8,"u":"4,44 €/L","img":"https://fd13-photos.leclercdrive.fr/image.ashx?id=2701142&use=l&cat=p&typeid=i","cat":334878},{"id":227674,"n":"Bière blonde Abbaye Alveringem 75cl","p":3.19,"u":"4,25 €/L","img":"https://fd13-photos.leclercdrive.fr/image.ashx?id=2699935&use=l&cat=p&typeid=i","cat":334852},{"id":227684,"n":"Barres chocolatées Twix x7 - 350g","p":3.22,"u":"9,20 €/KG","img":"https://fd13-photos.leclercdrive.fr/image.ashx?id=2701028&use=l&cat=p&typeid=i","cat":284498},{"id":227690,"n":"Parfum de linge Lenor Ambre orchidée x19D - 235g","p":6.57,"u":"27,96 €/KG","img":"https://fd13-photos.leclercdrive.fr/image.ashx?id=2839457&use=l&cat=p&typeid=i","cat":325302},{"id":227702,"n":"Fromage enfant La Vache qui rit Pik&Croq 8 portions - 280g","p":3.32,"u":"11,86 €/KG","img":"https://fd13-photos.leclercdrive.fr/image.ashx?id=2945436&use=l&cat=p&typeid=i","cat":314030},{"id":227716,"n":"Mouchoirs miniétuits Le Trèfle  Douceur Bambou - x10","p":2.45,"u":"0,25 €/P","img":"https://fd13-photos.leclercdrive.fr/image.ashx?id=2792996&use=l&cat=p&typeid=i","cat":284638},{"id":227719,"n":"Jambon cuit supérieur découenné L'Atelier Charcuterie x4 - 220g","p":3.8,"u":"17,27 €/KG","img":"https://fd13-photos.leclercdrive.fr/image.ashx?id=2907413&use=l&cat=p&typeid=i","cat":316009},{"id":227731,"n":"Céréales Nesquik  375g","p":2.69,"u":"7,17 €/KG","img":"https://fd13-photos.leclercdrive.fr/image.ashx?id=2977411&use=l&cat=p&typeid=i","cat":309513},{"id":227733,"n":"Compotes gourdes Pom'potes Les P'tits explorateurs  12x90g","p":5.5,"u":"5,09 €/KG","img":"https://fd13-photos.leclercdrive.fr/image.ashx?id=3010957&use=l&cat=p&typeid=i","cat":284508},{"id":227736,"n":"Compotes gourdes Pom'potes Bio pomme - 600g","p":2.97,"u":"4,95 €/KG","img":"https://fd13-photos.leclercdrive.fr/image.ashx?id=2701590&use=l&cat=p&typeid=i","cat":284508},{"id":227737,"n":"Capsule Nescafé Farmers Origins  Colombia Int 6 - x10","p":2.86,"u":"65,00 €/KG","img":"https://fd13-photos.leclercdrive.fr/image.ashx?id=2701968&use=l&cat=p&typeid=i","cat":284749},{"id":227739,"n":"Capsule Nescafé Farmers Origins  Colombia Décaféiné Int 6 - x10","p":2.84,"u":"53,58 €/KG","img":"https://fd13-photos.leclercdrive.fr/image.ashx?id=2701977&use=l&cat=p&typeid=i","cat":284749},{"id":227743,"n":"Capsule Nescafé Farmers Origins  Colombia Int 6 - x18","p":4.75,"u":"60,13 €/KG","img":"https://fd13-photos.leclercdrive.fr/image.ashx?id=2701971&use=l&cat=p&typeid=i","cat":284749},{"id":227744,"n":"Capsule Nescafé Farmers Origins  Andes Int 5 - x10","p":2.78,"u":"63,18 €/KG","img":"https://fd13-photos.leclercdrive.fr/image.ashx?id=2701965&use=l&cat=p&typeid=i","cat":284749},{"id":227754,"n":"Glenmorangie triple cask 40° - 70cl","p":28.09,"u":"40,13 €/L","img":"https://fd13-photos.leclercdrive.fr/image.ashx?id=2701911&use=l&cat=p&typeid=i","cat":284547},{"id":227767,"n":"Gel douche Men Expert Barber club - 300ml","p":2.97,"u":"9,90 €/L","img":"https://fd13-photos.leclercdrive.fr/image.ashx?id=3008773&use=l&cat=p&typeid=i","cat":284619},{"id":227780,"n":"Liqueur GET Menthe & Citrons 17,9° - 70cl","p":12.99,"u":"18,56 €/L","img":"https://fd13-photos.leclercdrive.fr/image.ashx?id=2840629&use=l&cat=p&typeid=i","cat":286032},{"id":227789,"n":"Chips Lay's  Poulet - 250g","p":2.13,"u":"8,52 €/KG","img":"https://fd13-photos.leclercdrive.fr/image.ashx?id=2999952&use=l&cat=p&typeid=i","cat":284447},{"id":227819,"n":"Biscotte Pasquier Blé complet x64 - 550g","p":2.7,"u":"4,91 €/KG","img":"https://fd13-photos.leclercdrive.fr/image.ashx?id=2702807&use=l&cat=p&typeid=i","cat":284479},{"id":227831,"n":"Spray Nettoyant Menager Cif  Anti-calcaire Universel 750 ml","p":2.19,"u":"2,92 €/L","img":"https://fd13-photos.leclercdrive.fr/image.ashx?id=2890520&use=l&cat=p&typeid=i","cat":325362},{"id":227838,"n":"Yaourt hyperprotéiné Sport  Vanille - 4x120g","p":2.65,"u":"5,52 €/P","img":"https://fd13-photos.leclercdrive.fr/image.ashx?id=3009544&use=l&cat=p&typeid=i","cat":315000},{"id":227840,"n":"Yaourt hyperprotéiné Sport Coco - 4x120g","p":2.65,"u":"5,76 €/P","img":"https://fd13-photos.leclercdrive.fr/image.ashx?id=3009550&use=l&cat=p&typeid=i","cat":315000},{"id":227884,"n":"Bâtonnet Magnum White choco Cookie - x3 - 222g","p":2.57,"u":"11,58 €/KG","img":"https://fd13-photos.leclercdrive.fr/image.ashx?id=2793071&use=l&cat=p&typeid=i","cat":284265},{"id":227894,"n":"Bâtonnet Magnum Caramel salé Amandes x3 - 222g","p":2.88,"u":"12,97 €/KG","img":"https://fd13-photos.leclercdrive.fr/image.ashx?id=2793038&use=l&cat=p&typeid=i","cat":284265},{"id":227895,"n":"Bâtonnet Magnum Intense Dark x3 - 222g","p":2.79,"u":"12,68 €/KG","img":"https://fd13-photos.leclercdrive.fr/image.ashx?id=2769883&use=l&cat=p&typeid=i","cat":284265},{"id":227896,"n":"Glace Carte d'Or Les Essentiels Vanille de Madagascar 700ml","p":2.7,"pp":2.03,"u":"5,53 €/KG","img":"https://fd13-photos.leclercdrive.fr/image.ashx?id=2831149&use=l&cat=p&typeid=i","cat":284263},{"id":227897,"n":"Glace Bâtonnet MAGNUM Amande 4x100ml","p":2.82,"u":"9,40 €/KG","img":"https://fd13-photos.leclercdrive.fr/image.ashx?id=2849364&use=l&cat=p&typeid=i","cat":284265},{"id":227898,"n":"Bâtonnet Magnum Classic x4 - 300g","p":3.15,"u":"10,50 €/KG","img":"https://fd13-photos.leclercdrive.fr/image.ashx?id=2966794&use=l&cat=p&typeid=i","cat":284265},{"id":227900,"n":"Glace Bâtonnet MAGNUM Chocolat Blanc 4x100ml","p":3.14,"u":"10,68 €/KG","img":"https://fd13-photos.leclercdrive.fr/image.ashx?id=3011944&use=l&cat=p&typeid=i","cat":284265},{"id":227902,"n":"Batonnets glace Magnum Chocolat Blanc Amande x4 - 300g","p":3.32,"u":"11,07 €/KG","img":"https://fd13-photos.leclercdrive.fr/image.ashx?id=3009296&use=l&cat=p&typeid=i","cat":284265},{"id":227903,"n":"Glace Bâtonnet MAGNUM Amande 8x100ml","p":5.48,"u":"9,13 €/KG","img":"https://fd13-photos.leclercdrive.fr/image.ashx?id=3009299&use=l&cat=p&typeid=i","cat":284265},{"id":227904,"n":"Glace Bâtonnet MAGNUM Classique 8x100ml","p":5.42,"u":"9,03 €/KG","img":"https://fd13-photos.leclercdrive.fr/image.ashx?id=2974057&use=l&cat=p&typeid=i","cat":284265},{"id":227906,"n":"Glace Bâtonnet Mini MAGNUM Amande 6x55ml","p":2.71,"u":"10,19 €/KG","img":"https://fd13-photos.leclercdrive.fr/image.ashx?id=2843544&use=l&cat=p&typeid=i","cat":284265},{"id":227933,"n":"Chewing-gum Freedent Refresher  fraise citron x8 - 17g","p":1.01,"u":"59,41 €/KG","img":"https://fd13-photos.leclercdrive.fr/image.ashx?id=2833915&use=l&cat=p&typeid=i","cat":304251},{"id":227935,"n":"Chewing-gum Freedent Refreshers Bubble menthe x8 -17g","p":1.01,"u":"56,11 €/KG","img":"https://fd13-photos.leclercdrive.fr/image.ashx?id=2863785&use=l&cat=p&typeid=i","cat":304251},{"id":227963,"n":"Tartines croustillantes Wasa Flocons d'avoine - 265g","p":2.87,"u":"10,83 €/KG","img":"https://fd13-photos.leclercdrive.fr/image.ashx?id=2749527&use=l&cat=p&typeid=i","cat":284479},{"id":227964,"n":"Tartines croustillantes Wasa Sensation graines de chia -245g","p":2.82,"u":"11,51 €/KG","img":"https://fd13-photos.leclercdrive.fr/image.ashx?id=2749524&use=l&cat=p&typeid=i","cat":284479},{"id":227966,"n":"Compotes goudes Pom'Potes Pomme framboise Goyave - 360g","p":2.15,"u":"5,97 €/KG","img":"https://fd13-photos.leclercdrive.fr/image.ashx?id=2703708&use=l&cat=p&typeid=i","cat":284508},{"id":227967,"n":"Compotes gourges Pom'Potes Pomme pêche carotte 360g","p":2.15,"u":"5,97 €/KG","img":"https://fd13-photos.leclercdrive.fr/image.ashx?id=2703705&use=l&cat=p&typeid=i","cat":284508},{"id":228102,"n":"Thé glacé Lipton Ice Tea Pêche Sans sucres - bouteille 1.75l","p":2.18,"u":"1,25 €/L","img":"https://fd13-photos.leclercdrive.fr/image.ashx?id=2857060&use=l&cat=p&typeid=i","cat":295019},{"id":228103,"n":"Thé glacé Lipton Ice Tea Pêche Zéro sucres - canettes 6x33cl","p":3.58,"u":"1,81 €/L","img":"https://fd13-photos.leclercdrive.fr/image.ashx?id=2959442&use=l&cat=p&typeid=i","cat":295019},{"id":228129,"n":"Assortiment mochis glacés Tables du Monde x6 - 210g","p":4.53,"u":"21,57 €/KG","img":"https://fd13-photos.leclercdrive.fr/image.ashx?id=2703673&use=l&cat=p&typeid=i","cat":284266},{"id":228179,"n":"IGP Méditerranée vin rosé Studio by Miraval - 1.5L","p":21.35,"u":"14,23 €/L","img":"https://fd13-photos.leclercdrive.fr/image.ashx?id=2990538&use=l&cat=p&typeid=i","cat":289558},{"id":228192,"n":"Coca-cola sans sucre Sans caféine  - 6x20cl","p":3.61,"u":"3,01 €/L","img":"https://fd13-photos.leclercdrive.fr/image.ashx?id=3009062&use=l&cat=p&typeid=i","cat":284530},{"id":228193,"n":"Tropico original Orange ananas - 1.75L","p":2.18,"u":"1,25 €/L","img":"https://fd13-photos.leclercdrive.fr/image.ashx?id=2705731&use=l&cat=p&typeid=i","cat":295018},{"id":228194,"n":"Thé glacé Oasis Ice Tea Saveur Mangue Passion - 1,5L","p":1.85,"u":"1,23 €/L","img":"https://fd13-photos.leclercdrive.fr/image.ashx?id=2705040&use=l&cat=p&typeid=i","cat":295019},{"id":228198,"n":"Sirop Frucci Grenadine - 1.3L","p":3.28,"u":"2,52 €/L","img":"https://fd13-photos.leclercdrive.fr/image.ashx?id=2909921&use=l&cat=p&typeid=i","cat":295020},{"id":228199,"n":"Sirop Frucci Menthe - 1.3L","p":3.02,"u":"2,32 €/L","img":"https://fd13-photos.leclercdrive.fr/image.ashx?id=2898038&use=l&cat=p&typeid=i","cat":295020},{"id":228205,"n":"Nettoyant ménager AJAX Air frais coquelicots - 1.25L","p":2.28,"u":"1,82 €/L","img":"https://fd13-photos.leclercdrive.fr/image.ashx?id=2944473&use=l&cat=p&typeid=i","cat":284907},{"id":228263,"n":"Collant mousse Tissaia Beige - T3 - x3","p":1.65,"img":"https://fd13-photos.leclercdrive.fr/image.ashx?id=2707371&use=l&cat=p&typeid=i","cat":334130},{"id":228269,"n":"Collant mousse Tissaïa Beige - T2 - x3","p":1.65,"img":"https://fd13-photos.leclercdrive.fr/image.ashx?id=2724889&use=l&cat=p&typeid=i","cat":334130},{"id":228270,"n":"Collant mousse Tissaïa Beige - T4 - x3","p":1.65,"img":"https://fd13-photos.leclercdrive.fr/image.ashx?id=2724898&use=l&cat=p&typeid=i","cat":334130},{"id":228274,"n":"Collant mousse Tissaïa Beige - T5 - x3","p":1.65,"img":"https://fd13-photos.leclercdrive.fr/image.ashx?id=2724904&use=l&cat=p&typeid=i","cat":334130},{"id":228287,"n":"Collant mousse Tissaïa Noir - T5 - x3","p":1.65,"img":"https://fd13-photos.leclercdrive.fr/image.ashx?id=2724901&use=l&cat=p&typeid=i","cat":334130},{"id":228301,"n":"Ampoule LED Foxter Standard B22 75w","p":5.99,"u":"Dont 0,29 € d'éco-part.","img":"https://fd13-photos.leclercdrive.fr/image.ashx?id=2706168&use=l&cat=p&typeid=i","cat":300573},{"id":228303,"n":"Ampoules led Eco+ Lot de 3 - Sphère E14 40w","p":4.5,"u":"Dont 0,86 € d'éco-part.","img":"https://fd13-photos.leclercdrive.fr/image.ashx?id=2706165&use=l&cat=p&typeid=i","cat":300573},{"id":228305,"n":"Ampoule tube LED1 Foxter G13 18w - x1","p":7.99,"u":"Dont 0,29 € d'éco-part.","img":"https://fd13-photos.leclercdrive.fr/image.ashx?id=2706174&use=l&cat=p&typeid=i","cat":300573},{"id":228306,"n":"Ampoule tube LED1 Foxter G13 36w - x1","p":10.99,"u":"Dont 0,29 € d'éco-part.","img":"https://fd13-photos.leclercdrive.fr/image.ashx?id=2706177&use=l&cat=p&typeid=i","cat":300573},{"id":228307,"n":"Ampoule led1 Capsule Foxter G9 40w","p":6.99,"u":"Dont 0,29 € d'éco-part.","img":"https://fd13-photos.leclercdrive.fr/image.ashx?id=2706180&use=l&cat=p&typeid=i","cat":300573},{"id":228309,"n":"Ampoule led1 tube Foxter S19 60w - x1","p":8.99,"u":"Dont 0,29 € d'éco-part.","img":"https://fd13-photos.leclercdrive.fr/image.ashx?id=2706183&use=l&cat=p&typeid=i","cat":300573},{"id":228396,"n":"Thé glacé Lipton Ice Tea Pêche - 6x33cl","p":2.93,"u":"1,48 €/L","img":"https://fd13-photos.leclercdrive.fr/image.ashx?id=2852471&use=l&cat=p&typeid=i","cat":295019},{"id":228406,"n":"Mini bâtonnet glace Trium  Rocher vanille Pecan x4 - 214g","p":2.99,"u":"13,97 €/KG","img":"https://fd13-photos.leclercdrive.fr/image.ashx?id=2911726&use=l&cat=p&typeid=i","cat":284265},{"id":228460,"n":"Capsules lave-vaisselle Sun Tout-en-1 Absolu Plus 390g x26","p":7.9,"u":"20,26 €/KG","img":"https://fd13-photos.leclercdrive.fr/image.ashx?id=2960282&use=l&cat=p&typeid=i","cat":284656},{"id":228461,"n":"Spray Nettoyant Menager Cif  Cleanboost Technology - 750 ml","p":2.13,"u":"2,84 €/L","img":"https://fd13-photos.leclercdrive.fr/image.ashx?id=2866214&use=l&cat=p&typeid=i","cat":325357},{"id":228462,"n":"Spray Nettoyant 5-en-1 Cif Cuisine & Salle de Bain 750ml","p":2.14,"u":"2,85 €/L","img":"https://fd13-photos.leclercdrive.fr/image.ashx?id=2999336&use=l&cat=p&typeid=i","cat":325357},{"id":228463,"n":"Liquide vaisselle mini Paic Citron - 500ml","p":1.14,"u":"2,28 €/L","img":"https://fd13-photos.leclercdrive.fr/image.ashx?id=2708020&use=l&cat=p&typeid=i","cat":284655},{"id":228464,"n":"Recharge Adoucissant Soupline Grand Air - 1L - x45","p":3.41,"u":"3,41 €/L","img":"https://fd13-photos.leclercdrive.fr/image.ashx?id=2860598&use=l&cat=p&typeid=i","cat":284650},{"id":228465,"n":"Nettoyant ménager Ajax Fête des fleurs muguets 1.25L","p":2.79,"u":"2,23 €/L","img":"https://fd13-photos.leclercdrive.fr/image.ashx?id=2926072&use=l&cat=p&typeid=i","cat":284907},{"id":228466,"n":"Liquide vaisselle et mains Paic Citron - 500ml","p":2.06,"u":"4,12 €/L","img":"https://fd13-photos.leclercdrive.fr/image.ashx?id=2708038&use=l&cat=p&typeid=i","cat":284655},{"id":228467,"n":"Spray nettoyant ménager Ajax Salle de bain - 500ml","p":2.68,"u":"5,36 €/L","img":"https://fd13-photos.leclercdrive.fr/image.ashx?id=2708041&use=l&cat=p&typeid=i","cat":325357},{"id":228469,"n":"Perles de linge Soupline Grand Air - 230g","p":6.9,"u":"30,00 €/KG","img":"https://fd13-photos.leclercdrive.fr/image.ashx?id=2708032&use=l&cat=p&typeid=i","cat":325302},{"id":228473,"n":"Déodorant Bulldog Original - 125ml","p":4.63,"u":"37,04 €/L","img":"https://fd13-photos.leclercdrive.fr/image.ashx?id=2708259&use=l&cat=p&typeid=i","cat":284595},{"id":228477,"n":"Brosse à dents Signal Triple Action - Medium - x4","p":1.52,"u":"0,38 €/P","img":"https://fd13-photos.leclercdrive.fr/image.ashx?id=2708310&use=l&cat=p&typeid=i","cat":284614},{"id":228480,"n":"Gel Douche Dove Advanced Care Nutrition Intense 225ml","p":2.98,"u":"13,24 €/L","img":"https://fd13-photos.leclercdrive.fr/image.ashx?id=2968580&use=l&cat=p&typeid=i","cat":284594},{"id":228481,"n":"Gel Douche Dove Advanced Care Nutrition Intense 400ml","p":4.3,"u":"10,75 €/L","img":"https://fd13-photos.leclercdrive.fr/image.ashx?id=2991036&use=l&cat=p&typeid=i","cat":284594},{"id":228483,"n":"Gel douche Dove Hydratant - 720ml","p":4.75,"u":"6,60 €/L","img":"https://fd13-photos.leclercdrive.fr/image.ashx?id=2738701&use=l&cat=p&typeid=i","cat":284594},{"id":228484,"n":"Gel Douche Dove Hydratant 450ml","p":3.83,"u":"8,51 €/L","img":"https://fd13-photos.leclercdrive.fr/image.ashx?id=2993499&use=l&cat=p&typeid=i","cat":284594},{"id":228490,"n":"Lessive liquide Le Chat  L'Expert bicarbonate x66 -2.97L","p":15.68,"u":"5,28 €/L","img":"https://fd13-photos.leclercdrive.fr/image.ashx?id=2877781&use=l&cat=p&typeid=i","cat":284640},{"id":228499,"n":"Lessive liquide X-tra Total 4 en 1 x63 - 2.835L","p":8.69,"u":"3,07 €/L","img":"https://fd13-photos.leclercdrive.fr/image.ashx?id=2921561&use=l&cat=p&typeid=i","cat":284640},{"id":228501,"n":"Lessive liquide X-tra Total Savon de Marseille x63  -2.835L","p":9.58,"u":"3,38 €/L","img":"https://fd13-photos.leclercdrive.fr/image.ashx?id=2921564&use=l&cat=p&typeid=i","cat":284640},{"id":228503,"n":"Recharge lessive Maison Verte Huiles essentielles x33 -1.485L","p":6.9,"u":"4,65 €/L","img":"https://fd13-photos.leclercdrive.fr/image.ashx?id=2890625&use=l&cat=p&typeid=i","cat":284644},{"id":228509,"n":"Lessive liquide Mir Laine Textile délicat x27 - 1.35L","p":5.47,"u":"4,05 €/L","img":"https://fd13-photos.leclercdrive.fr/image.ashx?id=2890118&use=l&cat=p&typeid=i","cat":284644},{"id":228511,"n":"Lessive liquide Maison Verte Fraîcheur d'été - 1.485L x33","p":7.24,"u":"4,88 €/L","img":"https://fd13-photos.leclercdrive.fr/image.ashx?id=2890121&use=l&cat=p&typeid=i","cat":284640},{"id":228567,"n":"Tequila Don Julio Blanco 38° - 70cl","p":38.5,"pp":34.65,"u":"49,50 €/L","img":"https://fd13-photos.leclercdrive.fr/image.ashx?id=2785034&use=l&cat=p&typeid=i","cat":284550},{"id":228619,"n":"Piles alcalines Energizer Max AA/LR06 - Pack de 8","p":8.9,"u":"1,11 €/P","img":"https://fd13-photos.leclercdrive.fr/image.ashx?id=2710416&use=l&cat=p&typeid=i","cat":300572},{"id":228631,"n":"Soda Coca-Cola Sans Sucres Canette - Pack 6x20CL","p":3.47,"u":"2,89 €/L","img":"https://fd13-photos.leclercdrive.fr/image.ashx?id=2709352&use=l&cat=p&typeid=i","cat":284530},{"id":228685,"n":"Bière aromatisée cerise La Bête 8° - 6x25cl","p":8.07,"u":"5,38 €/L","img":"https://fd13-photos.leclercdrive.fr/image.ashx?id=2766731&use=l&cat=p&typeid=i","cat":334872},{"id":228702,"n":"Shampooing Head & Shoulders  Sébo régulateur - 625ml","p":13.76,"u":"22,02 €/L","img":"https://fd13-photos.leclercdrive.fr/image.ashx?id=2712163&use=l&cat=p&typeid=i","cat":284606},{"id":228762,"n":"Shampooing Head & Shoulders Pure intense - 625ml","p":9.14,"u":"14,62 €/L","img":"https://fd13-photos.leclercdrive.fr/image.ashx?id=2878459&use=l&cat=p&typeid=i","cat":284606},{"id":228862,"n":"Lait bébé Candia Baby croissance 3ème âge - 18x25cl","p":10.55,"u":"2,34 €/L","img":"https://fd13-photos.leclercdrive.fr/image.ashx?id=2963367&use=l&cat=p&typeid=i","cat":284728},{"id":228932,"n":"Lait croissance Guigoz Optipro 3 - 6x500ml","p":8.97,"u":"2,99 €/L","img":"https://fd13-photos.leclercdrive.fr/image.ashx?id=2712139&use=l&cat=p&typeid=i","cat":284728},{"id":228934,"n":"P'tit brassé Pomme  Nestlé Framboise céréale 2X115g","p":1.69,"u":"7,35 €/KG","img":"https://fd13-photos.leclercdrive.fr/image.ashx?id=2712130&use=l&cat=p&typeid=i","cat":312392},{"id":228940,"n":"Naturnes Nestlé Jardinière de légumes 2x190g","p":2.28,"u":"6,00 €/KG","img":"https://fd13-photos.leclercdrive.fr/image.ashx?id=2712124&use=l&cat=p&typeid=i","cat":312235},{"id":228948,"n":"Biscuits Mulino Bianco Nascondini - 330g","p":4.92,"u":"14,91 €/KG","img":"https://fd13-photos.leclercdrive.fr/image.ashx?id=2850258&use=l&cat=p&typeid=i","cat":289010},{"id":228950,"n":"Biscuits Mulino Bianco Macine - 350g","p":2.86,"u":"8,17 €/KG","img":"https://fd13-photos.leclercdrive.fr/image.ashx?id=2880567&use=l&cat=p&typeid=i","cat":289010},{"id":228952,"n":"Biscuits Mulino Bianco Galetti - 350g","p":3.58,"u":"10,23 €/KG","img":"https://fd13-photos.leclercdrive.fr/image.ashx?id=2850252&use=l&cat=p&typeid=i","cat":289010},{"id":228957,"n":"Dessert P'tit brassé  Mini banane - 300g","p":1.74,"u":"5,80 €/KG","img":"https://fd13-photos.leclercdrive.fr/image.ashx?id=2958203&use=l&cat=p&typeid=i","cat":312392},{"id":228963,"n":"Thé noir en vrac Lipton à l'Orange d'Espagne - 150g","p":7.02,"u":"46,80 €/KG","img":"https://fd13-photos.leclercdrive.fr/image.ashx?id=2746316&use=l&cat=p&typeid=i","cat":293234},{"id":228972,"n":"Chips Tortilla Doritos Cheese - 250g","p":2.61,"u":"10,44 €/KG","img":"https://fd13-photos.leclercdrive.fr/image.ashx?id=2901788&use=l&cat=p&typeid=i","cat":287899},{"id":228976,"n":"Infusion Saveurs du soir Lipton Grand sud - 32g","p":1.19,"u":"37,19 €/KG","img":"https://fd13-photos.leclercdrive.fr/image.ashx?id=2718741&use=l&cat=p&typeid=i","cat":293234},{"id":228992,"n":"Thé vert Lipton Bio  x20 - 28g","p":2.91,"u":"103,93 €/KG","img":"https://fd13-photos.leclercdrive.fr/image.ashx?id=2739405&use=l&cat=p&typeid=i","cat":293233},{"id":228995,"n":"Coffret thé noir Lipton Sensations x50 - 82g","p":9.5,"pp":6.65,"u":"81,10 €/KG","img":"https://fd13-photos.leclercdrive.fr/image.ashx?id=2719636&use=l&cat=p&typeid=i","cat":293233},{"id":229002,"n":"Chips Tuiles Pringles HOT Flamin' Cheese - 160g","p":2.0,"u":"12,50 €/KG","img":"https://fd13-photos.leclercdrive.fr/image.ashx?id=2927609&use=l&cat=p&typeid=i","cat":287899},{"id":229009,"n":"Kit Tacos Old El Paso Street Vibes al pastor - 257g","p":3.82,"u":"14,86 €/KG","img":"https://fd13-photos.leclercdrive.fr/image.ashx?id=2764634&use=l&cat=p&typeid=i","cat":288993},{"id":229011,"n":"Mini tortillas Old El Paso Street Vibes x8 - 220g","p":1.66,"u":"7,55 €/KG","img":"https://fd13-photos.leclercdrive.fr/image.ashx?id=2858288&use=l&cat=p&typeid=i","cat":288993},{"id":229013,"n":"Sauce Keralan coconut  The Spice Tailor - 225g","p":4.8,"u":"21,33 €/KG","img":"https://fd13-photos.leclercdrive.fr/image.ashx?id=2722102&use=l&cat=p&typeid=i","cat":289012},{"id":229029,"n":"Tomates entières Alro 400g","p":1.21,"u":"5,04 €/KG","img":"https://fd13-photos.leclercdrive.fr/image.ashx?id=2994545&use=l&cat=p&typeid=i","cat":289010},{"id":229037,"n":"Sauce thai green curry  Sharwood's Cooking - 415g","p":3.15,"u":"7,59 €/KG","img":"https://fd13-photos.leclercdrive.fr/image.ashx?id=2792897&use=l&cat=p&typeid=i","cat":288992},{"id":229041,"n":"Sauce pot japanese Sharwood's 415g","p":3.45,"u":"8,31 €/KG","img":"https://fd13-photos.leclercdrive.fr/image.ashx?id=2792894&use=l&cat=p&typeid=i","cat":288992},{"id":229044,"n":"Mini naans Sharwood's  X4 - 260g","p":3.75,"u":"14,42 €/KG","img":"https://fd13-photos.leclercdrive.fr/image.ashx?id=2850165&use=l&cat=p&typeid=i","cat":289012},{"id":229045,"n":"Sauce de piment Mei Asia Sriracha - 455ml","p":3.42,"u":"7,52 €/L","img":"https://fd13-photos.leclercdrive.fr/image.ashx?id=2750039&use=l&cat=p&typeid=i","cat":288992},{"id":229056,"n":"Nouilles instantanées Tanoshi Blé curry - sachet 85g","p":1.18,"u":"13,88 €/KG","img":"https://fd13-photos.leclercdrive.fr/image.ashx?id=2912053&use=l&cat=p&typeid=i","cat":288992},{"id":229058,"n":"Nouilles instantannées Tanoshi Blé canard - sachet 85g","p":0.94,"u":"11,06 €/KG","img":"https://fd13-photos.leclercdrive.fr/image.ashx?id=2906187&use=l&cat=p&typeid=i","cat":288992},{"id":229059,"n":"Nouilles instantannées Tanoshi Blé crevette- sachet 85g","p":1.11,"u":"13,06 €/KG","img":"https://fd13-photos.leclercdrive.fr/image.ashx?id=2912047&use=l&cat=p&typeid=i","cat":288992},{"id":229062,"n":"Nouilles Ramen Tanoshi Crevettes - 360g","p":3.52,"u":"9,78 €/KG","img":"https://fd13-photos.leclercdrive.fr/image.ashx?id=2731954&use=l&cat=p&typeid=i","cat":288992},{"id":229065,"n":"Sauce soja  Kikkoman 1L","p":11.16,"u":"11,16 €/L","img":"https://fd13-photos.leclercdrive.fr/image.ashx?id=2849373&use=l&cat=p&typeid=i","cat":288992},{"id":229072,"n":"Biscuits chocolats Kinder Duo Chocolat blanc et lait - 2x150g","p":4.13,"u":"13,77 €/KG","img":"https://fd13-photos.leclercdrive.fr/image.ashx?id=2718188&use=l&cat=p&typeid=i","cat":284488},{"id":229102,"n":"Capsule Nescafé Farmers Origins  Africas Int 10 - x18","p":4.32,"u":"54,68 €/KG","img":"https://fd13-photos.leclercdrive.fr/image.ashx?id=2714588&use=l&cat=p&typeid=i","cat":284749},{"id":229125,"n":"Ampoules led standard B22 60w - x3","p":3.69,"u":"Dont 0,86 € d'éco-part.","img":"https://fd13-photos.leclercdrive.fr/image.ashx?id=2713500&use=l&cat=p&typeid=i","cat":300573},{"id":229127,"n":"Ampoules led Flamme E14 40w - x3","p":3.99,"u":"Dont 0,86 € d'éco-part.","img":"https://fd13-photos.leclercdrive.fr/image.ashx?id=2713503&use=l&cat=p&typeid=i","cat":300573},{"id":229128,"n":"Nouilles Tanoshi Curry épicé cup de 65g","p":1.69,"u":"26,00 €/KG","img":"https://fd13-photos.leclercdrive.fr/image.ashx?id=2939442&use=l&cat=p&typeid=i","cat":288992},{"id":229132,"n":"Ampoule Led Standard B22 60w - x1","p":1.59,"u":"Dont 0,29 € d'éco-part.","img":"https://fd13-photos.leclercdrive.fr/image.ashx?id=2713509&use=l&cat=p&typeid=i","cat":300573},{"id":229134,"n":"Ampoule Led Standard B22 75w - x1","p":1.89,"u":"Dont 0,29 € d'éco-part.","img":"https://fd13-photos.leclercdrive.fr/image.ashx?id=2713515&use=l&cat=p&typeid=i","cat":300573},{"id":229137,"n":"Nouilles Tanoshi Poulet shitake cup de 65g","p":1.64,"u":"25,23 €/KG","img":"https://fd13-photos.leclercdrive.fr/image.ashx?id=2906208&use=l&cat=p&typeid=i","cat":288992},{"id":229153,"n":"Nouilles Pad Thai Mei Asia - 250g","p":2.46,"u":"9,84 €/KG","img":"https://fd13-photos.leclercdrive.fr/image.ashx?id=2714399&use=l&cat=p&typeid=i","cat":288992},{"id":229156,"n":"Vin efferverscent Perlino Prosecco brut - 75cl","p":7.5,"u":"10,00 €/L","img":"https://fd13-photos.leclercdrive.fr/image.ashx?id=2873333&use=l&cat=p&typeid=i","cat":289461},{"id":229157,"n":"Ampoules Led Flamme E14 25w - x1","p":1.77,"u":"Dont 0,29 € d'éco-part.","img":"https://fd13-photos.leclercdrive.fr/image.ashx?id=2713527&use=l&cat=p&typeid=i","cat":300573},{"id":229172,"n":"Ampoule Led Standard E27 40w - x1","p":1.27,"u":"Dont 0,29 € d'éco-part.","img":"https://fd13-photos.leclercdrive.fr/image.ashx?id=2713536&use=l&cat=p&typeid=i","cat":300573},{"id":229174,"n":"Ampoule Led Standard E27 40w - x1","p":1.79,"u":"Dont 0,29 € d'éco-part.","img":"https://fd13-photos.leclercdrive.fr/image.ashx?id=2713539&use=l&cat=p&typeid=i","cat":300573},{"id":229175,"n":"Ampoule Led Standard E27 60w - x1","p":1.57,"u":"Dont 0,29 € d'éco-part.","img":"https://fd13-photos.leclercdrive.fr/image.ashx?id=2713542&use=l&cat=p&typeid=i","cat":300573},{"id":229176,"n":"Ampoule LED Standard E27 60w - x1","p":1.99,"u":"Dont 0,29 € d'éco-part.","img":"https://fd13-photos.leclercdrive.fr/image.ashx?id=2713545&use=l&cat=p&typeid=i","cat":300573},{"id":229177,"n":"Ampoule Led Standard E27 60w - x1","p":1.99,"u":"Dont 0,29 € d'éco-part.","img":"https://fd13-photos.leclercdrive.fr/image.ashx?id=2713548&use=l&cat=p&typeid=i","cat":300573},{"id":229183,"n":"Ampoule Led Spot E27 40w - x1","p":3.69,"u":"Dont 0,29 € d'éco-part.","img":"https://fd13-photos.leclercdrive.fr/image.ashx?id=2713557&use=l&cat=p&typeid=i","cat":300573},{"id":229184,"n":"Ampoule Led Capsule G4 15w - x2","p":3.99,"u":"Dont 0,58 € d'éco-part.","img":"https://fd13-photos.leclercdrive.fr/image.ashx?id=2713560&use=l&cat=p&typeid=i","cat":300573},{"id":229186,"n":"Ampoules Led Capsule G9 40w - x2","p":5.99,"u":"Dont 0,58 € d'éco-part.","img":"https://fd13-photos.leclercdrive.fr/image.ashx?id=2713563&use=l&cat=p&typeid=i","cat":300573},{"id":229224,"n":"Glace pâte à tartiner Nutella 230g","p":3.87,"u":"16,83 €/KG","img":"https://fd13-photos.leclercdrive.fr/image.ashx?id=2905672&use=l&cat=p&typeid=i","cat":284725},{"id":229286,"n":"Bière \"Slash\" Citrus 4.5% vol. - 50cl","p":1.96,"u":"3,92 €/L","img":"https://fd13-photos.leclercdrive.fr/image.ashx?id=2716222&use=l&cat=p&typeid=i","cat":334853},{"id":229288,"n":"Glace Carte d'Or Café - 374g","p":2.82,"pp":2.13,"u":"5,70 €/KG","img":"https://fd13-photos.leclercdrive.fr/image.ashx?id=2973348&use=l&cat=p&typeid=i","cat":284263},{"id":229289,"n":"Glace Carte d'Or Chocolat Noir - 374g","p":2.69,"pp":2.11,"u":"5,64 €/KG","img":"https://fd13-photos.leclercdrive.fr/image.ashx?id=2849370&use=l&cat=p&typeid=i","cat":284263},{"id":229291,"n":"Glace Carte d'Or Rhum raisin - 394g","p":2.92,"pp":2.16,"u":"5,48 €/KG","img":"https://fd13-photos.leclercdrive.fr/image.ashx?id=3009305&use=l&cat=p&typeid=i","cat":284263},{"id":229293,"n":"Crème Glacée Carte D'Or crème  de Vanille de Madagascar 700ml","p":3.27,"pp":2.35,"u":"6,40 €/KG","img":"https://fd13-photos.leclercdrive.fr/image.ashx?id=2793062&use=l&cat=p&typeid=i","cat":284263},{"id":229325,"n":"Bière Leffe Ruby 5% - 50cl canette","p":1.69,"u":"3,38 €/L","img":"https://fd13-photos.leclercdrive.fr/image.ashx?id=2716657&use=l&cat=p&typeid=i","cat":334853},{"id":229368,"n":"Recharge spray Glade  Relaxing Zen - 269ml","p":4.87,"u":"18,10 €/L","img":"https://fd13-photos.leclercdrive.fr/image.ashx?id=2716612&use=l&cat=p&typeid=i","cat":311629},{"id":229394,"n":"Crème glacée La Laitière Café - 490g","p":3.24,"pp":2.27,"u":"4,63 €/KG","img":"https://fd13-photos.leclercdrive.fr/image.ashx?id=3000021&use=l&cat=p&typeid=i","cat":284263},{"id":229395,"n":"Crème glacée La Laitière Menthe Chocolat - 490g","p":3.24,"pp":2.27,"u":"4,63 €/KG","img":"https://fd13-photos.leclercdrive.fr/image.ashx?id=2877889&use=l&cat=p&typeid=i","cat":284263},{"id":229397,"n":"Sorbet La Laitière Fraise - 558g","p":3.24,"pp":2.27,"u":"4,07 €/KG","img":"https://fd13-photos.leclercdrive.fr/image.ashx?id=3000018&use=l&cat=p&typeid=i","cat":284263},{"id":229419,"n":"Grilletine Pasquier Biscuitée x18 - 255g","p":2.37,"u":"9,29 €/KG","img":"https://fd13-photos.leclercdrive.fr/image.ashx?id=2716177&use=l&cat=p&typeid=i","cat":284479},{"id":229484,"n":"Complément alimentaire Ours+ 9 vitamines- x60 oursons - 120g","p":5.5,"u":"45,83 €/KG","img":"https://fd13-photos.leclercdrive.fr/image.ashx?id=2717012&use=l&cat=p&typeid=i","cat":301264},{"id":229489,"n":"Complément alimentaire Symbiosis Alforex+ x30 gélules","p":17.96,"img":"https://fd13-photos.leclercdrive.fr/image.ashx?id=2717994&use=l&cat=p&typeid=i","cat":301268},{"id":229497,"n":"Chips Lay's  Bolognaise - 130g","p":1.38,"u":"10,62 €/KG","img":"https://fd13-photos.leclercdrive.fr/image.ashx?id=3011149&use=l&cat=p&typeid=i","cat":284447},{"id":229498,"n":"Chips Lay's Moutarde pickles - 135g","p":1.63,"u":"12,07 €/KG","img":"https://fd13-photos.leclercdrive.fr/image.ashx?id=3011152&use=l&cat=p&typeid=i","cat":284447},{"id":229517,"n":"Soda au cola Pepsi Zéro sucres Le lot de 6x33cl canettes","p":2.64,"u":"1,33 €/L","img":"https://fd13-photos.leclercdrive.fr/image.ashx?id=2773391&use=l&cat=p&typeid=i","cat":284530},{"id":229523,"n":"Thé glacé Lipton Ice Tea Pêche Le lot de 12x33cl canettes","p":6.06,"u":"1,53 €/L","img":"https://fd13-photos.leclercdrive.fr/image.ashx?id=2717550&use=l&cat=p&typeid=i","cat":295019},{"id":229524,"n":"Thé glacé pétillant Lipton Ice Tea pêche - canettes 6x33cl","p":3.63,"u":"1,83 €/L","img":"https://fd13-photos.leclercdrive.fr/image.ashx?id=2900833&use=l&cat=p&typeid=i","cat":295019},{"id":229534,"n":"Lait demi écrémé Lactel Bol de Vie - 10x1L","p":12.38,"u":"1,24 €/L","img":"https://fd13-photos.leclercdrive.fr/image.ashx?id=2717910&use=l&cat=p&typeid=i","cat":284377},{"id":229546,"n":"Cassonade Saint Louis 1kg","p":2.62,"u":"2,62 €/KG","img":"https://fd13-photos.leclercdrive.fr/image.ashx?id=2717595&use=l&cat=p&typeid=i","cat":284502},{"id":229593,"n":"Tablettes lave-vaisselle Visior Tout en 1 citron x45 - 765g","p":5.79,"u":"7,57 €/KG","img":"https://fd13-photos.leclercdrive.fr/image.ashx?id=2954905&use=l&cat=p&typeid=i","cat":284656},{"id":229603,"n":"Vin de France rosé Papote  75cl","p":3.54,"u":"4,72 €/L","img":"https://fd13-photos.leclercdrive.fr/image.ashx?id=2717568&use=l&cat=p&typeid=i","cat":289558},{"id":229605,"n":"Vin de France rouge 75cl","p":4.49,"u":"5,99 €/L","img":"https://fd13-photos.leclercdrive.fr/image.ashx?id=2717565&use=l&cat=p&typeid=i","cat":289556},{"id":229609,"n":"Boisson fraise banane Jafun 1L","p":1.2,"u":"1,20 €/L","img":"https://fd13-photos.leclercdrive.fr/image.ashx?id=2956792&use=l&cat=p&typeid=i","cat":295018},{"id":229762,"n":"Café capsules L'OR Espresso Delizioso - x50 - 260g","p":10.27,"u":"39,50 €/KG","img":"https://fd13-photos.leclercdrive.fr/image.ashx?id=2719861&use=l&cat=p&typeid=i","cat":284749},{"id":229765,"n":"Café capsules L'OR Espresso Forza - x50 - 260g","p":10.31,"u":"39,65 €/KG","img":"https://fd13-photos.leclercdrive.fr/image.ashx?id=2719864&use=l&cat=p&typeid=i","cat":284749},{"id":229770,"n":"Café capsules L'OR Espresso Splendente - x50 - 260g","p":10.25,"u":"39,42 €/KG","img":"https://fd13-photos.leclercdrive.fr/image.ashx?id=2719870&use=l&cat=p&typeid=i","cat":284749},{"id":229814,"n":"Crème fixative Polident Original 0% - 77g","p":5.66,"u":"73,51 €/KG","img":"https://fd13-photos.leclercdrive.fr/image.ashx?id=2719618&use=l&cat=p&typeid=i","cat":285158},{"id":229846,"n":"Serviettes fuites urinaires  Always Discreet - 3x10p","p":10.25,"u":"0,34 €/P","img":"https://fd13-photos.leclercdrive.fr/image.ashx?id=2721433&use=l&cat=p&typeid=i","cat":284628},{"id":229851,"n":"Serviettes fuites urinaires  Always Discreet - x32","p":17.06,"u":"0,53 €/P","img":"https://fd13-photos.leclercdrive.fr/image.ashx?id=2721448&use=l&cat=p&typeid=i","cat":284628},{"id":229854,"n":"Shampooing Head & Shouder revitalize - 400ml","p":6.12,"u":"15,30 €/L","img":"https://fd13-photos.leclercdrive.fr/image.ashx?id=2719852&use=l&cat=p&typeid=i","cat":284606},{"id":229855,"n":"Shampooing Head & Shoulders 400ml","p":6.09,"u":"15,23 €/L","img":"https://fd13-photos.leclercdrive.fr/image.ashx?id=2719855&use=l&cat=p&typeid=i","cat":284606},{"id":229871,"n":"Bushmills 10 ans - Single Malt  40% vol - 70cl","p":38.81,"u":"55,44 €/L","img":"https://fd13-photos.leclercdrive.fr/image.ashx?id=3011812&use=l&cat=p&typeid=i","cat":284547},{"id":229879,"n":"Apéritif Campari 25% vol - 70cl","p":16.37,"u":"23,39 €/L","img":"https://fd13-photos.leclercdrive.fr/image.ashx?id=3009155&use=l&cat=p&typeid=i","cat":286032},{"id":229891,"n":"Pain de mie complet Harrys Sandwich Sans sucre ajouté 600g","p":1.72,"u":"2,87 €/KG","img":"https://fd13-photos.leclercdrive.fr/image.ashx?id=2962473&use=l&cat=p&typeid=i","cat":284477},{"id":229893,"n":"Pain de mie complet Harrys Sandwich Sans sucre ajouté 900g","p":2.31,"u":"2,57 €/KG","img":"https://fd13-photos.leclercdrive.fr/image.ashx?id=2962476&use=l&cat=p&typeid=i","cat":284477},{"id":229896,"n":"Pain de mie nature Harrys American Sandwich 550g","p":1.62,"u":"2,95 €/KG","img":"https://fd13-photos.leclercdrive.fr/image.ashx?id=2962446&use=l&cat=p&typeid=i","cat":284477},{"id":229897,"n":"Pain de mie nature Harrys Sandwich Sans sucre ajouté 825g","p":2.17,"u":"2,63 €/KG","img":"https://fd13-photos.leclercdrive.fr/image.ashx?id=2962449&use=l&cat=p&typeid=i","cat":284477},{"id":229919,"n":"Huile végétale Laboratoire du Haut-Ségala - Argan Bio 50ml","p":10.8,"u":"216,00 €/L","img":"https://fd13-photos.leclercdrive.fr/image.ashx?id=2719471&use=l&cat=p&typeid=i","cat":290422},{"id":229921,"n":"Pain de mie céréales Harrys Sandwich Sans sucre ajouté 550g","p":1.89,"u":"3,44 €/KG","img":"https://fd13-photos.leclercdrive.fr/image.ashx?id=2962452&use=l&cat=p&typeid=i","cat":284477},{"id":229982,"n":"Coulommiers Eco+ 320g","p":1.78,"u":"5,56 €/KG","img":"https://fd13-photos.leclercdrive.fr/image.ashx?id=2726824&use=l&cat=p&typeid=i","cat":314033},{"id":230145,"n":"Tablette Chocolat Pur Via  Caramel pointe de sel - 100g","p":2.14,"u":"21,40 €/KG","img":"https://fd13-photos.leclercdrive.fr/image.ashx?id=2789946&use=l&cat=p&typeid=i","cat":284497},{"id":230147,"n":"Tablette chocolat Pure Via Eclats de noisettes - 100g","p":2.99,"u":"29,90 €/KG","img":"https://fd13-photos.leclercdrive.fr/image.ashx?id=2789937&use=l&cat=p&typeid=i","cat":284497},{"id":230160,"n":"Chocolat gianduja Novi Noisettes - 130g","p":3.05,"u":"23,46 €/KG","img":"https://fd13-photos.leclercdrive.fr/image.ashx?id=2778602&use=l&cat=p&typeid=i","cat":284497},{"id":230167,"n":"Lessive liquide X-tra Total  Ecopack  x41 - 1.845L","p":6.42,"u":"3,48 €/L","img":"https://fd13-photos.leclercdrive.fr/image.ashx?id=2890124&use=l&cat=p&typeid=i","cat":284640},{"id":230171,"n":"Bière Picon 1L","p":10.3,"u":"10,30 €/L","img":"https://fd13-photos.leclercdrive.fr/image.ashx?id=2720908&use=l&cat=p&typeid=i","cat":334872},{"id":230174,"n":"Bière blonde Fischer Tradition 6% - 66cl","p":1.8,"u":"2,73 €/L","img":"https://fd13-photos.leclercdrive.fr/image.ashx?id=3008128&use=l&cat=p&typeid=i","cat":334873},{"id":230193,"n":"Nettoyant ménager La Croix Gel utra dégraissant - 1L","p":2.11,"u":"2,11 €/L","img":"https://fd13-photos.leclercdrive.fr/image.ashx?id=2721534&use=l&cat=p&typeid=i","cat":325357},{"id":230198,"n":"Gel nettoyant WC La Croix Ultra WC - 750ml","p":1.36,"u":"1,81 €/L","img":"https://fd13-photos.leclercdrive.fr/image.ashx?id=2721531&use=l&cat=p&typeid=i","cat":284662},{"id":230285,"n":"Liqueur Disaronno Velvet 17% - 70cl","p":22.5,"u":"32,14 €/L","img":"https://fd13-photos.leclercdrive.fr/image.ashx?id=2805606&use=l&cat=p&typeid=i","cat":286032},{"id":230297,"n":"Shampooing head & Shoulder Hydrate - 400ml","p":6.09,"u":"15,23 €/L","img":"https://fd13-photos.leclercdrive.fr/image.ashx?id=2878471&use=l&cat=p&typeid=i","cat":284606},{"id":230303,"n":"Rasoir Gillette Fusion x5","p":39.5,"u":"7,90 €/P","img":"https://fd13-photos.leclercdrive.fr/image.ashx?id=2722240&use=l&cat=p&typeid=i","cat":284616},{"id":230371,"n":"Crème glacée L'Angelys Vanille cookies - 300g","p":5.04,"u":"16,80 €/KG","img":"https://fd13-photos.leclercdrive.fr/image.ashx?id=2963760&use=l&cat=p&typeid=i","cat":284725},{"id":230376,"n":"Creme glacée L'Angelys Coulis caramel - 300g","p":4.84,"u":"16,13 €/KG","img":"https://fd13-photos.leclercdrive.fr/image.ashx?id=2963772&use=l&cat=p&typeid=i","cat":284725},{"id":230381,"n":"Huile moteur ELF Evolution 10w-40 - 5L","p":26.9,"u":"Dont 0,36 € d'éco-part.","img":"https://fd13-photos.leclercdrive.fr/image.ashx?id=2721853&use=l&cat=p&typeid=i","cat":298253},{"id":230596,"n":"Colin à la Bordelaise Findus  MSC - 380g","p":3.85,"u":"10,13 €/KG","img":"https://fd13-photos.leclercdrive.fr/image.ashx?id=2899503&use=l&cat=p&typeid=i","cat":319786},{"id":230668,"n":"Lames de rasoirs Gillette Skinguard - Peau sensitive x12","p":40.79,"img":"https://fd13-photos.leclercdrive.fr/image.ashx?id=2723950&use=l&cat=p&typeid=i","cat":284616},{"id":230740,"n":"Serviettes incontinence Eco+ Extra - x10","p":1.68,"img":"https://fd13-photos.leclercdrive.fr/image.ashx?id=2722979&use=l&cat=p&typeid=i","cat":284628},{"id":230759,"n":"Crème adhésive Fixodent Plus Anti-particules - 40g","p":4.45,"u":"111,25 €/KG","img":"https://fd13-photos.leclercdrive.fr/image.ashx?id=2723947&use=l&cat=p&typeid=i","cat":285158},{"id":230762,"n":"Brossettes Oral-B Cross Action Pro - Noire - x2","p":13.18,"u":"6,59 €/P","img":"https://fd13-photos.leclercdrive.fr/image.ashx?id=2837601&use=l&cat=p&typeid=i","cat":297133},{"id":230778,"n":"Purée façon écrasé Dahl Yooji Bio - Dès 8 mois - 400g","p":4.65,"u":"11,63 €/KG","img":"https://fd13-photos.leclercdrive.fr/image.ashx?id=2723869&use=l&cat=p&typeid=i","cat":290631},{"id":230980,"n":"Chocolat lait Lindt Noisettes  Lucky Monkey - 100g","p":2.7,"u":"27,00 €/KG","img":"https://fd13-photos.leclercdrive.fr/image.ashx?id=2725075&use=l&cat=p&typeid=i","cat":284497},{"id":231086,"n":"Pur Jus Pomme/Poire  Thomas Le Prince - 1L","p":2.73,"u":"2,73 €/L","img":"https://fd13-photos.leclercdrive.fr/image.ashx?id=2725540&use=l&cat=p&typeid=i","cat":284522},{"id":231089,"n":"Pur Jus Pomme/Cassis  Thomas Le Prince - 1L","p":3.12,"u":"3,12 €/L","img":"https://fd13-photos.leclercdrive.fr/image.ashx?id=2725546&use=l&cat=p&typeid=i","cat":284522},{"id":231090,"n":"Pur Jus Pomme/Fraise Thomas Le Prince - 1L","p":3.01,"u":"3,01 €/L","img":"https://fd13-photos.leclercdrive.fr/image.ashx?id=2725564&use=l&cat=p&typeid=i","cat":284522},{"id":231094,"n":"Pur Jus Pomme/Fruits rouges Thomas Le Prince - 1L","p":3.34,"u":"3,34 €/L","img":"https://fd13-photos.leclercdrive.fr/image.ashx?id=2725525&use=l&cat=p&typeid=i","cat":284522},{"id":231096,"n":"Mayonnaise de Dijon Amora 385g","p":2.49,"u":"6,47 €/KG","img":"https://fd13-photos.leclercdrive.fr/image.ashx?id=3014659&use=l&cat=p&typeid=i","cat":298295},{"id":231098,"n":"Thon Rio Mare 195g","p":4.89,"u":"25,08 €/KG","img":"https://fd13-photos.leclercdrive.fr/image.ashx?id=2725867&use=l&cat=p&typeid=i","cat":303867},{"id":231124,"n":"Pur Jus Pomme aux Epices  1L","p":3.26,"u":"3,26 €/L","img":"https://fd13-photos.leclercdrive.fr/image.ashx?id=2725573&use=l&cat=p&typeid=i","cat":284522},{"id":231126,"n":"Thon entier MSC Rio Mare Filet d'huile d'olive - 120g","p":3.3,"u":"27,50 €/KG","img":"https://fd13-photos.leclercdrive.fr/image.ashx?id=2726263&use=l&cat=p&typeid=i","cat":303867},{"id":231129,"n":"Filets de thon Rio Mare Huile d'olive vierge extra 130g","p":3.89,"u":"29,92 €/KG","img":"https://fd13-photos.leclercdrive.fr/image.ashx?id=2726257&use=l&cat=p&typeid=i","cat":303867},{"id":231169,"n":"Picon Club 18%vol. - 1L","p":10.73,"u":"10,73 €/L","img":"https://fd13-photos.leclercdrive.fr/image.ashx?id=2726245&use=l&cat=p&typeid=i","cat":284913},{"id":231181,"n":"Capsules Absolu + Bicarbonate Sun - Lave-vaiselle x26 - 390g","p":7.9,"u":"20,26 €/KG","img":"https://fd13-photos.leclercdrive.fr/image.ashx?id=2960279&use=l&cat=p&typeid=i","cat":284656},{"id":231203,"n":"Lessive liquide Super Croix  X-tra Japon x42- 1.89L","p":8.45,"u":"4,47 €/L","img":"https://fd13-photos.leclercdrive.fr/image.ashx?id=2876272&use=l&cat=p&typeid=i","cat":284640},{"id":231226,"n":"Doonuts nappés St Michel 8+4 offerts - 360g","p":3.75,"u":"10,42 €/KG","img":"https://fd13-photos.leclercdrive.fr/image.ashx?id=2936308&use=l&cat=p&typeid=i","cat":284495},{"id":231282,"n":"Chips Street food Vico  Saveur tzatziki - 120g","p":1.25,"u":"10,42 €/KG","img":"https://fd13-photos.leclercdrive.fr/image.ashx?id=2985192&use=l&cat=p&typeid=i","cat":284447},{"id":231301,"n":"Nouilles au poulet  Tables du Monde - 900g","p":5.19,"u":"5,77 €/KG","img":"https://fd13-photos.leclercdrive.fr/image.ashx?id=2726794&use=l&cat=p&typeid=i","cat":284254},{"id":231313,"n":"Arrangé Isautier Café  50cl","p":21.42,"u":"42,84 €/L","img":"https://fd13-photos.leclercdrive.fr/image.ashx?id=2728474&use=l&cat=p&typeid=i","cat":284551},{"id":231362,"n":"Barquettes de terrine Cesar Bio Natural Goodness - 100g","p":0.91,"u":"9,10 €/KG","img":"https://fd13-photos.leclercdrive.fr/image.ashx?id=2728657&use=l&cat=p&typeid=i","cat":284673},{"id":231364,"n":"Barquettes terrine Cesar Bio Natural Goodness - 100g","p":0.96,"u":"9,60 €/KG","img":"https://fd13-photos.leclercdrive.fr/image.ashx?id=2728654&use=l&cat=p&typeid=i","cat":284673},{"id":231366,"n":"Boîtes chien Cesar Natural Goodness en terrine - 3x400g","p":7.91,"u":"6,59 €/KG","img":"https://fd13-photos.leclercdrive.fr/image.ashx?id=2796405&use=l&cat=p&typeid=i","cat":288578},{"id":231368,"n":"Capsules café L'Or Espresso Supremo N°10 x30","p":9.32,"u":"59,74 €/KG","img":"https://fd13-photos.leclercdrive.fr/image.ashx?id=2788052&use=l&cat=p&typeid=i","cat":284749},{"id":231369,"n":"Capsules café L'Or Espresso Splendente N°7 x30","p":9.02,"u":"57,82 €/KG","img":"https://fd13-photos.leclercdrive.fr/image.ashx?id=2728846&use=l&cat=p&typeid=i","cat":284749},{"id":231370,"n":"Capsules café L'Or Espresso Ristretto N°11 x30","p":9.16,"u":"58,72 €/KG","img":"https://fd13-photos.leclercdrive.fr/image.ashx?id=2728843&use=l&cat=p&typeid=i","cat":284749},{"id":231371,"n":"Capsules café L'Or Espresso Forza N°9 x30","p":9.14,"u":"58,59 €/KG","img":"https://fd13-photos.leclercdrive.fr/image.ashx?id=3000468&use=l&cat=p&typeid=i","cat":284749},{"id":231372,"n":"Capsules café L'Or Espresso Delizioso N°5 x30","p":9.16,"u":"58,72 €/KG","img":"https://fd13-photos.leclercdrive.fr/image.ashx?id=2851345&use=l&cat=p&typeid=i","cat":284749},{"id":231401,"n":"Test de grossesse Clearblue x1","p":13.05,"img":"https://fd13-photos.leclercdrive.fr/image.ashx?id=2906862&use=l&cat=p&typeid=i","cat":324482},{"id":231404,"n":"Capsules café L'Or Espresso Decaffeinato N°6 x30","p":9.38,"u":"60,13 €/KG","img":"https://fd13-photos.leclercdrive.fr/image.ashx?id=2728834&use=l&cat=p&typeid=i","cat":284749},{"id":231513,"n":"Eau de parfum Hechter Daniel L'homme - 90ml","p":26.11,"u":"290,11 €/L","img":"https://fd13-photos.leclercdrive.fr/image.ashx?id=2879083&use=l&cat=p&typeid=i","cat":291525},{"id":231570,"n":"Badoit bulles de fruits rouges 1l","p":1.29,"u":"1,29 €/L","img":"https://fd13-photos.leclercdrive.fr/image.ashx?id=2964676&use=l&cat=p&typeid=i","cat":284536},{"id":231571,"n":"Badoit bulles de fruits  Exotiques - 1L","p":1.42,"u":"1,42 €/L","img":"https://fd13-photos.leclercdrive.fr/image.ashx?id=2753952&use=l&cat=p&typeid=i","cat":284536},{"id":231657,"n":"Tablettes lave-vaisselle Finish Power Plus - x35","p":7.81,"u":"13,95 €/KG","img":"https://fd13-photos.leclercdrive.fr/image.ashx?id=2749431&use=l&cat=p&typeid=i","cat":284656},{"id":231658,"n":"Lessive liquide X-tra Total  4 en 1 propreté x85 - 3.825L","p":13.39,"u":"3,50 €/L","img":"https://fd13-photos.leclercdrive.fr/image.ashx?id=2740568&use=l&cat=p&typeid=i","cat":284640},{"id":231660,"n":"Lessive liquide Super Croix  X-tra Maroc x42 - 1.890L","p":8.08,"u":"4,28 €/L","img":"https://fd13-photos.leclercdrive.fr/image.ashx?id=2876275&use=l&cat=p&typeid=i","cat":284640},{"id":231690,"n":"Crème soin Mixa Cica réparatrice - 10en1 150ml","p":7.56,"u":"50,40 €/L","img":"https://fd13-photos.leclercdrive.fr/image.ashx?id=2819403&use=l&cat=p&typeid=i","cat":325350},{"id":231692,"n":"Crème corps Mixa Réparatrice - 150ml","p":3.24,"u":"21,60 €/L","img":"https://fd13-photos.leclercdrive.fr/image.ashx?id=2867557&use=l&cat=p&typeid=i","cat":325350},{"id":231694,"n":"Crème corps Mixa Réparatrice Peau sensibles  - 150ml","p":3.35,"u":"22,33 €/L","img":"https://fd13-photos.leclercdrive.fr/image.ashx?id=2892199&use=l&cat=p&typeid=i","cat":325350},{"id":231708,"n":"Capsules lave-vaisselle Finish  Quantum - x46","p":9.58,"u":"20,04 €/KG","img":"https://fd13-photos.leclercdrive.fr/image.ashx?id=2749440&use=l&cat=p&typeid=i","cat":284656},{"id":231709,"n":"Capsules lave-vaisselle Finish Ultimate Plus Citron - x35","p":9.4,"u":"22,01 €/KG","img":"https://fd13-photos.leclercdrive.fr/image.ashx?id=2749437&use=l&cat=p&typeid=i","cat":284656},{"id":231710,"n":"Capsules lave-vaisselle Finish Ultimate Plus - x35","p":9.86,"u":"23,09 €/KG","img":"https://fd13-photos.leclercdrive.fr/image.ashx?id=2749434&use=l&cat=p&typeid=i","cat":284656},{"id":231712,"n":"Tablettes lave-vaisselle Finish Power Plus - x54","p":9.74,"u":"11,27 €/KG","img":"https://fd13-photos.leclercdrive.fr/image.ashx?id=2749425&use=l&cat=p&typeid=i","cat":284656},{"id":231713,"n":"Spray nettoyant Cillit Bang Expert crasse & calcaire 750ml","p":3.64,"u":"4,85 €/L","img":"https://fd13-photos.leclercdrive.fr/image.ashx?id=2839755&use=l&cat=p&typeid=i","cat":325362},{"id":231714,"n":"Spray nettoyant Cillit Bang  Expert Anti-moisissures - 750ml","p":3.64,"u":"4,85 €/L","img":"https://fd13-photos.leclercdrive.fr/image.ashx?id=2790114&use=l&cat=p&typeid=i","cat":325357},{"id":231715,"n":"Spray nettoyant Cillit Bang  Expert Javel - 750ml","p":3.64,"u":"4,85 €/L","img":"https://fd13-photos.leclercdrive.fr/image.ashx?id=2793653&use=l&cat=p&typeid=i","cat":325357},{"id":231717,"n":"ST MARC Liquide Nettoyant Multi Usages Côtes Bretonnes - 1L","p":2.18,"u":"2,18 €/L","img":"https://fd13-photos.leclercdrive.fr/image.ashx?id=2859074&use=l&cat=p&typeid=i","cat":284907},{"id":231719,"n":"Lessive capsules Super Croix X-tra Bora Bora x28  - 336g","p":8.12,"u":"24,17 €/KG","img":"https://fd13-photos.leclercdrive.fr/image.ashx?id=2876284&use=l&cat=p&typeid=i","cat":284641},{"id":231729,"n":"Crème glacée Amaréna  300g","p":5.07,"u":"16,90 €/KG","img":"https://fd13-photos.leclercdrive.fr/image.ashx?id=2963766&use=l&cat=p&typeid=i","cat":284725},{"id":231732,"n":"Crème glacée L'Angélys Vanille pécan caramel - 300g","p":5.04,"u":"16,80 €/KG","img":"https://fd13-photos.leclercdrive.fr/image.ashx?id=2963763&use=l&cat=p&typeid=i","cat":284725},{"id":231923,"n":"Liquide vaisselle Maison Verte  Dégraissant, écologique - 500ml","p":1.69,"u":"3,38 €/L","img":"https://fd13-photos.leclercdrive.fr/image.ashx?id=2890619&use=l&cat=p&typeid=i","cat":284655},{"id":231951,"n":"Calculatrice poche Esquisse Grise","p":2.99,"u":"Dont 0,13 € d'éco-part.","img":"https://fd13-photos.leclercdrive.fr/image.ashx?id=2742339&use=l&cat=p&typeid=i","cat":334133},{"id":232002,"n":"Whisky Ballantine's 10 ans Blended Scotch 40% vol - 70cl","p":23.5,"pp":18.8,"u":"26,86 €/L","img":"https://fd13-photos.leclercdrive.fr/image.ashx?id=2790780&use=l&cat=p&typeid=i","cat":284547},{"id":232022,"n":"Lessive capsules Super Croix  X-tra Japon x28 - 336g","p":8.65,"u":"25,74 €/KG","img":"https://fd13-photos.leclercdrive.fr/image.ashx?id=2876278&use=l&cat=p&typeid=i","cat":284641},{"id":232025,"n":"Lessive capsules Super Croix X-tra - Maroc - x28 - 336g","p":8.37,"u":"24,91 €/KG","img":"https://fd13-photos.leclercdrive.fr/image.ashx?id=2876281&use=l&cat=p&typeid=i","cat":284641},{"id":232107,"n":"Gin Bombay Saphire Sunset - 70cl 43% vol.","p":25.35,"u":"36,21 €/L","img":"https://fd13-photos.leclercdrive.fr/image.ashx?id=2848394&use=l&cat=p&typeid=i","cat":284550},{"id":232118,"n":"Bière blonde Corona Extra 4,5% - 3x33cl","p":5.15,"u":"5,20 €/L","img":"https://fd13-photos.leclercdrive.fr/image.ashx?id=2861177&use=l&cat=p&typeid=i","cat":334873},{"id":232183,"n":"Liquide vaisselle Mir  Dégraissant citron - 450ml","p":1.62,"u":"3,60 €/L","img":"https://fd13-photos.leclercdrive.fr/image.ashx?id=2744028&use=l&cat=p&typeid=i","cat":284655},{"id":232193,"n":"Liquide vaisselle Mir vinaigre Pamplemousse dégraissant -450ml","p":1.77,"u":"3,93 €/L","img":"https://fd13-photos.leclercdrive.fr/image.ashx?id=2889346&use=l&cat=p&typeid=i","cat":284655},{"id":232195,"n":"Liquide vaisselle Mir  Peau sensible aloe vera - 450ml","p":1.47,"u":"3,27 €/L","img":"https://fd13-photos.leclercdrive.fr/image.ashx?id=2874904&use=l&cat=p&typeid=i","cat":284655},{"id":232230,"n":"Crème visage Mixa Expert Anti-tâches SPF20 - 50ml","p":8.29,"u":"165,80 €/L","img":"https://fd13-photos.leclercdrive.fr/image.ashx?id=2770551&use=l&cat=p&typeid=i","cat":325345},{"id":232231,"n":"Nettoyant confort visage Mixa Anti-secheresse - 150ml","p":5.5,"u":"36,67 €/L","img":"https://fd13-photos.leclercdrive.fr/image.ashx?id=2744171&use=l&cat=p&typeid=i","cat":284603},{"id":232233,"n":"Gelée matifiante visage Mixa Anti-imperfections - 50ml","p":10.24,"u":"204,80 €/L","img":"https://fd13-photos.leclercdrive.fr/image.ashx?id=2770554&use=l&cat=p&typeid=i","cat":325345},{"id":232299,"n":"Bande de cire visage Nair Kit Caresse - x20","p":3.7,"img":"https://fd13-photos.leclercdrive.fr/image.ashx?id=2903236&use=l&cat=p&typeid=i","cat":325351},{"id":232309,"n":"Bloc WC Fresh Disc Canard Citron vert - 1x36ml","p":3.05,"img":"https://fd13-photos.leclercdrive.fr/image.ashx?id=2745769&use=l&cat=p&typeid=i","cat":284662},{"id":232318,"n":"Tablette lave-vaisselle Sun Tout-en-1 - x86 - 1.419kg","p":14.78,"u":"10,42 €/KG","img":"https://fd13-photos.leclercdrive.fr/image.ashx?id=3000899&use=l&cat=p&typeid=i","cat":284656},{"id":232319,"n":"Tablettes lave-vaisselle Sun Tout-en-1 - x24 -396g","p":5.64,"u":"14,24 €/KG","img":"https://fd13-photos.leclercdrive.fr/image.ashx?id=2760543&use=l&cat=p&typeid=i","cat":284656},{"id":232321,"n":"Lessive capsules Tout-en-1 Skip Soin complet - x24 - 506.4g","p":9.98,"u":"19,72 €/KG","img":"https://fd13-photos.leclercdrive.fr/image.ashx?id=2773931&use=l&cat=p&typeid=i","cat":284641},{"id":232341,"n":"Bloc WC Canard Fresh Disc Fraîcheur marine - 36ml","p":2.45,"img":"https://fd13-photos.leclercdrive.fr/image.ashx?id=2747691&use=l&cat=p&typeid=i","cat":284662},{"id":232347,"n":"Perles de linge Soupline Coco - 230g","p":6.21,"u":"27,00 €/KG","img":"https://fd13-photos.leclercdrive.fr/image.ashx?id=2945829&use=l&cat=p&typeid=i","cat":325302},{"id":232349,"n":"Adoucissant Soupline Concentré Lavande Elixir - x45 1L","p":6.09,"u":"6,09 €/L","img":"https://fd13-photos.leclercdrive.fr/image.ashx?id=2745850&use=l&cat=p&typeid=i","cat":284650},{"id":232351,"n":"Désinfectant du linge Lysol  Douceur de printemps - 1L","p":5.99,"pp":3.95,"u":"3,95 €/L","img":"https://fd13-photos.leclercdrive.fr/image.ashx?id=2745745&use=l&cat=p&typeid=i","cat":290451},{"id":232352,"n":"Désinfectant du linge Lysol  Parfum linge frais - 1,5L","p":5.99,"pp":3.95,"u":"2,63 €/L","img":"https://fd13-photos.leclercdrive.fr/image.ashx?id=2745742&use=l&cat=p&typeid=i","cat":290451},{"id":232353,"n":"Désodorisant diffuseur Airwick  huile essentielle Vanille -20ml","p":7.64,"img":"https://fd13-photos.leclercdrive.fr/image.ashx?id=2963481&use=l&cat=p&typeid=i","cat":311629},{"id":232356,"n":"Gel douche Sanex Zéro Family - Pompe - 700ml","p":5.65,"u":"8,07 €/L","img":"https://fd13-photos.leclercdrive.fr/image.ashx?id=2745859&use=l&cat=p&typeid=i","cat":284594},{"id":232357,"n":"Recharge Gel douche Sanex Zéro - Peaux sensibles - 500ml","p":3.25,"u":"6,50 €/L","img":"https://fd13-photos.leclercdrive.fr/image.ashx?id=2745856&use=l&cat=p&typeid=i","cat":284594},{"id":232369,"n":"Bain de bouche Colgate Max Fresh Protection complète 500ml","p":3.32,"u":"6,64 €/L","img":"https://fd13-photos.leclercdrive.fr/image.ashx?id=2747178&use=l&cat=p&typeid=i","cat":284613},{"id":232371,"n":"Dentifrice enfant Elmex Anti-caries - 6-12 ans - 75ml","p":2.62,"u":"34,93 €/L","img":"https://fd13-photos.leclercdrive.fr/image.ashx?id=2747175&use=l&cat=p&typeid=i","cat":288898},{"id":232378,"n":"Piège stickers fenêtre Raid A mouches - x6","p":5.04,"u":"0,84 €/P","img":"https://fd13-photos.leclercdrive.fr/image.ashx?id=2747076&use=l&cat=p&typeid=i","cat":298368},{"id":232459,"n":"Carafe en verre Brita Bleue - 2.5L - 1 cartouche","p":54.9,"img":"https://fd13-photos.leclercdrive.fr/image.ashx?id=2878273&use=l&cat=p&typeid=i","cat":334135},{"id":232518,"n":"Pâtes Barilla Stelline - 500g","p":1.28,"u":"2,56 €/KG","img":"https://fd13-photos.leclercdrive.fr/image.ashx?id=2748662&use=l&cat=p&typeid=i","cat":284427},{"id":232519,"n":"Pâtes Barilla Risoni - 500g","p":1.27,"u":"2,54 €/KG","img":"https://fd13-photos.leclercdrive.fr/image.ashx?id=2748665&use=l&cat=p&typeid=i","cat":284427},{"id":232520,"n":"Pâtes Barilla Ditalini Rigati - 500g","p":1.26,"u":"2,52 €/KG","img":"https://fd13-photos.leclercdrive.fr/image.ashx?id=2748668&use=l&cat=p&typeid=i","cat":284427},{"id":232536,"n":"Lindahls Pro+ 6 Tranches - 120g","p":2.21,"u":"18,42 €/KG","img":"https://fd13-photos.leclercdrive.fr/image.ashx?id=2748308&use=l&cat=p&typeid=i","cat":314028},{"id":232642,"n":"Boisson énergisante Red Bull Goût Juneberry, 250ml","p":1.25,"u":"5,00 €/L","img":"https://fd13-photos.leclercdrive.fr/image.ashx?id=2748713&use=l&cat=p&typeid=i","cat":284533},{"id":232740,"n":"Chips Tuiles Pringles HOT Barbecue Ribs - 160g","p":1.97,"u":"12,31 €/KG","img":"https://fd13-photos.leclercdrive.fr/image.ashx?id=2749506&use=l&cat=p&typeid=i","cat":287899},{"id":232839,"n":"Gel déboucheur Destop  Turbo 5 min - 4 doses - 1L","p":7.17,"u":"7,17 €/L","img":"https://fd13-photos.leclercdrive.fr/image.ashx?id=2976032&use=l&cat=p&typeid=i","cat":284908},{"id":232841,"n":"Porc au cidre Paysan Breton 300g","p":3.44,"u":"11,47 €/KG","img":"https://fd13-photos.leclercdrive.fr/image.ashx?id=2750288&use=l&cat=p&typeid=i","cat":284953},{"id":232843,"n":"Porc paysanne Paysan Breton 300g","p":3.35,"u":"11,17 €/KG","img":"https://fd13-photos.leclercdrive.fr/image.ashx?id=2750291&use=l&cat=p&typeid=i","cat":284953},{"id":232872,"n":"Brossettes interdentaires Gum Bi-direction - 1.2mmx6","p":3.05,"img":"https://fd13-photos.leclercdrive.fr/image.ashx?id=2750087&use=l&cat=p&typeid=i","cat":301595},{"id":232878,"n":"Brossettes interdentaires Gum Bi-direction - 0.9mmx6","p":3.48,"img":"https://fd13-photos.leclercdrive.fr/image.ashx?id=2750084&use=l&cat=p&typeid=i","cat":301595},{"id":232879,"n":"Brossettes interdentaires Gum Bi-direction - 0.7mmx6","p":3.44,"img":"https://fd13-photos.leclercdrive.fr/image.ashx?id=2750081&use=l&cat=p&typeid=i","cat":301595},{"id":232889,"n":"Gel lavant Baby Green Doux Bio - 1L","p":9.0,"u":"9,00 €/L","img":"https://fd13-photos.leclercdrive.fr/image.ashx?id=2795393&use=l&cat=p&typeid=i","cat":290425},{"id":232890,"n":"Eau nettoyante Baby Green Bébé Bio - 1L","p":7.9,"u":"7,90 €/L","img":"https://fd13-photos.leclercdrive.fr/image.ashx?id=2795390&use=l&cat=p&typeid=i","cat":290425},{"id":232895,"n":"Liniment bébé Baby Green Oléo-calcaire Bio - 900ml","p":9.9,"u":"11,00 €/L","img":"https://fd13-photos.leclercdrive.fr/image.ashx?id=2795387&use=l&cat=p&typeid=i","cat":290387},{"id":232896,"n":"Mon 1er coffret Baby Green Dès la naissance - x5 produits","p":15.9,"u":"28,91 €/KG","img":"https://fd13-photos.leclercdrive.fr/image.ashx?id=2795384&use=l&cat=p&typeid=i","cat":290425},{"id":232915,"n":"Gel douche Mkl Green nature Monoï des îles - 1L","p":5.59,"u":"5,59 €/L","img":"https://fd13-photos.leclercdrive.fr/image.ashx?id=2889769&use=l&cat=p&typeid=i","cat":301591},{"id":232917,"n":"Shampooing douche Osmae Paradisiaque Tiaré - 1L","p":7.89,"u":"7,89 €/L","img":"https://fd13-photos.leclercdrive.fr/image.ashx?id=2751237&use=l&cat=p&typeid=i","cat":290400},{"id":232918,"n":"Gel douche Osmae Figuier sauvage - 1L","p":7.29,"u":"7,29 €/L","img":"https://fd13-photos.leclercdrive.fr/image.ashx?id=2751234&use=l&cat=p&typeid=i","cat":301591},{"id":232919,"n":"Gel douche Osmaé Rose impériale - 1L","p":7.26,"u":"7,26 €/L","img":"https://fd13-photos.leclercdrive.fr/image.ashx?id=2751231&use=l&cat=p&typeid=i","cat":301591},{"id":232920,"n":"Biberon initiation Dodie Anti-colique Rose jungle 330ml","p":9.11,"u":"27,61 €/L","img":"https://fd13-photos.leclercdrive.fr/image.ashx?id=2750045&use=l&cat=p&typeid=i","cat":290386},{"id":232921,"n":"Biberon Sensation Dodie Anti- Colique - Bleu - 50ml 0-6mois","p":8.04,"u":"53,60 €/L","img":"https://fd13-photos.leclercdrive.fr/image.ashx?id=2750042&use=l&cat=p&typeid=i","cat":290386},{"id":232922,"n":"Huile d'amande douce Natessance 100% naturelle Bio - 50ml","p":6.97,"u":"139,40 €/L","img":"https://fd13-photos.leclercdrive.fr/image.ashx?id=2750027&use=l&cat=p&typeid=i","cat":290422},{"id":232949,"n":"Cottage cheese Danone Nature x2 - 360g","p":3.71,"u":"10,31 €/KG","img":"https://fd13-photos.leclercdrive.fr/image.ashx?id=2915694&use=l&cat=p&typeid=i","cat":314029},{"id":232961,"n":"Gel douche Sanex Zéro% Sensitive Pompe - 700ml","p":5.67,"u":"8,10 €/L","img":"https://fd13-photos.leclercdrive.fr/image.ashx?id=2751384&use=l&cat=p&typeid=i","cat":284594},{"id":232964,"n":"Gel douche enfant Sanex Zéro % Pompe - 700ml","p":5.85,"u":"8,36 €/L","img":"https://fd13-photos.leclercdrive.fr/image.ashx?id=2751381&use=l&cat=p&typeid=i","cat":284594},{"id":232974,"n":"Gel massage Intimy Pomme d'amour - 200ml","p":6.39,"u":"31,95 €/L","img":"https://fd13-photos.leclercdrive.fr/image.ashx?id=2751012&use=l&cat=p&typeid=i","cat":285160},{"id":232980,"n":"Bougie Glade Aromatherapy Lavande & bois de santal - x1","p":7.19,"img":"https://fd13-photos.leclercdrive.fr/image.ashx?id=2867722&use=l&cat=p&typeid=i","cat":284666},{"id":232986,"n":"Bougie Glade Anti-tabac - 112g","p":4.06,"img":"https://fd13-photos.leclercdrive.fr/image.ashx?id=2751276&use=l&cat=p&typeid=i","cat":284666},{"id":232994,"n":"Gel Lubrifiant Intime Intimy Fleur de coton - 70ml","p":5.42,"u":"77,43 €/L","img":"https://fd13-photos.leclercdrive.fr/image.ashx?id=2774957&use=l&cat=p&typeid=i","cat":285160},{"id":233001,"n":"Gel Lubrifiant Durex Naturel Hydratant - 100ML","p":7.8,"u":"78,00 €/L","img":"https://fd13-photos.leclercdrive.fr/image.ashx?id=2962026&use=l&cat=p&typeid=i","cat":285160},{"id":233035,"n":"Drap housse Tissaïa Gris - 140x190cm","p":6.95,"img":"https://fd13-photos.leclercdrive.fr/image.ashx?id=2751937&use=l&cat=p&typeid=i","cat":286694},{"id":233037,"n":"Drap housse Tissaïa Gris - 160x200cm","p":8.95,"img":"https://fd13-photos.leclercdrive.fr/image.ashx?id=2751934&use=l&cat=p&typeid=i","cat":286694},{"id":233038,"n":"Taie d'oreiller Tissaïa Gris - 63x63cm","p":2.95,"img":"https://fd13-photos.leclercdrive.fr/image.ashx?id=2755014&use=l&cat=p&typeid=i","cat":286694},{"id":233039,"n":"Drap housse Tissaïa Gris - 90x190cm","p":4.95,"img":"https://fd13-photos.leclercdrive.fr/image.ashx?id=2754225&use=l&cat=p&typeid=i","cat":286694},{"id":233041,"n":"Collant Beauty resist Dim Semi-opaque - Noir - T2","p":5.35,"img":"https://fd13-photos.leclercdrive.fr/image.ashx?id=3002123&use=l&cat=p&typeid=i","cat":334130},{"id":233049,"n":"Collant Beauty Resist Dim Transparent - Noir - T4","p":5.5,"img":"https://fd13-photos.leclercdrive.fr/image.ashx?id=2753148&use=l&cat=p&typeid=i","cat":334130},{"id":233053,"n":"Collant Body Touch Dim Ventre plat - Noir - T3","p":14.95,"img":"https://fd13-photos.leclercdrive.fr/image.ashx?id=3002000&use=l&cat=p&typeid=i","cat":334130},{"id":233103,"n":"Dentifrice Sensodyne Soin blancheur - 2x75ml","p":7.15,"u":"47,67 €/L","img":"https://fd13-photos.leclercdrive.fr/image.ashx?id=2829928&use=l&cat=p&typeid=i","cat":284612},{"id":233112,"n":"Shampooing/ Après-shampooing Aloe Vera - Herbal Essences x2","p":7.9,"img":"https://fd13-photos.leclercdrive.fr/image.ashx?id=2864209&use=l&cat=p&typeid=i","cat":284606},{"id":233114,"n":"Shampooing Herbal Essences Aloe Vera - 2x250ml","p":6.78,"u":"13,56 €/L","img":"https://fd13-photos.leclercdrive.fr/image.ashx?id=2864215&use=l&cat=p&typeid=i","cat":284606},{"id":233115,"n":"Shampooing Herbal Essences Rose - 2x250ml","p":7.03,"u":"14,06 €/L","img":"https://fd13-photos.leclercdrive.fr/image.ashx?id=2864218&use=l&cat=p&typeid=i","cat":284606},{"id":233117,"n":"Shampooing Herbal Essences Noix de coco - 2x250ml","p":7.9,"u":"15,80 €/L","img":"https://fd13-photos.leclercdrive.fr/image.ashx?id=2903851&use=l&cat=p&typeid=i","cat":284606},{"id":233118,"n":"Dentifrice Oral-B Pro Science Advanced - Densité émail 3x75ml","p":10.31,"u":"45,82 €/L","img":"https://fd13-photos.leclercdrive.fr/image.ashx?id=2774721&use=l&cat=p&typeid=i","cat":284612},{"id":233119,"n":"Brossettes oral-B Sensitive - x8","p":48.67,"u":"6,08 €/P","img":"https://fd13-photos.leclercdrive.fr/image.ashx?id=2757488&use=l&cat=p&typeid=i","cat":297133},{"id":233122,"n":"Shampooing / Après-shampooing DermaxPro - Hydrate","p":8.91,"img":"https://fd13-photos.leclercdrive.fr/image.ashx?id=2752182&use=l&cat=p&typeid=i","cat":284606},{"id":233123,"n":"Shampooing / Crème de soin DermaxPro - Hydrate - x2","p":8.87,"img":"https://fd13-photos.leclercdrive.fr/image.ashx?id=2752185&use=l&cat=p&typeid=i","cat":284606},{"id":233124,"n":"Shampooing DermaxPro +Après-shampooing - Répare","p":12.81,"img":"https://fd13-photos.leclercdrive.fr/image.ashx?id=2752188&use=l&cat=p&typeid=i","cat":284606},{"id":233126,"n":"Shampooing / Après-shampooing  DermaxPro - Apaise - x2","p":8.98,"img":"https://fd13-photos.leclercdrive.fr/image.ashx?id=2752191&use=l&cat=p&typeid=i","cat":284606},{"id":233127,"n":"Shampooing / Après-shampooing DermaxPro - Revitalise - x2","p":8.85,"img":"https://fd13-photos.leclercdrive.fr/image.ashx?id=2752194&use=l&cat=p&typeid=i","cat":284606},{"id":233137,"n":"Masque cheveux Fructis Réparateur - Papaye - 320ml","p":5.7,"u":"17,81 €/L","img":"https://fd13-photos.leclercdrive.fr/image.ashx?id=2754036&use=l&cat=p&typeid=i","cat":284608},{"id":233153,"n":"Masque cheveux Fructis Nutrition Beurre de cacao 320ml","p":5.7,"u":"17,81 €/L","img":"https://fd13-photos.leclercdrive.fr/image.ashx?id=2788763&use=l&cat=p&typeid=i","cat":284608},{"id":233155,"n":"Lait corps Mixa Céramide Protection - 400ml","p":6.23,"u":"0,02 €/M3","img":"https://fd13-photos.leclercdrive.fr/image.ashx?id=2754051&use=l&cat=p&typeid=i","cat":325349},{"id":233158,"n":"Bière  Gallia Session IPA - 50cl","p":2.87,"u":"5,74 €/L","img":"https://fd13-photos.leclercdrive.fr/image.ashx?id=2977984&use=l&cat=p&typeid=i","cat":334853},{"id":233179,"n":"Chips Tuiles Pringles HOT Mexican Chili & Lime - 160g","p":1.95,"u":"12,19 €/KG","img":"https://fd13-photos.leclercdrive.fr/image.ashx?id=2753244&use=l&cat=p&typeid=i","cat":284447},{"id":233211,"n":"Bière West Coast Gallia 50cl","p":2.81,"u":"5,62 €/L","img":"https://fd13-photos.leclercdrive.fr/image.ashx?id=2765348&use=l&cat=p&typeid=i","cat":334853},{"id":233227,"n":"Liquide refroidissement Total Universel -26° - 1L","p":3.21,"u":"3,21 €/L","img":"https://fd13-photos.leclercdrive.fr/image.ashx?id=2753967&use=l&cat=p&typeid=i","cat":298252},{"id":233228,"n":"Liquide refroidissement Total Spécial Renault -37° - 1L","p":4.09,"u":"4,09 €/L","img":"https://fd13-photos.leclercdrive.fr/image.ashx?id=2753970&use=l&cat=p&typeid=i","cat":298252},{"id":233234,"n":"Désodorisant Arbre Magique Clip tropical - 1 pièce","p":2.71,"img":"https://fd13-photos.leclercdrive.fr/image.ashx?id=2753292&use=l&cat=p&typeid=i","cat":298252},{"id":233235,"n":"Désodorisant Arbre Magique Clip new car - 1 pièce","p":2.79,"img":"https://fd13-photos.leclercdrive.fr/image.ashx?id=2753295&use=l&cat=p&typeid=i","cat":298252},{"id":233236,"n":"Désodorisant Arbre magique Midnight chic - 1 pièce","p":1.2,"img":"https://fd13-photos.leclercdrive.fr/image.ashx?id=2753283&use=l&cat=p&typeid=i","cat":298252},{"id":233237,"n":"Lave glace hiver Total Energies Wash - 5L","p":7.95,"u":"1,59 €/L","img":"https://fd13-photos.leclercdrive.fr/image.ashx?id=2752936&use=l&cat=p&typeid=i","cat":298252},{"id":233254,"n":"Désodorisant Arbre Magique Clip black ice - 1 pièce","p":2.71,"img":"https://fd13-photos.leclercdrive.fr/image.ashx?id=2753286&use=l&cat=p&typeid=i","cat":298252},{"id":233264,"n":"Bière blonde non filtrée Gallia Champ Libre - 5.8% vol. 66cl","p":3.95,"u":"5,98 €/L","img":"https://fd13-photos.leclercdrive.fr/image.ashx?id=2752870&use=l&cat=p&typeid=i","cat":334872},{"id":233317,"n":"Bière ambrée Fischer Dorelei 66cl","p":2.83,"u":"4,29 €/L","img":"https://fd13-photos.leclercdrive.fr/image.ashx?id=3008131&use=l&cat=p&typeid=i","cat":334852},{"id":233460,"n":"Répertoire Esquisse 180pages Rouge Spirale - 5X5 - 11x17cm","p":2.79,"img":"https://fd13-photos.leclercdrive.fr/image.ashx?id=2754520&use=l&cat=p&typeid=i","cat":284697},{"id":233473,"n":"Bière blonde Leffe Prestige 124 8,5% - 75cl","p":3.99,"u":"5,32 €/L","img":"https://fd13-photos.leclercdrive.fr/image.ashx?id=2755816&use=l&cat=p&typeid=i","cat":334852},{"id":233474,"n":"Bière blonde Leffe Prestige  8,5% - 12x25cl","p":12.74,"u":"4,25 €/L","img":"https://fd13-photos.leclercdrive.fr/image.ashx?id=2755819&use=l&cat=p&typeid=i","cat":334852},{"id":233570,"n":"Ampoule Led Foxter  Standard B22 60W Chaud","p":4.99,"u":"Dont 0,29 € d'éco-part.","img":"https://fd13-photos.leclercdrive.fr/image.ashx?id=2756161&use=l&cat=p&typeid=i","cat":300573},{"id":233624,"n":"Baume corps Le Petit Marseillais - Coco - 380ml","p":6.19,"u":"16,29 €/L","img":"https://fd13-photos.leclercdrive.fr/image.ashx?id=2758105&use=l&cat=p&typeid=i","cat":325350},{"id":233626,"n":"Spray démêlant Le Petit Marseillais Pamplemousse 200ml","p":3.67,"u":"18,35 €/L","img":"https://fd13-photos.leclercdrive.fr/image.ashx?id=2758099&use=l&cat=p&typeid=i","cat":284608},{"id":233630,"n":"Shampooing Le Petit Marseillais Nutrition - 300ml","p":1.91,"u":"6,37 €/L","img":"https://fd13-photos.leclercdrive.fr/image.ashx?id=2758093&use=l&cat=p&typeid=i","cat":284606},{"id":233645,"n":"Café Soluble Starbucks Caramel Latte 5 sticks - 115g","p":2.92,"u":"25,39 €/KG","img":"https://fd13-photos.leclercdrive.fr/image.ashx?id=2766099&use=l&cat=p&typeid=i","cat":284843},{"id":233646,"n":"Café Soluble Starbucks White Mocha 5 sticks - 120g","p":2.84,"u":"23,67 €/KG","img":"https://fd13-photos.leclercdrive.fr/image.ashx?id=2758463&use=l&cat=p&typeid=i","cat":284843},{"id":233718,"n":"Spray solaire La Roche-Posay Enfant SPF50+ 200ml","p":28.14,"u":"140,70 €/L","img":"https://fd13-photos.leclercdrive.fr/image.ashx?id=2837415&use=l&cat=p&typeid=i","cat":290397},{"id":233720,"n":"Lait solaire La Roche Posay  SPF50+ Enfant - 250ml","p":28.97,"u":"115,88 €/L","img":"https://fd13-photos.leclercdrive.fr/image.ashx?id=2795117&use=l&cat=p&typeid=i","cat":290397},{"id":233729,"n":"Lessive liquide Skip Cycle  Court Efficacité Express x54","p":13.89,"u":"6,43 €/L","img":"https://fd13-photos.leclercdrive.fr/image.ashx?id=2843553&use=l&cat=p&typeid=i","cat":284640},{"id":233730,"n":"Lessive liquide Skip Cycle Court Couleur Protect x54","p":13.61,"u":"6,30 €/L","img":"https://fd13-photos.leclercdrive.fr/image.ashx?id=2842168&use=l&cat=p&typeid=i","cat":284640},{"id":233743,"n":"Bâtonnets glace Magnum chocolat blanc fruits rouges x3 - 196.5g","p":2.88,"u":"14,69 €/KG","img":"https://fd13-photos.leclercdrive.fr/image.ashx?id=2850288&use=l&cat=p&typeid=i","cat":284265},{"id":233744,"n":"Bâtonnets glace Magnum  Remix Amandes x3 - 198g","p":3.02,"u":"15,25 €/KG","img":"https://fd13-photos.leclercdrive.fr/image.ashx?id=2891758&use=l&cat=p&typeid=i","cat":284265},{"id":233746,"n":"Bâtonnets glace Ferrero Rondnoir x4 - 200g","p":3.65,"u":"18,25 €/KG","img":"https://fd13-photos.leclercdrive.fr/image.ashx?id=2807891&use=l&cat=p&typeid=i","cat":284265},{"id":233764,"n":"AOP vin rosé Bordeaux  Bio Mouton Cadet Rosé - 75cl","p":7.2,"u":"9,60 €/L","img":"https://fd13-photos.leclercdrive.fr/image.ashx?id=2857126&use=l&cat=p&typeid=i","cat":289558},{"id":233886,"n":"Dosettes café Senseo Cappuccino x8","p":3.04,"u":"33,04 €/KG","img":"https://fd13-photos.leclercdrive.fr/image.ashx?id=2760187&use=l&cat=p&typeid=i","cat":293238},{"id":233920,"n":"Os Vitakraft Calcium Poulet  Pure Bonas","p":1.58,"img":"https://fd13-photos.leclercdrive.fr/image.ashx?id=2851255&use=l&cat=p&typeid=i","cat":294527},{"id":233947,"n":"Lessive capsules 3en1 Omo Rose & Lilas Blanc - 502g x29","p":9.67,"u":"19,26 €/KG","img":"https://fd13-photos.leclercdrive.fr/image.ashx?id=2841610&use=l&cat=p&typeid=i","cat":284641},{"id":233949,"n":"Lessive capsules 3en1 Omo Lavande & Patchouli - x29 502g","p":10.32,"u":"20,56 €/KG","img":"https://fd13-photos.leclercdrive.fr/image.ashx?id=2832599&use=l&cat=p&typeid=i","cat":284641},{"id":233950,"n":"Lessive capsules 3en1 Omo Jasmin fleur de coton 502g x29","p":9.65,"u":"19,22 €/KG","img":"https://fd13-photos.leclercdrive.fr/image.ashx?id=2841613&use=l&cat=p&typeid=i","cat":284641},{"id":233953,"n":"Lessive liquide Skip Cycle  Court Efficacité Express x37","p":10.08,"u":"6,81 €/L","img":"https://fd13-photos.leclercdrive.fr/image.ashx?id=2910240&use=l&cat=p&typeid=i","cat":284640},{"id":233955,"n":"Lessive liquide Skip Cycle Court Odeur Control x37","p":10.31,"u":"6,97 €/L","img":"https://fd13-photos.leclercdrive.fr/image.ashx?id=2927735&use=l&cat=p&typeid=i","cat":284640},{"id":233956,"n":"Lessive liquide Omo Rose & Lilas Blanc - 1.76L","p":9.33,"u":"5,29 €/L","img":"https://fd13-photos.leclercdrive.fr/image.ashx?id=2818208&use=l&cat=p&typeid=i","cat":284640},{"id":233961,"n":"Lessive liquide Omo Jasmin & Fleur de coton 1.764L x42","p":9.47,"u":"5,37 €/L","img":"https://fd13-photos.leclercdrive.fr/image.ashx?id=2841616&use=l&cat=p&typeid=i","cat":284640},{"id":233963,"n":"Lessive liquide Skip Cycle Court Couleur Protect x37","p":10.49,"u":"7,09 €/L","img":"https://fd13-photos.leclercdrive.fr/image.ashx?id=2910246&use=l&cat=p&typeid=i","cat":284640},{"id":233984,"n":"Nouilles instantanées Daisuki Curry Pirikara - 61g","p":1.73,"u":"28,36 €/KG","img":"https://fd13-photos.leclercdrive.fr/image.ashx?id=2762007&use=l&cat=p&typeid=i","cat":288992},{"id":233985,"n":"Nouilles instantanées Daisuki Boeuf Gyudon - 60g","p":1.46,"u":"24,33 €/KG","img":"https://fd13-photos.leclercdrive.fr/image.ashx?id=2762004&use=l&cat=p&typeid=i","cat":288992},{"id":233989,"n":"Nouilles instantanées Nongshim au Kimchi - 112g","p":2.2,"u":"19,64 €/KG","img":"https://fd13-photos.leclercdrive.fr/image.ashx?id=2762358&use=l&cat=p&typeid=i","cat":288992},{"id":233994,"n":"Cup de nouilles instantanées Nongshim - 75g","p":1.57,"u":"20,93 €/KG","img":"https://fd13-photos.leclercdrive.fr/image.ashx?id=2762352&use=l&cat=p&typeid=i","cat":288992},{"id":234006,"n":"Bol nouilles instantanées Crevettes épicées - 115g","p":2.2,"u":"19,13 €/KG","img":"https://fd13-photos.leclercdrive.fr/image.ashx?id=2764080&use=l&cat=p&typeid=i","cat":288992},{"id":234007,"n":"Bol nouilles épicées \"Super Spicy\" - 68g","p":1.57,"u":"23,09 €/KG","img":"https://fd13-photos.leclercdrive.fr/image.ashx?id=2762361&use=l&cat=p&typeid=i","cat":288992},{"id":234008,"n":"Bol nouilles épicées Nongshim Shin cup - 68g","p":1.57,"u":"23,09 €/KG","img":"https://fd13-photos.leclercdrive.fr/image.ashx?id=2762355&use=l&cat=p&typeid=i","cat":288992},{"id":234019,"n":"Bol nouilles instantanées  Daisuki - Poulet Teriyaki 60g","p":1.46,"u":"24,33 €/KG","img":"https://fd13-photos.leclercdrive.fr/image.ashx?id=2762001&use=l&cat=p&typeid=i","cat":288992},{"id":234152,"n":"Déodorant bille Ushuaïa Monoï & tiaré - 50ml","p":2.74,"u":"54,80 €/L","img":"https://fd13-photos.leclercdrive.fr/image.ashx?id=2769020&use=l&cat=p&typeid=i","cat":284595},{"id":234155,"n":"Déodorant bille femme Ushuaïa Grenade açores - 50ml","p":2.74,"u":"54,80 €/L","img":"https://fd13-photos.leclercdrive.fr/image.ashx?id=2789092&use=l&cat=p&typeid=i","cat":284595},{"id":234156,"n":"Déodorant bille Ushuaïa Vanille - 50ml","p":2.74,"u":"54,80 €/L","img":"https://fd13-photos.leclercdrive.fr/image.ashx?id=2769023&use=l&cat=p&typeid=i","cat":284595},{"id":234157,"n":"Déodorant spray Ushuaïa Grenade - 200ml","p":2.74,"u":"13,70 €/L","img":"https://fd13-photos.leclercdrive.fr/image.ashx?id=2769026&use=l&cat=p&typeid=i","cat":284595},{"id":234158,"n":"Déodorant spray Ushuaïa Orchidée - 200ml","p":2.74,"u":"13,70 €/L","img":"https://fd13-photos.leclercdrive.fr/image.ashx?id=2769029&use=l&cat=p&typeid=i","cat":284595},{"id":234159,"n":"Déodorant spray Ushuaïa Vanille - 200ml","p":2.74,"u":"13,70 €/L","img":"https://fd13-photos.leclercdrive.fr/image.ashx?id=2769032&use=l&cat=p&typeid=i","cat":284595},{"id":234165,"n":"Baileys Strawberry 17° - 70cl","p":18.23,"u":"26,04 €/L","img":"https://fd13-photos.leclercdrive.fr/image.ashx?id=2763757&use=l&cat=p&typeid=i","cat":286032},{"id":234166,"n":"Déodorant spray homme Narta Resixyl Physio - 200ml","p":5.1,"u":"25,50 €/L","img":"https://fd13-photos.leclercdrive.fr/image.ashx?id=2769044&use=l&cat=p&typeid=i","cat":284596},{"id":234168,"n":"Déodorant bille homme Narta Resixyl Physio - 50ml","p":4.12,"u":"82,40 €/L","img":"https://fd13-photos.leclercdrive.fr/image.ashx?id=2769035&use=l&cat=p&typeid=i","cat":284596},{"id":234226,"n":"Couverts inox Mots d'enfants Jungle - x3","p":3.5,"img":"https://fd13-photos.leclercdrive.fr/image.ashx?id=2762689&use=l&cat=p&typeid=i","cat":289435},{"id":234370,"n":"Cornichons Croq'Vert  Amora Extra-fins aux épices 210g","p":1.7,"u":"8,10 €/KG","img":"https://fd13-photos.leclercdrive.fr/image.ashx?id=2770671&use=l&cat=p&typeid=i","cat":284458},{"id":234372,"n":"Dessert brassé végétal Andros Fruits exotiques - 6x100g","p":3.23,"u":"5,38 €/KG","img":"https://fd13-photos.leclercdrive.fr/image.ashx?id=2855981&use=l&cat=p&typeid=i","cat":316071},{"id":234373,"n":"Dessert brassé végétal Andros Fruits du Verger - 6x100g","p":3.36,"u":"5,60 €/KG","img":"https://fd13-photos.leclercdrive.fr/image.ashx?id=2855984&use=l&cat=p&typeid=i","cat":316071},{"id":234374,"n":"Dessert brassé végétal Andros Vanille Bourbon 6x100g","p":3.39,"u":"5,65 €/KG","img":"https://fd13-photos.leclercdrive.fr/image.ashx?id=2881957&use=l&cat=p&typeid=i","cat":316071},{"id":234378,"n":"Bâtonnets Magnum Wonder Chocolat blanc caramélisé 208g","p":2.91,"u":"13,99 €/KG","img":"https://fd13-photos.leclercdrive.fr/image.ashx?id=2764044&use=l&cat=p&typeid=i","cat":284265},{"id":234379,"n":"Bâtonnets Magnum Euphoria Pink limonade x3 - 208g","p":2.76,"u":"13,27 €/KG","img":"https://fd13-photos.leclercdrive.fr/image.ashx?id=2788121&use=l&cat=p&typeid=i","cat":284265},{"id":234597,"n":"Glaces Twister Mini Tropical 8 bâtonnets - 348g","p":3.7,"u":"10,63 €/KG","img":"https://fd13-photos.leclercdrive.fr/image.ashx?id=3009317&use=l&cat=p&typeid=i","cat":285250},{"id":234601,"n":"Plateau de crevettes cocktail L'Atelier Poissonnerie - 130g","p":4.69,"u":"36,08 €/KG","img":"https://fd13-photos.leclercdrive.fr/image.ashx?id=2917903&use=l&cat=p&typeid=i","cat":284343},{"id":234602,"n":"Whisky Fondaudège Grand Cru 40° 70cl","p":32.9,"u":"47,00 €/L","img":"https://fd13-photos.leclercdrive.fr/image.ashx?id=2966755&use=l&cat=p&typeid=i","cat":284547},{"id":234615,"n":"Bière Cherry 8.6 7.2%  50cl","p":1.89,"u":"3,78 €/L","img":"https://fd13-photos.leclercdrive.fr/image.ashx?id=2766102&use=l&cat=p&typeid=i","cat":334853},{"id":234702,"n":"Marjolaine Ducros 10g","p":1.42,"u":"142,00 €/KG","img":"https://fd13-photos.leclercdrive.fr/image.ashx?id=2767087&use=l&cat=p&typeid=i","cat":298297},{"id":234706,"n":"Piment de Cayenne entier  Ducros - 11g","p":2.01,"u":"182,73 €/KG","img":"https://fd13-photos.leclercdrive.fr/image.ashx?id=2767096&use=l&cat=p&typeid=i","cat":298297},{"id":234745,"n":"Thon entier Rio Mare  filet d'huile d'olive - 120g","p":3.3,"u":"27,50 €/KG","img":"https://fd13-photos.leclercdrive.fr/image.ashx?id=2767240&use=l&cat=p&typeid=i","cat":303867},{"id":234815,"n":"Origan de Provence Ducros - 32 g","p":2.44,"u":"76,25 €/KG","img":"https://fd13-photos.leclercdrive.fr/image.ashx?id=2767842&use=l&cat=p&typeid=i","cat":298297},{"id":234860,"n":"Fromage Mini Caprice Des Dieux Filet de 4 Portions - 200g","p":3.51,"u":"17,55 €/KG","img":"https://fd13-photos.leclercdrive.fr/image.ashx?id=2768933&use=l&cat=p&typeid=i","cat":314033},{"id":234865,"n":"Curry de poulet  Tables du Monde - 900g","p":5.33,"u":"5,92 €/KG","img":"https://fd13-photos.leclercdrive.fr/image.ashx?id=2768481&use=l&cat=p&typeid=i","cat":284254},{"id":234947,"n":"Filets de thon Rio Mare Huile d'Olive & Gingembre -130g","p":4.11,"u":"31,62 €/KG","img":"https://fd13-photos.leclercdrive.fr/image.ashx?id=2770915&use=l&cat=p&typeid=i","cat":303867},{"id":235016,"n":"Chocolats  Lucky Monkey Lindt Céréales - 100g","p":2.8,"u":"28,00 €/KG","img":"https://fd13-photos.leclercdrive.fr/image.ashx?id=2773068&use=l&cat=p&typeid=i","cat":284497},{"id":235065,"n":"Repas bébé Blédichef 15 mois  Pâtes poireaux et kiri -250g","p":2.1,"u":"8,40 €/KG","img":"https://fd13-photos.leclercdrive.fr/image.ashx?id=2928420&use=l&cat=p&typeid=i","cat":312238},{"id":235068,"n":"Repas bébé Blédichef 15 mois Lasagne bolognaise -230g","p":2.74,"u":"11,91 €/KG","img":"https://fd13-photos.leclercdrive.fr/image.ashx?id=2975098&use=l&cat=p&typeid=i","cat":312238},{"id":235069,"n":"Repas bébé Blédichef 15 mois Lasagnes légumes -230g","p":2.77,"u":"12,04 €/KG","img":"https://fd13-photos.leclercdrive.fr/image.ashx?id=2865632&use=l&cat=p&typeid=i","cat":312238},{"id":235070,"n":"Repas bébé Blédichef 15 mois Lasagne épinards merlu -230g","p":2.72,"u":"11,83 €/KG","img":"https://fd13-photos.leclercdrive.fr/image.ashx?id=2865635&use=l&cat=p&typeid=i","cat":312238},{"id":235071,"n":"Aubergines compotées & blé  Cassegrain - 375g","p":3.59,"u":"9,57 €/KG","img":"https://fd13-photos.leclercdrive.fr/image.ashx?id=2970840&use=l&cat=p&typeid=i","cat":312612},{"id":235078,"n":"Repas bébé Blédichef 15 mois Carottes lentilles corail -200g","p":2.38,"u":"11,90 €/KG","img":"https://fd13-photos.leclercdrive.fr/image.ashx?id=2866304&use=l&cat=p&typeid=i","cat":312238},{"id":235080,"n":"Plat cuisiné William Saurin  Blanquette volaille - 320g","p":3.81,"u":"11,91 €/KG","img":"https://fd13-photos.leclercdrive.fr/image.ashx?id=2966017&use=l&cat=p&typeid=i","cat":284953},{"id":235081,"n":"Plat cuisiné William Saurin Trio gourmand boeuf - 320g","p":3.88,"u":"12,13 €/KG","img":"https://fd13-photos.leclercdrive.fr/image.ashx?id=2986386&use=l&cat=p&typeid=i","cat":284953},{"id":235082,"n":"Plat cuisiné William Saurin Trio gourmand merlu - 320g","p":3.91,"u":"12,22 €/KG","img":"https://fd13-photos.leclercdrive.fr/image.ashx?id=2986389&use=l&cat=p&typeid=i","cat":284953},{"id":235083,"n":"Plat cuisiné William Saurin Trio gourmand poulet pesto 320g","p":3.89,"u":"12,16 €/KG","img":"https://fd13-photos.leclercdrive.fr/image.ashx?id=2986383&use=l&cat=p&typeid=i","cat":284953},{"id":235084,"n":"Plat cuisiné William Saurin Trio gourmand 320g","p":3.83,"u":"11,97 €/KG","img":"https://fd13-photos.leclercdrive.fr/image.ashx?id=2986380&use=l&cat=p&typeid=i","cat":284953},{"id":235123,"n":"Compote Andros Pomme fruits  rouges - 650g","p":2.18,"u":"3,35 €/KG","img":"https://fd13-photos.leclercdrive.fr/image.ashx?id=2866406&use=l&cat=p&typeid=i","cat":284508},{"id":235127,"n":"Biscuits parmesan poivre Savour 100g","p":1.85,"u":"18,50 €/KG","img":"https://fd13-photos.leclercdrive.fr/image.ashx?id=2791048&use=l&cat=p&typeid=i","cat":297000},{"id":235202,"n":"Menthe Pastille Giffard 24%vol - 150cl","p":22.9,"pp":20.9,"u":"13,93 €/L","img":"https://fd13-photos.leclercdrive.fr/image.ashx?id=2775712&use=l&cat=p&typeid=i","cat":286032},{"id":235204,"n":"Vodka Sobieski Bib 1,5L","p":22.38,"u":"14,92 €/L","img":"https://fd13-photos.leclercdrive.fr/image.ashx?id=2775532&use=l&cat=p&typeid=i","cat":284550},{"id":235247,"n":"M&M's Peanut x5 180g","p":1.97,"u":"10,94 €/KG","img":"https://fd13-photos.leclercdrive.fr/image.ashx?id=3009011&use=l&cat=p&typeid=i","cat":304238},{"id":235260,"n":"Pâte Lotus Biscoff Speculoos Creamy - 410g","p":3.67,"u":"8,95 €/KG","img":"https://fd13-photos.leclercdrive.fr/image.ashx?id=2776208&use=l&cat=p&typeid=i","cat":284481},{"id":235272,"n":"Café froid Nescafé Latte  Cappuccino - 240ml","p":1.64,"u":"6,83 €/L","img":"https://fd13-photos.leclercdrive.fr/image.ashx?id=2980145&use=l&cat=p&typeid=i","cat":313735},{"id":235323,"n":"Skyr Siggi's  Nature 0% MG - 825g","p":4.89,"u":"5,93 €/KG","img":"https://fd13-photos.leclercdrive.fr/image.ashx?id=2848551&use=l&cat=p&typeid=i","cat":315000},{"id":235349,"n":"Sucre glace Daddy 500g","p":1.75,"u":"3,50 €/KG","img":"https://fd13-photos.leclercdrive.fr/image.ashx?id=2975864&use=l&cat=p&typeid=i","cat":284502},{"id":235350,"n":"Apéritif Apérol 70cl","p":12.51,"u":"17,87 €/L","img":"https://fd13-photos.leclercdrive.fr/image.ashx?id=2812022&use=l&cat=p&typeid=i","cat":286032},{"id":235404,"n":"Lait éveil croissance Lactel  système immunitaire - 6x1L","p":13.46,"u":"2,24 €/L","img":"https://fd13-photos.leclercdrive.fr/image.ashx?id=2776531&use=l&cat=p&typeid=i","cat":284728},{"id":235405,"n":"Friandises chat temptations Whiskas saveur saumon - 60g","p":1.11,"u":"18,50 €/KG","img":"https://fd13-photos.leclercdrive.fr/image.ashx?id=2976854&use=l&cat=p&typeid=i","cat":285285},{"id":235414,"n":"Lait en poudre Modilac Actigest LF+1 Bébé 0-6 mois - 800g","p":21.07,"u":"26,34 €/KG","img":"https://fd13-photos.leclercdrive.fr/image.ashx?id=2981184&use=l&cat=p&typeid=i","cat":284726},{"id":235427,"n":"Sauce soja salée  Suziwan - 640ml","p":5.82,"u":"9,09 €/L","img":"https://fd13-photos.leclercdrive.fr/image.ashx?id=2886244&use=l&cat=p&typeid=i","cat":288992},{"id":235440,"n":"Biscuits Mars fourrés  au chocolat - 132g","p":2.17,"u":"16,44 €/KG","img":"https://fd13-photos.leclercdrive.fr/image.ashx?id=2777378&use=l&cat=p&typeid=i","cat":284488},{"id":235444,"n":"Biscuits Twix fourrés  au caramel - 132g","p":1.93,"u":"14,62 €/KG","img":"https://fd13-photos.leclercdrive.fr/image.ashx?id=2777381&use=l&cat=p&typeid=i","cat":284488},{"id":235544,"n":"Brosse à dent enfant Signal Extra-souple - 0-6 ans x3","p":5.32,"u":"1,77 €/P","img":"https://fd13-photos.leclercdrive.fr/image.ashx?id=2779091&use=l&cat=p&typeid=i","cat":288897},{"id":235569,"n":"Thé noir Bio Clipper English Breakfast -  20 sachets","p":2.75,"u":"68,75 €/KG","img":"https://fd13-photos.leclercdrive.fr/image.ashx?id=2908306&use=l&cat=p&typeid=i","cat":293233},{"id":235636,"n":"Capsules lave-vaisselle Finish Quantum Citron - x46 - 478g","p":9.93,"u":"20,77 €/KG","img":"https://fd13-photos.leclercdrive.fr/image.ashx?id=2780493&use=l&cat=p&typeid=i","cat":284656},{"id":235655,"n":"Cassonade Saint Louis Equitable - 650g","p":2.46,"u":"3,78 €/KG","img":"https://fd13-photos.leclercdrive.fr/image.ashx?id=2780214&use=l&cat=p&typeid=i","cat":284502},{"id":235671,"n":"Fromage chaud Le Braison 240g","p":5.78,"u":"24,08 €/KG","img":"https://fd13-photos.leclercdrive.fr/image.ashx?id=2970771&use=l&cat=p&typeid=i","cat":314037},{"id":235685,"n":"Lait bébé en poudre Calisma Gallia Croissance 12 mois 830g","p":10.65,"u":"12,83 €/KG","img":"https://fd13-photos.leclercdrive.fr/image.ashx?id=2794274&use=l&cat=p&typeid=i","cat":290219},{"id":235786,"n":"Tablette lave-vaisselle Visior Tout-en-un - x45 - 765g","p":5.27,"u":"6,89 €/KG","img":"https://fd13-photos.leclercdrive.fr/image.ashx?id=2954902&use=l&cat=p&typeid=i","cat":284656},{"id":235835,"n":"Lessive capsules Skip Extra détachant - 759.6g x36","p":13.05,"u":"17,17 €/KG","img":"https://fd13-photos.leclercdrive.fr/image.ashx?id=2929242&use=l&cat=p&typeid=i","cat":284641},{"id":235860,"n":"Solution micellaire Filorga Skin-Prep - 400ml","p":18.99,"u":"47,48 €/L","img":"https://fd13-photos.leclercdrive.fr/image.ashx?id=2782135&use=l&cat=p&typeid=i","cat":284603},{"id":235861,"n":"Pack 2 cartouches Brita Filtrantes Maxtra Pro All-in-1","p":19.9,"img":"https://fd13-photos.leclercdrive.fr/image.ashx?id=2950549&use=l&cat=p&typeid=i","cat":334135},{"id":235863,"n":"Pack 4 cartouches Brita Filtrantes Maxtra Pro All-in-1","p":28.9,"img":"https://fd13-photos.leclercdrive.fr/image.ashx?id=2950552&use=l&cat=p&typeid=i","cat":334135},{"id":235864,"n":"Carafe filtrante Marella Brita Blanche - 2.4L - x1 recharge","p":21.9,"img":"https://fd13-photos.leclercdrive.fr/image.ashx?id=2878276&use=l&cat=p&typeid=i","cat":334135},{"id":236050,"n":"Lait bébé en poudre Calisma Gallia Junior Dès 18 mois 830g","p":11.37,"u":"13,70 €/KG","img":"https://fd13-photos.leclercdrive.fr/image.ashx?id=2907860&use=l&cat=p&typeid=i","cat":290219},{"id":236083,"n":"Boisson Monster Energy zero Ultra rosa - 50cl","p":1.59,"u":"3,18 €/L","img":"https://fd13-photos.leclercdrive.fr/image.ashx?id=2784465&use=l&cat=p&typeid=i","cat":284533},{"id":236231,"n":"Boisson énergisante Crazy Tiger Pomme - 1L","p":2.08,"u":"2,08 €/L","img":"https://fd13-photos.leclercdrive.fr/image.ashx?id=2792729&use=l&cat=p&typeid=i","cat":284533},{"id":236236,"n":"Café en capsules Lavazza Tales of Roma x10 - 57g","p":3.66,"u":"64,21 €/KG","img":"https://fd13-photos.leclercdrive.fr/image.ashx?id=2919042&use=l&cat=p&typeid=i","cat":284749},{"id":236240,"n":"Café en capsules Lavazza Tales  of Napoli x10 - 55g","p":3.65,"u":"66,36 €/KG","img":"https://fd13-photos.leclercdrive.fr/image.ashx?id=2919039&use=l&cat=p&typeid=i","cat":284749},{"id":236266,"n":"Boisson Monster Energy zero Ultra peachy keen - 50cl","p":1.72,"u":"3,44 €/L","img":"https://fd13-photos.leclercdrive.fr/image.ashx?id=2789116&use=l&cat=p&typeid=i","cat":284533},{"id":236385,"n":"Bière brut IPA Ninkasi - 44cl 5.6% vol.","p":2.98,"u":"6,77 €/L","img":"https://fd13-photos.leclercdrive.fr/image.ashx?id=2790141&use=l&cat=p&typeid=i","cat":334853},{"id":236387,"n":"Bière IPA Ninkasi Neipa 44cl - 6% vol.","p":2.93,"u":"6,66 €/L","img":"https://fd13-photos.leclercdrive.fr/image.ashx?id=2790138&use=l&cat=p&typeid=i","cat":334853},{"id":236433,"n":"Haché moelleux Férial 600g","p":6.55,"u":"10,92 €/KG","img":"https://fd13-photos.leclercdrive.fr/image.ashx?id=2789700&use=l&cat=p&typeid=i","cat":319779},{"id":236504,"n":"Cup de nouilles Mei Asia Saveur Kim Chi - 173g","p":3.55,"u":"20,52 €/KG","img":"https://fd13-photos.leclercdrive.fr/image.ashx?id=2791521&use=l&cat=p&typeid=i","cat":284953},{"id":236535,"n":"Cup de nouilles Mei Asia Saveur Poulet - 173g","p":3.55,"u":"20,52 €/KG","img":"https://fd13-photos.leclercdrive.fr/image.ashx?id=2792810&use=l&cat=p&typeid=i","cat":284953},{"id":236536,"n":"Cup de nouilles Mei Asia Saveur Boeuf - 173g","p":3.55,"u":"20,52 €/KG","img":"https://fd13-photos.leclercdrive.fr/image.ashx?id=2792807&use=l&cat=p&typeid=i","cat":284953},{"id":236538,"n":"Topokki Mei Asia Original - 178g","p":4.48,"u":"25,17 €/KG","img":"https://fd13-photos.leclercdrive.fr/image.ashx?id=2792816&use=l&cat=p&typeid=i","cat":284953},{"id":236539,"n":"Sachet Ramen Mei Asia Soja caramel - 170g","p":2.85,"u":"16,76 €/KG","img":"https://fd13-photos.leclercdrive.fr/image.ashx?id=2792804&use=l&cat=p&typeid=i","cat":284953},{"id":236546,"n":"Lait de coco Mei Asia 400ml","p":2.19,"u":"5,48 €/L","img":"https://fd13-photos.leclercdrive.fr/image.ashx?id=2792813&use=l&cat=p&typeid=i","cat":294991},{"id":236716,"n":"Hydralin Balance gel vaginal  7 tubes x5ml","p":11.99,"img":"https://fd13-photos.leclercdrive.fr/image.ashx?id=2794764&use=l&cat=p&typeid=i","cat":328622},{"id":237836,"n":"Ficelle alimentaire éco+","p":2.37,"img":"https://fd13-photos.leclercdrive.fr/image.ashx?id=2808640&use=l&cat=p&typeid=i","cat":298490},{"id":237839,"n":"Cartouches filtrantes Brita Maxtra pro Pack de 6","p":39.99,"img":"https://fd13-photos.leclercdrive.fr/image.ashx?id=2950555&use=l&cat=p&typeid=i","cat":334135},{"id":237840,"n":"Minuteur mécanique rond","p":1.86,"img":"https://fd13-photos.leclercdrive.fr/image.ashx?id=2808637&use=l&cat=p&typeid=i","cat":334135},{"id":237856,"n":"Baume pieds Akileine Hydra défense - 125ml","p":9.36,"u":"74,88 €/L","img":"https://fd13-photos.leclercdrive.fr/image.ashx?id=2796818&use=l&cat=p&typeid=i","cat":290424},{"id":237859,"n":"Emulsion lavante intime  Saugella Dermoliquide- 750ml","p":10.54,"u":"14,05 €/L","img":"https://fd13-photos.leclercdrive.fr/image.ashx?id=2796354&use=l&cat=p&typeid=i","cat":301348},{"id":237861,"n":"Soin intime naturel Roge  Cavailles Extra doux - 2x500ml","p":17.9,"u":"17,90 €/L","img":"https://fd13-photos.leclercdrive.fr/image.ashx?id=2798569&use=l&cat=p&typeid=i","cat":301348},{"id":237862,"n":"Traitement cystites Femannose N 14 sachets","p":15.99,"img":"https://fd13-photos.leclercdrive.fr/image.ashx?id=2912638&use=l&cat=p&typeid=i","cat":291163},{"id":237863,"n":"Spray anti-moustiques Cinq sur Cinq zonestemperées 100ml","p":8.28,"img":"https://fd13-photos.leclercdrive.fr/image.ashx?id=2796863&use=l&cat=p&typeid=i","cat":290402},{"id":237864,"n":"Anti-moustiques Insect Ecran Famille - 100ml","p":7.83,"u":"78,30 €/L","img":"https://fd13-photos.leclercdrive.fr/image.ashx?id=2796321&use=l&cat=p&typeid=i","cat":290402},{"id":237865,"n":"Soin intime Hydralin  Calmant irritations - 2x200ml","p":12.48,"img":"https://fd13-photos.leclercdrive.fr/image.ashx?id=2796860&use=l&cat=p&typeid=i","cat":301348},{"id":237866,"n":"Soin lavant intime Saugella Dermoliquide - 2x200ml","p":9.37,"u":"18,74 €/L","img":"https://fd13-photos.leclercdrive.fr/image.ashx?id=2796357&use=l&cat=p&typeid=i","cat":301348},{"id":237940,"n":"Pâtes Barilla Fusilloni  Al Bronzo - 500g","p":1.89,"u":"3,78 €/KG","img":"https://fd13-photos.leclercdrive.fr/image.ashx?id=2797906&use=l&cat=p&typeid=i","cat":284427},{"id":237950,"n":"Pâtes Barilla Linguine  Al Bronzo - 500g","p":1.93,"u":"3,86 €/KG","img":"https://fd13-photos.leclercdrive.fr/image.ashx?id=2798683&use=l&cat=p&typeid=i","cat":284427},{"id":238056,"n":"Pâtes Barilla Spaghettoni  Al Bronzo - 500g","p":1.98,"u":"3,96 €/KG","img":"https://fd13-photos.leclercdrive.fr/image.ashx?id=2798686&use=l&cat=p&typeid=i","cat":284427},{"id":238073,"n":"Soda Coca-Cola Sans Sucres Bouteille - Pack 6x50CL","p":5.6,"u":"1,87 €/L","img":"https://fd13-photos.leclercdrive.fr/image.ashx?id=2860532&use=l&cat=p&typeid=i","cat":284530},{"id":238135,"n":"Beurre d'Etrez de baratte AOP Doux - 250g","p":2.87,"u":"11,48 €/KG","img":"https://fd13-photos.leclercdrive.fr/image.ashx?id=2799446&use=l&cat=p&typeid=i","cat":284379},{"id":238167,"n":"Whisky Aberlour Triple Cast 40% 70cl","p":38.15,"u":"54,50 €/L","img":"https://fd13-photos.leclercdrive.fr/image.ashx?id=2999006&use=l&cat=p&typeid=i","cat":284547},{"id":238170,"n":"Oreiller rectangulaire Tissaïa Standard Ferme - 45x70cm","p":9.85,"u":"Dont 0,06 € d'éco-part.","img":"https://fd13-photos.leclercdrive.fr/image.ashx?id=2799808&use=l&cat=p&typeid=i","cat":288835},{"id":238174,"n":"Nettoyant concentré Mixa Hydratant Lot de 2 - 2x15cl","p":12.29,"u":"40,97 €/L","img":"https://fd13-photos.leclercdrive.fr/image.ashx?id=2919763&use=l&cat=p&typeid=i","cat":284603},{"id":238274,"n":"Crêpes chocolat au lait Whaou - x15 - 480g","p":5.35,"u":"11,15 €/KG","img":"https://fd13-photos.leclercdrive.fr/image.ashx?id=2800417&use=l&cat=p&typeid=i","cat":284494},{"id":238377,"n":"Mousse à raser Wilkinson 200ml","p":3.05,"u":"15,25 €/L","img":"https://fd13-photos.leclercdrive.fr/image.ashx?id=2801252&use=l&cat=p&typeid=i","cat":284617},{"id":238378,"n":"Gel à raser Wilkinson 200ml","p":3.77,"u":"18,85 €/L","img":"https://fd13-photos.leclercdrive.fr/image.ashx?id=2801255&use=l&cat=p&typeid=i","cat":284617},{"id":238379,"n":"Mousse à raser mini Wilkinson 75ml","p":2.5,"u":"33,33 €/L","img":"https://fd13-photos.leclercdrive.fr/image.ashx?id=2895008&use=l&cat=p&typeid=i","cat":284617},{"id":238410,"n":"Pancakes bio Yooji pour bébé Carotte et Maïs 120g","p":3.88,"u":"32,33 €/KG","img":"https://fd13-photos.leclercdrive.fr/image.ashx?id=2800950&use=l&cat=p&typeid=i","cat":290631},{"id":238415,"n":"Pancakes bio Yooji pour bébé Banane 120g","p":3.94,"u":"32,83 €/KG","img":"https://fd13-photos.leclercdrive.fr/image.ashx?id=2800956&use=l&cat=p&typeid=i","cat":312394},{"id":238423,"n":"Chewing-gum Refreshers  Menthe verte, 67g","p":2.99,"u":"44,63 €/KG","img":"https://fd13-photos.leclercdrive.fr/image.ashx?id=3008990&use=l&cat=p&typeid=i","cat":304251},{"id":238429,"n":"Chocolat au lait Tablette d'Or caramel beurre salé 180g","p":2.49,"u":"13,83 €/KG","img":"https://fd13-photos.leclercdrive.fr/image.ashx?id=2967582&use=l&cat=p&typeid=i","cat":284497},{"id":238530,"n":"Ravioli Lustucru Selection  4 fromages - 310g","p":1.94,"u":"6,26 €/KG","img":"https://fd13-photos.leclercdrive.fr/image.ashx?id=2962524&use=l&cat=p&typeid=i","cat":333682},{"id":238567,"n":"Masque cheveux Fructis Garnier Longueur & glow Ananas - 320ml","p":6.24,"u":"19,50 €/L","img":"https://fd13-photos.leclercdrive.fr/image.ashx?id=2802129&use=l&cat=p&typeid=i","cat":284608},{"id":238658,"n":"Crème de rasage 2-en-1 Gillette +Nettoyant zone intime 177ml","p":10.33,"u":"58,36 €/L","img":"https://fd13-photos.leclercdrive.fr/image.ashx?id=2802809&use=l&cat=p&typeid=i","cat":284617},{"id":238684,"n":"Saumon fumé Petit Navire Hautes Terres d'Ecosse x6 175g","p":6.99,"u":"39,94 €/KG","img":"https://fd13-photos.leclercdrive.fr/image.ashx?id=2950489&use=l&cat=p&typeid=i","cat":285188},{"id":238872,"n":"Quinoa facile Lustucru 300g","p":2.2,"u":"7,33 €/KG","img":"https://fd13-photos.leclercdrive.fr/image.ashx?id=2804565&use=l&cat=p&typeid=i","cat":284429},{"id":238899,"n":"Yaourt protéiné Skyr Yoplait Vanille 0%Mg - 450g","p":2.31,"u":"5,13 €/KG","img":"https://fd13-photos.leclercdrive.fr/image.ashx?id=2884447&use=l&cat=p&typeid=i","cat":315000},{"id":238997,"n":"Tire-bouchon Homeside Sommelier Inox - x1","p":2.99,"img":"https://fd13-photos.leclercdrive.fr/image.ashx?id=2808652&use=l&cat=p&typeid=i","cat":334135},{"id":238998,"n":"Tranche fromage Homeside Manche en bois - x1","p":4.26,"img":"https://fd13-photos.leclercdrive.fr/image.ashx?id=2808676&use=l&cat=p&typeid=i","cat":334135},{"id":239000,"n":"Coupe tarte/pizza Homeside x1","p":4.59,"img":"https://fd13-photos.leclercdrive.fr/image.ashx?id=2808661&use=l&cat=p&typeid=i","cat":334135},{"id":239001,"n":"Fourchettes à fondue Homeside Manche en bois - x3","p":3.9,"img":"https://fd13-photos.leclercdrive.fr/image.ashx?id=2808670&use=l&cat=p&typeid=i","cat":334135},{"id":239002,"n":"Brûleur à alcool Homeside x1","p":3.99,"img":"https://fd13-photos.leclercdrive.fr/image.ashx?id=2808658&use=l&cat=p&typeid=i","cat":334135},{"id":239014,"n":"Compote La vie en rouge Andros - 4x100g","p":1.85,"u":"4,63 €/KG","img":"https://fd13-photos.leclercdrive.fr/image.ashx?id=2884000&use=l&cat=p&typeid=i","cat":284416},{"id":239016,"n":"Compote La vie en jaune Andros - 4x100g","p":1.79,"u":"4,48 €/KG","img":"https://fd13-photos.leclercdrive.fr/image.ashx?id=2908189&use=l&cat=p&typeid=i","cat":284416},{"id":239022,"n":"Lyre à foie gras Homeside x1","p":3.5,"img":"https://fd13-photos.leclercdrive.fr/image.ashx?id=2808667&use=l&cat=p&typeid=i","cat":334135},{"id":239024,"n":"Spatulettes à raclette Homeside En bois - x6","p":2.5,"img":"https://fd13-photos.leclercdrive.fr/image.ashx?id=2808646&use=l&cat=p&typeid=i","cat":334135},{"id":239025,"n":"Piques apéritif Homeside 10cm - En bambou - x50","p":1.89,"img":"https://fd13-photos.leclercdrive.fr/image.ashx?id=2808649&use=l&cat=p&typeid=i","cat":334135},{"id":239208,"n":"Lessive capsules Le Chat  Disc Expert 4 en 1 x25 - 413g","p":8.23,"u":"19,98 €/KG","img":"https://fd13-photos.leclercdrive.fr/image.ashx?id=2936125&use=l&cat=p&typeid=i","cat":284641},{"id":239218,"n":"Lingettes Décolor Stop  Anti-décoloration x52","p":5.69,"u":"0,11 €/P","img":"https://fd13-photos.leclercdrive.fr/image.ashx?id=2805264&use=l&cat=p&typeid=i","cat":290450},{"id":239220,"n":"Bain de Bouche Listerine Haleine Fraiche 500ml","p":3.89,"u":"7,78 €/L","img":"https://fd13-photos.leclercdrive.fr/image.ashx?id=2806309&use=l&cat=p&typeid=i","cat":284613},{"id":239225,"n":"Bain de Bouche Listerine Total Care - Sans alcool 500ml","p":4.09,"u":"8,18 €/L","img":"https://fd13-photos.leclercdrive.fr/image.ashx?id=2806321&use=l&cat=p&typeid=i","cat":284613},{"id":239226,"n":"Adoucissant recharge Soupline à diluer Grand Air - 600ml","p":2.18,"u":"3,63 €/L","img":"https://fd13-photos.leclercdrive.fr/image.ashx?id=2957314&use=l&cat=p&typeid=i","cat":284650},{"id":239227,"n":"Adoucissant recharge Soupline à diluer Hypoallergénique 600ml","p":2.88,"u":"4,80 €/L","img":"https://fd13-photos.leclercdrive.fr/image.ashx?id=2813546&use=l&cat=p&typeid=i","cat":284650},{"id":239228,"n":"Adoucissant recharge Soupline à diluer Moment Magique-600ml","p":2.99,"u":"4,98 €/L","img":"https://fd13-photos.leclercdrive.fr/image.ashx?id=2863027&use=l&cat=p&typeid=i","cat":284650},{"id":239229,"n":"Brume de linge Soupline spray Grand Air - 300ml","p":5.98,"u":"19,93 €/L","img":"https://fd13-photos.leclercdrive.fr/image.ashx?id=2866202&use=l&cat=p&typeid=i","cat":325302},{"id":239231,"n":"Dentifrice Sensitive Elmex Blancheur - 75ml","p":5.93,"u":"79,07 €/L","img":"https://fd13-photos.leclercdrive.fr/image.ashx?id=2806447&use=l&cat=p&typeid=i","cat":284612},{"id":239232,"n":"Dentifrice Colgate Active Blancheur - 75ml","p":2.98,"u":"39,73 €/L","img":"https://fd13-photos.leclercdrive.fr/image.ashx?id=2814623&use=l&cat=p&typeid=i","cat":284612},{"id":239234,"n":"Dentifrice Colgate Total Résistance de l'émail 75ml","p":3.18,"u":"42,40 €/L","img":"https://fd13-photos.leclercdrive.fr/image.ashx?id=2832578&use=l&cat=p&typeid=i","cat":284612},{"id":239236,"n":"Lingettes pocket bébé Biolane Visage et mains - x20","p":1.67,"img":"https://fd13-photos.leclercdrive.fr/image.ashx?id=2806195&use=l&cat=p&typeid=i","cat":284738},{"id":239237,"n":"Couches bébé Mots d'enfant Taille 3 - 4-9kg - x104","p":12.67,"u":"12,67 €/PRT","img":"https://fd13-photos.leclercdrive.fr/image.ashx?id=2922439&use=l&cat=p&typeid=i","cat":284737},{"id":239241,"n":"Couches bébé Mots d'enfant Taille 4+ - 9-20kg - x88","p":12.67,"img":"https://fd13-photos.leclercdrive.fr/image.ashx?id=2922445&use=l&cat=p&typeid=i","cat":284737},{"id":239242,"n":"Couches bébé Mots d'enfant Taille 5 - 11-25kg - x84","p":12.67,"u":"0,15 €/P","img":"https://fd13-photos.leclercdrive.fr/image.ashx?id=2922448&use=l&cat=p&typeid=i","cat":284737},{"id":239247,"n":"Cartouches filtrantes Brita Maxtra pro Anti-tartre Pack 2","p":22.9,"u":"22,90 €/PRT","img":"https://fd13-photos.leclercdrive.fr/image.ashx?id=2950558&use=l&cat=p&typeid=i","cat":334135},{"id":239249,"n":"Carafe filtrante Aluna Brita Maxtra Pro - Blanche 2 mois","p":25.9,"img":"https://fd13-photos.leclercdrive.fr/image.ashx?id=2806393&use=l&cat=p&typeid=i","cat":334135},{"id":239371,"n":"Capsules café L'Or Espresso Supremo N°10 x50","p":14.59,"u":"56,12 €/KG","img":"https://fd13-photos.leclercdrive.fr/image.ashx?id=3000480&use=l&cat=p&typeid=i","cat":284749},{"id":239470,"n":"Abricots secs entiers dénoyautés Sun - 500g","p":4.21,"u":"8,42 €/KG","img":"https://fd13-photos.leclercdrive.fr/image.ashx?id=2806904&use=l&cat=p&typeid=i","cat":284357},{"id":239478,"n":"Burger Géant Jacquet Nature x4 - 330g","p":1.12,"u":"3,39 €/KG","img":"https://fd13-photos.leclercdrive.fr/image.ashx?id=3010981&use=l&cat=p&typeid=i","cat":325067},{"id":239508,"n":"Préparation maison Vahiné Muffins chocolat noisettes 330g","p":3.43,"u":"10,39 €/KG","img":"https://fd13-photos.leclercdrive.fr/image.ashx?id=2806964&use=l&cat=p&typeid=i","cat":284505},{"id":239509,"n":"Préparation maison Vahiné Gâteau 3en1 chocolat  280g","p":2.66,"u":"9,50 €/KG","img":"https://fd13-photos.leclercdrive.fr/image.ashx?id=2806961&use=l&cat=p&typeid=i","cat":284505},{"id":239617,"n":"Boisson hydratation Prime Fraise pastèque 500ml","p":1.98,"u":"3,96 €/L","img":"https://fd13-photos.leclercdrive.fr/image.ashx?id=2849277&use=l&cat=p&typeid=i","cat":284533},{"id":239871,"n":"Soupe Douceur à l'Italienne Knorr - 600ml","p":2.94,"u":"4,90 €/L","img":"https://fd13-photos.leclercdrive.fr/image.ashx?id=2950906&use=l&cat=p&typeid=i","cat":284462},{"id":239883,"n":"Velouté Eco+ Poireaux pomme de terre","p":0.87,"u":"0,87 €/L","img":"https://fd13-photos.leclercdrive.fr/image.ashx?id=2808724&use=l&cat=p&typeid=i","cat":284462},{"id":239899,"n":"Plat Bledina Boeuf et carotte - 200g","p":2.38,"u":"11,90 €/KG","img":"https://fd13-photos.leclercdrive.fr/image.ashx?id=2866307&use=l&cat=p&typeid=i","cat":312238},{"id":239902,"n":"Saumon en croûte Côté Table 700g","p":7.49,"u":"10,70 €/KG","img":"https://fd13-photos.leclercdrive.fr/image.ashx?id=2808733&use=l&cat=p&typeid=i","cat":319776},{"id":240002,"n":"Billes M&Ms caramel salé 367g","p":5.57,"u":"15,18 €/KG","img":"https://fd13-photos.leclercdrive.fr/image.ashx?id=2924770&use=l&cat=p&typeid=i","cat":304238},{"id":240234,"n":"Bûche glacée Pilpa Duo de Vanilles - 535g","p":5.27,"u":"9,85 €/KG","img":"https://fd13-photos.leclercdrive.fr/image.ashx?id=2812765&use=l&cat=p&typeid=i","cat":284266},{"id":240426,"n":"Soda à l'orange Orangina 2x1,5L","p":3.94,"u":"1,31 €/L","img":"https://fd13-photos.leclercdrive.fr/image.ashx?id=2812690&use=l&cat=p&typeid=i","cat":284532},{"id":240427,"n":"Soda à l'orange Orangina 12x33cl","p":7.4,"u":"1,87 €/L","img":"https://fd13-photos.leclercdrive.fr/image.ashx?id=2946505&use=l&cat=p&typeid=i","cat":284532},{"id":240428,"n":"Soda à l'orange Orangina 6x33cl","p":3.63,"u":"1,83 €/L","img":"https://fd13-photos.leclercdrive.fr/image.ashx?id=2946502&use=l&cat=p&typeid=i","cat":284532},{"id":240473,"n":"Drap housse uni Tissaïa Blanc - Jersey - 90x190cm","p":3.94,"img":"https://fd13-photos.leclercdrive.fr/image.ashx?id=2813698&use=l&cat=p&typeid=i","cat":286694},{"id":240480,"n":"Drap housse uni Tissaïa Anthracite - Jersey - 90x190cm","p":3.94,"img":"https://fd13-photos.leclercdrive.fr/image.ashx?id=2813749&use=l&cat=p&typeid=i","cat":286694},{"id":240524,"n":"Drap housse uni Tissaïa Anthracite Jersey - 160x200cm","p":5.94,"img":"https://fd13-photos.leclercdrive.fr/image.ashx?id=2813746&use=l&cat=p&typeid=i","cat":286694},{"id":240527,"n":"Drap de bain Basics Tissaïa Anthracite - 90x130cm","p":5.95,"img":"https://fd13-photos.leclercdrive.fr/image.ashx?id=2813752&use=l&cat=p&typeid=i","cat":286694},{"id":240528,"n":"Drap de bain Basics Tissaïa Emeraude - 90x130cm","p":5.95,"img":"https://fd13-photos.leclercdrive.fr/image.ashx?id=2813755&use=l&cat=p&typeid=i","cat":286694},{"id":240696,"n":"Piles Energizer Max AAA LR03 15+5 offertes","p":9.9,"u":"0,50 €/P","img":"https://fd13-photos.leclercdrive.fr/image.ashx?id=2818100&use=l&cat=p&typeid=i","cat":300572},{"id":240751,"n":"Spaghetti Barilla Quadrati Al bronzo - 500g","p":1.99,"u":"3,98 €/KG","img":"https://fd13-photos.leclercdrive.fr/image.ashx?id=2815145&use=l&cat=p&typeid=i","cat":284427},{"id":240843,"n":"Skyr nature Délisse 850g","p":2.75,"u":"3,24 €/KG","img":"https://fd13-photos.leclercdrive.fr/image.ashx?id=2992600&use=l&cat=p&typeid=i","cat":315000},{"id":240848,"n":"Girolles sauvages entières L'Origine du Goût 300g","p":4.85,"u":"16,17 €/KG","img":"https://fd13-photos.leclercdrive.fr/image.ashx?id=2814713&use=l&cat=p&typeid=i","cat":319805},{"id":240850,"n":"Tomme de Savoie IGP L'Atelier Fromagerie 200g","p":3.46,"u":"17,30 €/KG","img":"https://fd13-photos.leclercdrive.fr/image.ashx?id=2814716&use=l&cat=p&typeid=i","cat":329184},{"id":240852,"n":"Cèpes morceaux L'Origine du Goût 300g","p":4.05,"u":"13,50 €/KG","img":"https://fd13-photos.leclercdrive.fr/image.ashx?id=2814917&use=l&cat=p&typeid=i","cat":319805},{"id":240876,"n":"Yaourt à la Grecque Eco+ Nature - 4x125g","p":0.98,"u":"1,96 €/KG","img":"https://fd13-photos.leclercdrive.fr/image.ashx?id=2814854&use=l&cat=p&typeid=i","cat":284409},{"id":240883,"n":"Saumon fumé Delpeyrat Ecosse 4 tranches mini - 110g","p":6.71,"u":"61,00 €/KG","img":"https://fd13-photos.leclercdrive.fr/image.ashx?id=2901716&use=l&cat=p&typeid=i","cat":285188},{"id":240889,"n":"Oeufs de lompe Labeyrie  MSC 80g","p":4.17,"u":"52,13 €/KG","img":"https://fd13-photos.leclercdrive.fr/image.ashx?id=2817602&use=l&cat=p&typeid=i","cat":285191},{"id":240919,"n":"Morilles sauvages entières L'Origine du Goût 150g","p":5.99,"u":"39,93 €/KG","img":"https://fd13-photos.leclercdrive.fr/image.ashx?id=2974882&use=l&cat=p&typeid=i","cat":319805},{"id":240920,"n":"Saumon fumé Delpeyrat Noorvège 4 tranches - 120g","p":5.93,"u":"49,42 €/KG","img":"https://fd13-photos.leclercdrive.fr/image.ashx?id=2901713&use=l&cat=p&typeid=i","cat":285188},{"id":241210,"n":"Dentifrice Enfants Signal  Super Mario - Fruité - 75ml","p":2.18,"u":"29,07 €/L","img":"https://fd13-photos.leclercdrive.fr/image.ashx?id=2993173&use=l&cat=p&typeid=i","cat":288898},{"id":241256,"n":"M&M's minis pochons  360g","p":4.89,"u":"13,58 €/KG","img":"https://fd13-photos.leclercdrive.fr/image.ashx?id=3005290&use=l&cat=p&typeid=i","cat":304238},{"id":241812,"n":"Gourde bébé Blédina - 10 mois Multifruits - 8x85g","p":7.77,"u":"11,43 €/KG","img":"https://fd13-photos.leclercdrive.fr/image.ashx?id=2826642&use=l&cat=p&typeid=i","cat":312393},{"id":242210,"n":"Tartinades de thon Petit Navire 250g","p":3.99,"u":"15,96 €/KG","img":"https://fd13-photos.leclercdrive.fr/image.ashx?id=2835848&use=l&cat=p&typeid=i","cat":284451},{"id":242214,"n":"Bloc WC Bref Deluxe  Magnolia précieux 2+1","p":2.88,"u":"0,96 €/P","img":"https://fd13-photos.leclercdrive.fr/image.ashx?id=2965022&use=l&cat=p&typeid=i","cat":284662},{"id":242218,"n":"Lingettes Mixa bébé au lait x80","p":3.16,"u":"0,04 €/P","img":"https://fd13-photos.leclercdrive.fr/image.ashx?id=2828079&use=l&cat=p&typeid=i","cat":284738},{"id":242226,"n":"Déodorant Mixa Anti-transpirant 48h","p":2.69,"u":"53,80 €/L","img":"https://fd13-photos.leclercdrive.fr/image.ashx?id=2869116&use=l&cat=p&typeid=i","cat":284595},{"id":242235,"n":"Lingettes bébé Cadum  Ultra-douces x48","p":4.19,"u":"0,04 €/P","img":"https://fd13-photos.leclercdrive.fr/image.ashx?id=2828091&use=l&cat=p&typeid=i","cat":284738},{"id":242258,"n":"Laque Elnett 300ml","p":7.87,"u":"26,23 €/L","img":"https://fd13-photos.leclercdrive.fr/image.ashx?id=2828019&use=l&cat=p&typeid=i","cat":284609},{"id":242259,"n":"Laque Elnett fixation forte 300ml","p":7.85,"u":"26,17 €/L","img":"https://fd13-photos.leclercdrive.fr/image.ashx?id=2828016&use=l&cat=p&typeid=i","cat":284609},{"id":242261,"n":"Laque Elnett Fixation normale 400ml","p":9.35,"u":"23,38 €/L","img":"https://fd13-photos.leclercdrive.fr/image.ashx?id=2828025&use=l&cat=p&typeid=i","cat":284609},{"id":242262,"n":"Laque Elnett Fixation forte 400ml","p":10.15,"u":"25,38 €/L","img":"https://fd13-photos.leclercdrive.fr/image.ashx?id=2828022&use=l&cat=p&typeid=i","cat":284609},{"id":242266,"n":"Après-shampoing Garnier Ultra  Doux Cheveux secs -250ml","p":2.7,"u":"10,80 €/L","img":"https://fd13-photos.leclercdrive.fr/image.ashx?id=2828046&use=l&cat=p&typeid=i","cat":284607},{"id":242400,"n":"Nouilles instantanées Oyakata Yakisoba saveur soja - 91g","p":1.52,"u":"16,70 €/KG","img":"https://fd13-photos.leclercdrive.fr/image.ashx?id=2857758&use=l&cat=p&typeid=i","cat":288992},{"id":242401,"n":"Nouilles instantanées Oyakata Yakisoba poulet teriyaki  - 93g","p":1.48,"u":"15,91 €/KG","img":"https://fd13-photos.leclercdrive.fr/image.ashx?id=2849253&use=l&cat=p&typeid=i","cat":288992},{"id":242405,"n":"Bière à l'eau de source Neipa 5.2° vol. - 44cl","p":4.22,"u":"9,59 €/L","img":"https://fd13-photos.leclercdrive.fr/image.ashx?id=2948228&use=l&cat=p&typeid=i","cat":334853},{"id":242546,"n":"Cocktail Tails  Coffret Passion fruit - 50cl","p":14.88,"u":"29,76 €/L","img":"https://fd13-photos.leclercdrive.fr/image.ashx?id=2826474&use=l&cat=p&typeid=i","cat":284551},{"id":242573,"n":"Coffret Whisky Chivas 70cl","p":37.9,"pp":34.11,"u":"48,73 €/L","img":"https://fd13-photos.leclercdrive.fr/image.ashx?id=2943948&use=l&cat=p&typeid=i","cat":284547},{"id":242584,"n":"Coffret Bombay Fever Tree Sapphire 70cl","p":22.79,"u":"32,56 €/L","img":"https://fd13-photos.leclercdrive.fr/image.ashx?id=2828844&use=l&cat=p&typeid=i","cat":284531},{"id":242619,"n":"Gruyère AOP Suisse L'Origine du Goût 150g","p":5.5,"u":"36,67 €/KG","img":"https://fd13-photos.leclercdrive.fr/image.ashx?id=2829241&use=l&cat=p&typeid=i","cat":314034},{"id":242706,"n":"Crème dessert Danette Praliné - 4x125g","p":1.62,"u":"3,24 €/KG","img":"https://fd13-photos.leclercdrive.fr/image.ashx?id=2918556&use=l&cat=p&typeid=i","cat":285041},{"id":242707,"n":"Crème dessert Danette Petit-beurre chocolat 4x125g","p":1.67,"u":"3,34 €/KG","img":"https://fd13-photos.leclercdrive.fr/image.ashx?id=2928414&use=l&cat=p&typeid=i","cat":285041},{"id":242710,"n":"Yaourt à boire Myrtille Hipro 300g","p":2.33,"u":"7,77 €/KG","img":"https://fd13-photos.leclercdrive.fr/image.ashx?id=2826573&use=l&cat=p&typeid=i","cat":284415},{"id":242712,"n":"Skyr Danone Cerise - 2x140g","p":1.98,"u":"7,07 €/KG","img":"https://fd13-photos.leclercdrive.fr/image.ashx?id=2826570&use=l&cat=p&typeid=i","cat":315000},{"id":242713,"n":"Actimel triple action Fraise Grenade - 6x100g","p":3.08,"u":"5,13 €/KG","img":"https://fd13-photos.leclercdrive.fr/image.ashx?id=2826576&use=l&cat=p&typeid=i","cat":284415},{"id":242715,"n":"Kéfir à boire Activia Mangue - 280g","p":1.71,"u":"6,11 €/KG","img":"https://fd13-photos.leclercdrive.fr/image.ashx?id=2983015&use=l&cat=p&typeid=i","cat":284415},{"id":242717,"n":"Skyr à boire Danone Fraise - 270g","p":1.7,"u":"6,30 €/KG","img":"https://fd13-photos.leclercdrive.fr/image.ashx?id=2826564&use=l&cat=p&typeid=i","cat":284415},{"id":242718,"n":"Crème dessert protéinée Hipro Saveur chocolat - 180g","p":1.75,"u":"9,72 €/KG","img":"https://fd13-photos.leclercdrive.fr/image.ashx?id=2826582&use=l&cat=p&typeid=i","cat":285041},{"id":242719,"n":"Yaourt protéiné Hipro Fraise - 2x160g","p":2.33,"u":"7,28 €/KG","img":"https://fd13-photos.leclercdrive.fr/image.ashx?id=2945418&use=l&cat=p&typeid=i","cat":315000},{"id":242803,"n":"Granions décontractant Musculaire - 60 comprimés","p":10.31,"u":"147,29 €/KG","img":"https://fd13-photos.leclercdrive.fr/image.ashx?id=2824037&use=l&cat=p&typeid=i","cat":298633},{"id":242805,"n":"Granions pilulier magnésium Bisglycinate - 59g - x60","p":11.99,"u":"203,22 €/KG","img":"https://fd13-photos.leclercdrive.fr/image.ashx?id=2824040&use=l&cat=p&typeid=i","cat":301264},{"id":242808,"n":"Complément alimentaire Pro Keracys Cheveux 3x90 comprimés","p":30.5,"img":"https://fd13-photos.leclercdrive.fr/image.ashx?id=3008881&use=l&cat=p&typeid=i","cat":301266},{"id":242809,"n":"Complément alimentaire Granions Chondrostéo Articulations 280g","p":17.89,"u":"63,89 €/KG","img":"https://fd13-photos.leclercdrive.fr/image.ashx?id=2841502&use=l&cat=p&typeid=i","cat":301268},{"id":242907,"n":"Gel douche Sanex Zero Essential Peaux sensible 2x47.5ml","p":9.18,"u":"9,66 €/L","img":"https://fd13-photos.leclercdrive.fr/image.ashx?id=2826255&use=l&cat=p&typeid=i","cat":284594},{"id":242938,"n":"Crème mains Mixa Intensif  Cica mains 50cl","p":2.61,"u":"6,53 €/L","img":"https://fd13-photos.leclercdrive.fr/image.ashx?id=2979914&use=l&cat=p&typeid=i","cat":325354},{"id":243068,"n":"Cocktails Tails Rasberry Shaker - 50 cl","p":14.52,"u":"29,04 €/L","img":"https://fd13-photos.leclercdrive.fr/image.ashx?id=2825484&use=l&cat=p&typeid=i","cat":284551},{"id":243160,"n":"Complément alimentaire Phyto Chute de cheveux - 64g - x84","p":38.27,"u":"597,97 €/KG","img":"https://fd13-photos.leclercdrive.fr/image.ashx?id=2833795&use=l&cat=p&typeid=i","cat":301266},{"id":243161,"n":"Gel minceur Eafit 360 - Amincissant - 200ml","p":26.22,"u":"131,10 €/L","img":"https://fd13-photos.leclercdrive.fr/image.ashx?id=2841828&use=l&cat=p&typeid=i","cat":291161},{"id":243163,"n":"Complément alimentaire Azinc Junior - 12 vitamines  - x30","p":9.99,"img":"https://fd13-photos.leclercdrive.fr/image.ashx?id=2833546&use=l&cat=p&typeid=i","cat":301264},{"id":243164,"n":"Infusion EuphytoseNuit Sommeil Réparateur Fleur d'oranger 48g","p":6.48,"u":"135,00 €/KG","img":"https://fd13-photos.leclercdrive.fr/image.ashx?id=2825287&use=l&cat=p&typeid=i","cat":301265},{"id":243165,"n":"Complément alimentaire Forcapil Anti-chute Cheveux x60 Gummies","p":17.49,"u":"116,60 €/KG","img":"https://fd13-photos.leclercdrive.fr/image.ashx?id=2881945&use=l&cat=p&typeid=i","cat":301266},{"id":243336,"n":"Panettone Al Nocciola  Tradizioni d'Italia 500g","p":7.99,"u":"15,98 €/KG","img":"https://fd13-photos.leclercdrive.fr/image.ashx?id=2826327&use=l&cat=p&typeid=i","cat":293600},{"id":243386,"n":"Complément alimentaire Forté Nuit - Sommeil - x60 gummies","p":17.58,"img":"https://fd13-photos.leclercdrive.fr/image.ashx?id=2833768&use=l&cat=p&typeid=i","cat":301265},{"id":243387,"n":"Complément alimentaire Forté  Nuit Mélatonine 1900 - x60","p":10.8,"img":"https://fd13-photos.leclercdrive.fr/image.ashx?id=2993442&use=l&cat=p&typeid=i","cat":301265},{"id":243389,"n":"Complément alimentaire Cystima Médical Infection urinaire x14","p":14.22,"u":"507,86 €/KG","img":"https://fd13-photos.leclercdrive.fr/image.ashx?id=2829226&use=l&cat=p&typeid=i","cat":301268},{"id":243390,"n":"Complément alimentaire Granions Biotine 10 000µg - 32g","p":16.39,"u":"51,22 €/L","img":"https://fd13-photos.leclercdrive.fr/image.ashx?id=2846460&use=l&cat=p&typeid=i","cat":301266},{"id":243391,"n":"Complément alimentaire Granions Double Magnésium 360mg - 90g","p":25.35,"u":"281,67 €/KG","img":"https://fd13-photos.leclercdrive.fr/image.ashx?id=2841882&use=l&cat=p&typeid=i","cat":301264},{"id":243394,"n":"Complément alimentaire Granions Collagène Marin Neutre - 278.6g","p":30.22,"u":"108,32 €/KG","img":"https://fd13-photos.leclercdrive.fr/image.ashx?id=2857581&use=l&cat=p&typeid=i","cat":301266},{"id":243395,"n":"Complément alimentaire Granions Collagène Multi I.II.III.V.X","p":15.89,"img":"https://fd13-photos.leclercdrive.fr/image.ashx?id=2841885&use=l&cat=p&typeid=i","cat":301266},{"id":243396,"n":"Complément alimentaire Biocyte Collagène Marin - 210g","p":47.4,"u":"225,71 €/KG","img":"https://fd13-photos.leclercdrive.fr/image.ashx?id=2833891&use=l&cat=p&typeid=i","cat":301266},{"id":243397,"n":"Complément alimentaire Luxéol Chute cheveux progressive x90","p":37.75,"img":"https://fd13-photos.leclercdrive.fr/image.ashx?id=2833900&use=l&cat=p&typeid=i","cat":301266},{"id":243398,"n":"Complément alimentaire Ortis Fruits & Fibres Forte x24 250g","p":13.66,"pp":9.56,"u":"38,24 €/KG","img":"https://fd13-photos.leclercdrive.fr/image.ashx?id=2829232&use=l&cat=p&typeid=i","cat":301268},{"id":243399,"n":"Complément alimentaire Ortis Bénétransit Ecopack - x90","p":12.9,"pp":9.03,"img":"https://fd13-photos.leclercdrive.fr/image.ashx?id=2829235&use=l&cat=p&typeid=i","cat":301268},{"id":243402,"n":"Complément alimentaire Magné Control - Magnésium Marin x30","p":6.2,"img":"https://fd13-photos.leclercdrive.fr/image.ashx?id=2829217&use=l&cat=p&typeid=i","cat":301264},{"id":243403,"n":"Complément alimentaire Nausélib Etats nauséeux - 20g - x36","p":5.72,"u":"286,00 €/KG","img":"https://fd13-photos.leclercdrive.fr/image.ashx?id=2833543&use=l&cat=p&typeid=i","cat":301268},{"id":243404,"n":"Complément alimentaire Bouffées de chaleur - x120","p":21.38,"img":"https://fd13-photos.leclercdrive.fr/image.ashx?id=2829220&use=l&cat=p&typeid=i","cat":301268},{"id":243442,"n":"Sauce Sriracha ketchup pimentée Gotan - 215ml","p":3.24,"u":"15,07 €/L","img":"https://fd13-photos.leclercdrive.fr/image.ashx?id=2834065&use=l&cat=p&typeid=i","cat":288992},{"id":243687,"n":"Complément alimentaire Somnifor Mélatonine Bio - x30 comprimés","p":11.61,"img":"https://fd13-photos.leclercdrive.fr/image.ashx?id=3008557&use=l&cat=p&typeid=i","cat":301265},{"id":243688,"n":"Concentré de citron Frucci 75cl","p":1.54,"u":"2,05 €/L","img":"https://fd13-photos.leclercdrive.fr/image.ashx?id=2865308&use=l&cat=p&typeid=i","cat":295020},{"id":243689,"n":"Boisson energisante X-Tense Energisante pina coco - 50cl","p":0.98,"u":"1,96 €/L","img":"https://fd13-photos.leclercdrive.fr/image.ashx?id=2956798&use=l&cat=p&typeid=i","cat":284533},{"id":243691,"n":"Complément alimentaire Mag2 Gommes Framboise - x45","p":11.28,"img":"https://fd13-photos.leclercdrive.fr/image.ashx?id=2833750&use=l&cat=p&typeid=i","cat":301264},{"id":243696,"n":"Complément alimentaire Forté Magnésium Ultra Fort - x30","p":8.99,"img":"https://fd13-photos.leclercdrive.fr/image.ashx?id=2833771&use=l&cat=p&typeid=i","cat":301264},{"id":243697,"n":"Complément alimentaire HydraForté Mangue Passion x24","p":8.7,"u":"73,11 €/KG","img":"https://fd13-photos.leclercdrive.fr/image.ashx?id=2833780&use=l&cat=p&typeid=i","cat":301268},{"id":243698,"n":"Complément alimentaire HydraForté Cerise - x24","p":8.7,"u":"73,11 €/KG","img":"https://fd13-photos.leclercdrive.fr/image.ashx?id=2833783&use=l&cat=p&typeid=i","cat":301268},{"id":243699,"n":"Complément alimentaire HydraForté Menthe Citron - x24","p":8.7,"u":"73,11 €/KG","img":"https://fd13-photos.leclercdrive.fr/image.ashx?id=2833786&use=l&cat=p&typeid=i","cat":301268},{"id":243700,"n":"Pastilles FortéPharma Forté Royal Miel - x24","p":5.35,"img":"https://fd13-photos.leclercdrive.fr/image.ashx?id=2832176&use=l&cat=p&typeid=i","cat":301268},{"id":243701,"n":"Complément alimentaire Granions Multivitamines Fraise - x60","p":9.6,"img":"https://fd13-photos.leclercdrive.fr/image.ashx?id=2841873&use=l&cat=p&typeid=i","cat":301264},{"id":243702,"n":"Complément alimentaire Granions Collagène I & II - x80","p":23.6,"u":"291,36 €/KG","img":"https://fd13-photos.leclercdrive.fr/image.ashx?id=2846463&use=l&cat=p&typeid=i","cat":301266},{"id":243704,"n":"Complément alimentaire Granions Probiotiques 45 milliards d'ufc","p":27.7,"img":"https://fd13-photos.leclercdrive.fr/image.ashx?id=2851198&use=l&cat=p&typeid=i","cat":301268},{"id":243706,"n":"Boisson energisante X-tense  Tropical - 50cl","p":0.98,"u":"1,96 €/L","img":"https://fd13-photos.leclercdrive.fr/image.ashx?id=2956795&use=l&cat=p&typeid=i","cat":284533},{"id":243774,"n":"Piles AAA Duracel Optimum x8","p":8.9,"img":"https://fd13-photos.leclercdrive.fr/image.ashx?id=2929119&use=l&cat=p&typeid=i","cat":300572},{"id":243948,"n":"Complément alimentaire Granions Morosil 400mg - x60 comprimés","p":20.99,"u":"374,82 €/KG","img":"https://fd13-photos.leclercdrive.fr/image.ashx?id=2834623&use=l&cat=p&typeid=i","cat":301264},{"id":243954,"n":"Complément alimentaire Forté Pharma Booster immunité x30","p":10.7,"img":"https://fd13-photos.leclercdrive.fr/image.ashx?id=2834605&use=l&cat=p&typeid=i","cat":301264},{"id":243956,"n":"Complément alimentaire Forté Pharma Désir & vigueur 350g","p":16.43,"u":"46,94 €/KG","img":"https://fd13-photos.leclercdrive.fr/image.ashx?id=2834211&use=l&cat=p&typeid=i","cat":301264},{"id":243962,"n":"Lingettes Decolor Stop Protection couleurs - x22","p":4.02,"img":"https://fd13-photos.leclercdrive.fr/image.ashx?id=2890127&use=l&cat=p&typeid=i","cat":290450},{"id":243967,"n":"Lessive liquide Winni's Couleurs Ecolabel 1125ml x25","p":6.59,"u":"5,86 €/L","img":"https://fd13-photos.leclercdrive.fr/image.ashx?id=2834545&use=l&cat=p&typeid=i","cat":284640},{"id":243969,"n":"Adoucissant Winni's Fleurs blanches - 775ml - x31","p":2.34,"u":"3,02 €/L","img":"https://fd13-photos.leclercdrive.fr/image.ashx?id=2834551&use=l&cat=p&typeid=i","cat":284650},{"id":243970,"n":"Adoucissant Eco-pack Winni's Fleurs Blanches - 1250ml - x50","p":3.15,"u":"2,52 €/L","img":"https://fd13-photos.leclercdrive.fr/image.ashx?id=2834554&use=l&cat=p&typeid=i","cat":284650},{"id":243995,"n":"Croutons saveur ail Pasquier 80g","p":1.08,"u":"13,50 €/KG","img":"https://fd13-photos.leclercdrive.fr/image.ashx?id=2834458&use=l&cat=p&typeid=i","cat":284464},{"id":243996,"n":"Croutons nature Pasquier 80g","p":0.98,"u":"12,25 €/KG","img":"https://fd13-photos.leclercdrive.fr/image.ashx?id=2834461&use=l&cat=p&typeid=i","cat":284464},{"id":244187,"n":"Gin Tanqueray 0.0% vol. sans alcool - 70cl","p":15.61,"u":"22,30 €/L","img":"https://fd13-photos.leclercdrive.fr/image.ashx?id=2948408&use=l&cat=p&typeid=i","cat":284550},{"id":244218,"n":"Croquettes Friskies chat adulte Thon Légumes - 3kg","p":8.65,"u":"2,88 €/KG","img":"https://fd13-photos.leclercdrive.fr/image.ashx?id=2835148&use=l&cat=p&typeid=i","cat":284680},{"id":244229,"n":"Croquettes Friskies chat adulte Lapin Poulet Légumes - 1.5kg","p":4.6,"u":"3,07 €/KG","img":"https://fd13-photos.leclercdrive.fr/image.ashx?id=2835160&use=l&cat=p&typeid=i","cat":284680},{"id":244230,"n":"Croquettes Friskies chat adulte Poulet Légumes - 3kg","p":8.52,"u":"2,84 €/KG","img":"https://fd13-photos.leclercdrive.fr/image.ashx?id=2835151&use=l&cat=p&typeid=i","cat":284680},{"id":244351,"n":"Shampooing Elsève Color vive 250ml","p":2.35,"u":"9,40 €/L","img":"https://fd13-photos.leclercdrive.fr/image.ashx?id=2989318&use=l&cat=p&typeid=i","cat":284606},{"id":244354,"n":"Shampooing Garnier Ultra doux  Miel - 250ml","p":2.08,"u":"8,32 €/L","img":"https://fd13-photos.leclercdrive.fr/image.ashx?id=2836502&use=l&cat=p&typeid=i","cat":284606},{"id":244356,"n":"Shampooing Garnier Ultra doux  Avocat 250ml","p":2.04,"u":"8,16 €/L","img":"https://fd13-photos.leclercdrive.fr/image.ashx?id=2836499&use=l&cat=p&typeid=i","cat":284606},{"id":244359,"n":"Shampooing Elsève Dream length  250ml","p":3.48,"u":"13,92 €/L","img":"https://fd13-photos.leclercdrive.fr/image.ashx?id=2863614&use=l&cat=p&typeid=i","cat":284606},{"id":244360,"n":"Shampooing Elsève Hyaluronique  250ml","p":3.48,"u":"13,92 €/L","img":"https://fd13-photos.leclercdrive.fr/image.ashx?id=2863617&use=l&cat=p&typeid=i","cat":284606},{"id":244535,"n":"Pâte force carbone texturisante Taft - 100ml","p":4.41,"u":"44,10 €/L","img":"https://fd13-photos.leclercdrive.fr/image.ashx?id=2836337&use=l&cat=p&typeid=i","cat":284608},{"id":244550,"n":"Togouchi Pure Malt sous étui 40° - 70cl","p":42.82,"u":"61,17 €/L","img":"https://fd13-photos.leclercdrive.fr/image.ashx?id=2836634&use=l&cat=p&typeid=i","cat":284547},{"id":244661,"n":"Riz Basmati Lustucru Selection  10 min - 450g","p":2.2,"u":"4,89 €/KG","img":"https://fd13-photos.leclercdrive.fr/image.ashx?id=2836732&use=l&cat=p&typeid=i","cat":284428},{"id":245062,"n":"Compotée d'aubergines & blé Cassegrain - 2x375g","p":6.93,"u":"9,24 €/KG","img":"https://fd13-photos.leclercdrive.fr/image.ashx?id=2970843&use=l&cat=p&typeid=i","cat":312612},{"id":245075,"n":"Nouilles instantanées Maggi  sauce Teriyaki - 128g","p":1.95,"u":"15,23 €/KG","img":"https://fd13-photos.leclercdrive.fr/image.ashx?id=2837625&use=l&cat=p&typeid=i","cat":288992},{"id":245078,"n":"Nouilles instantanées Maggi sauce poulet sésame - 75g","p":1.84,"u":"24,53 €/KG","img":"https://fd13-photos.leclercdrive.fr/image.ashx?id=2842963&use=l&cat=p&typeid=i","cat":288992},{"id":245082,"n":"Nouilles instantanées Maggi sauce sweet chili - 75g","p":1.95,"u":"26,00 €/KG","img":"https://fd13-photos.leclercdrive.fr/image.ashx?id=2842960&use=l&cat=p&typeid=i","cat":288992},{"id":245086,"n":"Sauce Tikka Masala Maggi pour poulet - 340g","p":3.73,"u":"10,97 €/KG","img":"https://fd13-photos.leclercdrive.fr/image.ashx?id=2971772&use=l&cat=p&typeid=i","cat":289012},{"id":245356,"n":"Cordon bleu de saumon sauvage Gimbert Ocean - 920g","p":19.1,"u":"20,76 €/KG","img":"https://fd13-photos.leclercdrive.fr/image.ashx?id=2979905&use=l&cat=p&typeid=i","cat":319788},{"id":245380,"n":"Confiture Bonne Maman 4 fruits - 370g","p":2.79,"u":"7,54 €/KG","img":"https://fd13-photos.leclercdrive.fr/image.ashx?id=2839193&use=l&cat=p&typeid=i","cat":284480},{"id":245381,"n":"Confiture Bonne Maman Cerise  - 370g","p":2.79,"u":"7,54 €/KG","img":"https://fd13-photos.leclercdrive.fr/image.ashx?id=2839196&use=l&cat=p&typeid=i","cat":284480},{"id":245450,"n":"Japanese blended whisky avec étui Yumeko 40% vol - 70cl","p":29.9,"u":"42,71 €/L","img":"https://fd13-photos.leclercdrive.fr/image.ashx?id=2841532&use=l&cat=p&typeid=i","cat":284547},{"id":245463,"n":"Soupe douceur d'automne Knorr À la crème fraîche - 2x1L","p":4.89,"pp":3.42,"u":"1,71 €/L","img":"https://fd13-photos.leclercdrive.fr/image.ashx?id=2975939&use=l&cat=p&typeid=i","cat":284462},{"id":245576,"n":"Sauce Pesto vert Panzani au basilic - 2x90g","p":2.8,"u":"15,56 €/KG","img":"https://fd13-photos.leclercdrive.fr/image.ashx?id=2873841&use=l&cat=p&typeid=i","cat":299047},{"id":245579,"n":"Sauce Pesto vert crémeux  Panzani - 190g","p":2.21,"u":"11,63 €/KG","img":"https://fd13-photos.leclercdrive.fr/image.ashx?id=2873838&use=l&cat=p&typeid=i","cat":299047},{"id":245580,"n":"Sauce Arrabbiata Panzani 400g","p":2.29,"u":"5,73 €/KG","img":"https://fd13-photos.leclercdrive.fr/image.ashx?id=2880694&use=l&cat=p&typeid=i","cat":299047},{"id":245582,"n":"Sauce Pesto Panzani poivrons ricotta - 190g","p":2.13,"u":"11,21 €/KG","img":"https://fd13-photos.leclercdrive.fr/image.ashx?id=2873835&use=l&cat=p&typeid=i","cat":299047},{"id":245681,"n":"Tranches Emmental Baguette Président - 8 tranches - 120g","p":1.95,"u":"16,25 €/KG","img":"https://fd13-photos.leclercdrive.fr/image.ashx?id=2840518&use=l&cat=p&typeid=i","cat":314028},{"id":245682,"n":"Tranches Gouda Baguette Président - 8 tranches - 120g","p":1.95,"u":"16,25 €/KG","img":"https://fd13-photos.leclercdrive.fr/image.ashx?id=2840521&use=l&cat=p&typeid=i","cat":314028},{"id":245683,"n":"Tranches Mimolette Baguette Président - 8 tranches - 120g","p":2.0,"u":"16,67 €/KG","img":"https://fd13-photos.leclercdrive.fr/image.ashx?id=2840524&use=l&cat=p&typeid=i","cat":314028},{"id":245931,"n":"Tablette chocolat KitKat  Noisette - 99g","p":2.34,"u":"23,64 €/KG","img":"https://fd13-photos.leclercdrive.fr/image.ashx?id=2871046&use=l&cat=p&typeid=i","cat":284497},{"id":246171,"n":"Gyoza Ajinomoto Porc - x20 - 400g","p":6.21,"u":"15,53 €/KG","img":"https://fd13-photos.leclercdrive.fr/image.ashx?id=2843442&use=l&cat=p&typeid=i","cat":319774},{"id":246197,"n":"Complément alimentaire  Arkopharma Azinc Sénior x30","p":11.85,"u":"0,40 €/P","img":"https://fd13-photos.leclercdrive.fr/image.ashx?id=2843439&use=l&cat=p&typeid=i","cat":301264},{"id":246201,"n":"Pâtes penné rigaté Eco+ 1kg","p":1.1,"u":"1,10 €/KG","img":"https://fd13-photos.leclercdrive.fr/image.ashx?id=2856736&use=l&cat=p&typeid=i","cat":284427},{"id":246260,"n":"Masque Elseve Total Repair 5 - 310ml","p":5.13,"u":"16,55 €/L","img":"https://fd13-photos.leclercdrive.fr/image.ashx?id=2844178&use=l&cat=p&typeid=i","cat":284608},{"id":246261,"n":"Shampooing Elseve Hyaluronique - 400ml","p":6.06,"u":"15,15 €/L","img":"https://fd13-photos.leclercdrive.fr/image.ashx?id=2844181&use=l&cat=p&typeid=i","cat":284606},{"id":246263,"n":"Sérum Elseve Anti-chute - 102ml","p":10.96,"u":"107,45 €/L","img":"https://fd13-photos.leclercdrive.fr/image.ashx?id=2844190&use=l&cat=p&typeid=i","cat":284608},{"id":246272,"n":"Shampooing Elseve Hyaluronique Pure - 250ml","p":4.18,"u":"16,72 €/L","img":"https://fd13-photos.leclercdrive.fr/image.ashx?id=2981593&use=l&cat=p&typeid=i","cat":284606},{"id":246325,"n":"Biscuits La Biscuiterie Delacre Gauffrette chocolat noir - 130g","p":2.42,"u":"18,62 €/KG","img":"https://fd13-photos.leclercdrive.fr/image.ashx?id=2862140&use=l&cat=p&typeid=i","cat":284490},{"id":246330,"n":"Saumon Selection Purina One Junior 1 à 12 mois - 1.5 kg","p":7.42,"u":"4,95 €/KG","img":"https://fd13-photos.leclercdrive.fr/image.ashx?id=2844487&use=l&cat=p&typeid=i","cat":284680},{"id":246331,"n":"Saumon Purina One Mini 85g","p":4.14,"u":"4,87 €/KG","img":"https://fd13-photos.leclercdrive.fr/image.ashx?id=2844484&use=l&cat=p&typeid=i","cat":294526},{"id":246335,"n":"Mini boeuf Purina One Mini 85g","p":4.71,"u":"5,54 €/KG","img":"https://fd13-photos.leclercdrive.fr/image.ashx?id=2844481&use=l&cat=p&typeid=i","cat":284673},{"id":246353,"n":"Nouilles ramen Suzi Wan Précuites wok korean bbq - 320g","p":2.95,"u":"9,22 €/KG","img":"https://fd13-photos.leclercdrive.fr/image.ashx?id=2886235&use=l&cat=p&typeid=i","cat":288992},{"id":246459,"n":"Bière French IPA Ninkasi - 44cl 5,4% vol.","p":3.21,"u":"7,30 €/L","img":"https://fd13-photos.leclercdrive.fr/image.ashx?id=2849190&use=l&cat=p&typeid=i","cat":334872},{"id":246480,"n":"Dentifrice Colgate Total 24h Active Soin émail - 2x75ml","p":6.63,"u":"44,20 €/L","img":"https://fd13-photos.leclercdrive.fr/image.ashx?id=2845671&use=l&cat=p&typeid=i","cat":284612},{"id":246543,"n":"Gommage corps Bionaïa Solide Bio - 100g","p":2.49,"u":"24,90 €/KG","img":"https://fd13-photos.leclercdrive.fr/image.ashx?id=2845158&use=l&cat=p&typeid=i","cat":325375},{"id":246544,"n":"Pain de rasage Carré Homme Beurre de karité Bio - 55g","p":2.49,"u":"45,27 €/KG","img":"https://fd13-photos.leclercdrive.fr/image.ashx?id=2854258&use=l&cat=p&typeid=i","cat":284617},{"id":246545,"n":"Perles de cire corps Siliss Chaude - Monoï - 230g","p":4.69,"u":"20,39 €/KG","img":"https://fd13-photos.leclercdrive.fr/image.ashx?id=2845170&use=l&cat=p&typeid=i","cat":325351},{"id":246547,"n":"Crème nettoyante Neutrogena Points noirs 2% - 150ml","p":5.08,"u":"33,87 €/L","img":"https://fd13-photos.leclercdrive.fr/image.ashx?id=2846045&use=l&cat=p&typeid=i","cat":284603},{"id":246549,"n":"Gel nettoyant Neutrogena Pamplemousse 0.5% - 200ml","p":4.85,"u":"24,25 €/L","img":"https://fd13-photos.leclercdrive.fr/image.ashx?id=2846051&use=l&cat=p&typeid=i","cat":284603},{"id":246550,"n":"Mousse aérienne nettoyante Nuxe Very Rose - 150ml","p":10.01,"u":"66,73 €/L","img":"https://fd13-photos.leclercdrive.fr/image.ashx?id=2847171&use=l&cat=p&typeid=i","cat":301587},{"id":246553,"n":"Gel réparateur cutané Osmo Soft Coups de soleil - 150g","p":7.18,"u":"47,87 €/KG","img":"https://fd13-photos.leclercdrive.fr/image.ashx?id=2862551&use=l&cat=p&typeid=i","cat":290405},{"id":246556,"n":"Complément alimentaire XtraSlim ChronoFort - Morosil","p":28.85,"img":"https://fd13-photos.leclercdrive.fr/image.ashx?id=2846060&use=l&cat=p&typeid=i","cat":301267},{"id":246557,"n":"Complément alimentaire Granions Collagène Beauté Citron 255g","p":21.5,"u":"84,31 €/KG","img":"https://fd13-photos.leclercdrive.fr/image.ashx?id=2963709&use=l&cat=p&typeid=i","cat":301266},{"id":246558,"n":"Gel de massage Chondrosteo+ 100ml","p":9.36,"u":"93,60 €/L","img":"https://fd13-photos.leclercdrive.fr/image.ashx?id=2845446&use=l&cat=p&typeid=i","cat":291163},{"id":246638,"n":"Riz parfumé Taureau Ailé 1kg","p":2.88,"u":"2,88 €/KG","img":"https://fd13-photos.leclercdrive.fr/image.ashx?id=2846739&use=l&cat=p&typeid=i","cat":284428},{"id":246798,"n":"Thé noir Ethiquable Bio Ayurvédique - 36g","p":2.6,"u":"72,22 €/KG","img":"https://fd13-photos.leclercdrive.fr/image.ashx?id=2870989&use=l&cat=p&typeid=i","cat":293234},{"id":246968,"n":"Test de grossesse  1 pièce","p":1.85,"img":"https://fd13-photos.leclercdrive.fr/image.ashx?id=2848953&use=l&cat=p&typeid=i","cat":291159},{"id":247058,"n":"Les Mini Galettes Saint Michel Emmental - 100g","p":1.95,"u":"19,50 €/KG","img":"https://fd13-photos.leclercdrive.fr/image.ashx?id=2936278&use=l&cat=p&typeid=i","cat":297000},{"id":247059,"n":"Les minis galettes Saint Michel Comté - 100g","p":1.95,"u":"19,50 €/KG","img":"https://fd13-photos.leclercdrive.fr/image.ashx?id=2936281&use=l&cat=p&typeid=i","cat":297000},{"id":247060,"n":"Les Minis Galettes Saint Michel Tomates herbes de provence 100g","p":1.85,"u":"18,50 €/KG","img":"https://fd13-photos.leclercdrive.fr/image.ashx?id=2936284&use=l&cat=p&typeid=i","cat":297000},{"id":247061,"n":"Les minis pesto Saint Michel madeleines moelleuses  100g","p":1.94,"u":"19,40 €/KG","img":"https://fd13-photos.leclercdrive.fr/image.ashx?id=2936302&use=l&cat=p&typeid=i","cat":297000},{"id":247088,"n":"Velouté de tomates Jardin Bio Lentilles corail bio - 2X33cl","p":2.5,"u":"3,79 €/L","img":"https://fd13-photos.leclercdrive.fr/image.ashx?id=2849950&use=l&cat=p&typeid=i","cat":284462},{"id":247089,"n":"Mouliné de lentilles Jardin Bio bio 1L","p":3.02,"u":"3,02 €/L","img":"https://fd13-photos.leclercdrive.fr/image.ashx?id=2849947&use=l&cat=p&typeid=i","cat":284462},{"id":247091,"n":"Trio gourmand Jardin Bio Riz lentilles bio - 220g","p":1.83,"u":"8,32 €/KG","img":"https://fd13-photos.leclercdrive.fr/image.ashx?id=2849944&use=l&cat=p&typeid=i","cat":284953},{"id":247093,"n":"Nouilles curry Jardin Bio 220g","p":2.65,"u":"12,05 €/KG","img":"https://fd13-photos.leclercdrive.fr/image.ashx?id=2849938&use=l&cat=p&typeid=i","cat":284953},{"id":247096,"n":"Pad Thai Jardin Bio bio 220g","p":2.57,"u":"11,68 €/KG","img":"https://fd13-photos.leclercdrive.fr/image.ashx?id=2849935&use=l&cat=p&typeid=i","cat":284953},{"id":247099,"n":"Coupelles Douceur du verger pomme banane - 4x100g","p":1.09,"u":"2,73 €/KG","img":"https://fd13-photos.leclercdrive.fr/image.ashx?id=2878744&use=l&cat=p&typeid=i","cat":284508},{"id":247261,"n":"Shampooing Elsève Colorvive - 300ml","p":4.18,"u":"13,93 €/L","img":"https://fd13-photos.leclercdrive.fr/image.ashx?id=2850614&use=l&cat=p&typeid=i","cat":284606},{"id":247262,"n":"Shampooing Elsève Hyaluronique - 250ml","p":4.18,"u":"16,72 €/L","img":"https://fd13-photos.leclercdrive.fr/image.ashx?id=2869095&use=l&cat=p&typeid=i","cat":284606},{"id":247263,"n":"Shampooing Elsève Total repair 5 - 300ml","p":4.18,"u":"13,93 €/L","img":"https://fd13-photos.leclercdrive.fr/image.ashx?id=2850617&use=l&cat=p&typeid=i","cat":284606},{"id":247264,"n":"Shampooing Elseve Huile extraordinaire - 250ml","p":4.18,"u":"16,72 €/L","img":"https://fd13-photos.leclercdrive.fr/image.ashx?id=2868690&use=l&cat=p&typeid=i","cat":284606},{"id":247265,"n":"Shampooing Elseve Dream long - 250ml","p":4.18,"u":"16,72 €/L","img":"https://fd13-photos.leclercdrive.fr/image.ashx?id=2850623&use=l&cat=p&typeid=i","cat":284606},{"id":247269,"n":"Shampooing Elseve Nutri gloss - 300ml","p":4.18,"u":"13,93 €/L","img":"https://fd13-photos.leclercdrive.fr/image.ashx?id=2869089&use=l&cat=p&typeid=i","cat":284606},{"id":247270,"n":"Shampooing Elseve Multi-vitaminé - 300ml","p":4.18,"u":"13,93 €/L","img":"https://fd13-photos.leclercdrive.fr/image.ashx?id=2850629&use=l&cat=p&typeid=i","cat":284606},{"id":247271,"n":"Après-shampooing Elseve Color vive - 250ml","p":4.18,"u":"16,72 €/L","img":"https://fd13-photos.leclercdrive.fr/image.ashx?id=2850632&use=l&cat=p&typeid=i","cat":284607},{"id":247273,"n":"Démélant Elseve Hyaluronique Booster hydratation 72h - 200ml","p":4.18,"u":"20,90 €/L","img":"https://fd13-photos.leclercdrive.fr/image.ashx?id=2869092&use=l&cat=p&typeid=i","cat":284607},{"id":247274,"n":"Après-Shampooing Elseve Dream Long - 200ml","p":4.18,"u":"20,90 €/L","img":"https://fd13-photos.leclercdrive.fr/image.ashx?id=2850638&use=l&cat=p&typeid=i","cat":284607},{"id":247275,"n":"Après-shampooing Elseve Nutri gloss - 250ml","p":4.18,"u":"16,72 €/L","img":"https://fd13-photos.leclercdrive.fr/image.ashx?id=2850641&use=l&cat=p&typeid=i","cat":284607},{"id":247298,"n":"Sablés normands Nos Régions ont du Talent","p":1.79,"u":"10,23 €/KG","img":"https://fd13-photos.leclercdrive.fr/image.ashx?id=2909930&use=l&cat=p&typeid=i","cat":284487},{"id":247863,"n":"Shampooing Elsève Color vive  2 en 1 - 250ml","p":4.25,"u":"17,00 €/L","img":"https://fd13-photos.leclercdrive.fr/image.ashx?id=2853961&use=l&cat=p&typeid=i","cat":284606},{"id":247865,"n":"Shampooing Elsève Color vive  500ml","p":5.42,"u":"10,84 €/L","img":"https://fd13-photos.leclercdrive.fr/image.ashx?id=2853964&use=l&cat=p&typeid=i","cat":284606},{"id":247866,"n":"Shampooing Elsève Full resist  250ml","p":3.69,"u":"14,76 €/L","img":"https://fd13-photos.leclercdrive.fr/image.ashx?id=2853967&use=l&cat=p&typeid=i","cat":284606},{"id":247867,"n":"Shampooing Elsève Huile  extraordinaire Coco - 250ml","p":4.09,"u":"16,36 €/L","img":"https://fd13-photos.leclercdrive.fr/image.ashx?id=2853970&use=l&cat=p&typeid=i","cat":284606},{"id":247869,"n":"Shampooing Elsève Huile  extraordinaire amla -250ml","p":3.69,"u":"14,76 €/L","img":"https://fd13-photos.leclercdrive.fr/image.ashx?id=2853973&use=l&cat=p&typeid=i","cat":284606},{"id":247871,"n":"Shampooing Elsève  Liss intense -300ml","p":4.1,"u":"13,67 €/L","img":"https://fd13-photos.leclercdrive.fr/image.ashx?id=2853976&use=l&cat=p&typeid=i","cat":284606},{"id":247873,"n":"Shampooing Elsève Fibralogy Volume - 300ml","p":4.17,"u":"13,90 €/L","img":"https://fd13-photos.leclercdrive.fr/image.ashx?id=2870686&use=l&cat=p&typeid=i","cat":284606},{"id":247874,"n":"Savon liquide Le Naturel  Extra pur de Marseille -500ml","p":2.68,"u":"5,36 €/L","img":"https://fd13-photos.leclercdrive.fr/image.ashx?id=2869119&use=l&cat=p&typeid=i","cat":284597},{"id":247878,"n":"Savon liquide Le Natural  Recharge Savon de Marseille -1l","p":4.73,"u":"4,73 €/L","img":"https://fd13-photos.leclercdrive.fr/image.ashx?id=2869122&use=l&cat=p&typeid=i","cat":284597},{"id":247879,"n":"Adoucissant Soupline Concentré Grand air - 1.9L","p":9.06,"u":"4,77 €/L","img":"https://fd13-photos.leclercdrive.fr/image.ashx?id=2966800&use=l&cat=p&typeid=i","cat":284650},{"id":247881,"n":"Adoucissant concentré Soupline  Douceur des Alpes -0,9L","p":3.35,"u":"3,72 €/L","img":"https://fd13-photos.leclercdrive.fr/image.ashx?id=2854825&use=l&cat=p&typeid=i","cat":284650},{"id":247882,"n":"Shampooing Elsève  Antipelliculaire - 300ml","p":3.84,"u":"12,80 €/L","img":"https://fd13-photos.leclercdrive.fr/image.ashx?id=2853982&use=l&cat=p&typeid=i","cat":284606},{"id":248126,"n":"Abricot sec JA 500g","p":3.52,"u":"7,04 €/KG","img":"https://fd13-photos.leclercdrive.fr/image.ashx?id=2997004&use=l&cat=p&typeid=i","cat":284357},{"id":248260,"n":"Coco pesto rosso Mes Délisecs Vivien Paille 300g","p":1.99,"pp":1.31,"u":"4,37 €/KG","img":"https://fd13-photos.leclercdrive.fr/image.ashx?id=2855840&use=l&cat=p&typeid=i","cat":312606},{"id":248327,"n":"Crème de douche Corine de Farme Surgras - Noix de coco - 500ml","p":3.29,"u":"6,58 €/L","img":"https://fd13-photos.leclercdrive.fr/image.ashx?id=2856386&use=l&cat=p&typeid=i","cat":284594},{"id":248350,"n":"Complément alimentaire Eafit Minceur 360 - Poudre - 200g","p":20.11,"u":"100,55 €/KG","img":"https://fd13-photos.leclercdrive.fr/image.ashx?id=2862518&use=l&cat=p&typeid=i","cat":301267},{"id":248544,"n":"Ananas Extra Sweet 1p","p":2.99,"img":"https://fd13-photos.leclercdrive.fr/image.ashx?id=2856700&use=l&cat=p&typeid=i","cat":284356},{"id":248545,"n":"Chou-fleur blanc 1p","p":1.59,"img":"https://fd13-photos.leclercdrive.fr/image.ashx?id=1631991&use=l&cat=p&typeid=i","cat":284352},{"id":248546,"n":"Feuille de chêne blonde 1p","p":0.98,"img":"https://fd13-photos.leclercdrive.fr/image.ashx?id=1633646&use=l&cat=p&typeid=i","cat":284352},{"id":248596,"n":"Mangue 1p","p":1.99,"img":"https://fd13-photos.leclercdrive.fr/image.ashx?id=1636371&use=l&cat=p&typeid=i","cat":284356},{"id":248823,"n":"Sauce algérienne Rustica 260g","p":1.67,"u":"6,42 €/KG","img":"https://fd13-photos.leclercdrive.fr/image.ashx?id=2954397&use=l&cat=p&typeid=i","cat":318431},{"id":248827,"n":"Pains au lait Epi d'or x15 - 525g","p":1.78,"u":"3,39 €/KG","img":"https://fd13-photos.leclercdrive.fr/image.ashx?id=2893337&use=l&cat=p&typeid=i","cat":296366},{"id":249041,"n":"Crème de change dermo-pédiatrie Biolane 100ml","p":2.29,"u":"22,90 €/L","img":"https://fd13-photos.leclercdrive.fr/image.ashx?id=2893702&use=l&cat=p&typeid=i","cat":284741},{"id":249956,"n":"Perles de linge Soupline  Grand air - 460g","p":15.05,"img":"https://fd13-photos.leclercdrive.fr/image.ashx?id=2861833&use=l&cat=p&typeid=i","cat":284650},{"id":249957,"n":"Risotto aux champignons Knorr 175g","p":2.39,"u":"13,66 €/KG","img":"https://fd13-photos.leclercdrive.fr/image.ashx?id=2938349&use=l&cat=p&typeid=i","cat":284428},{"id":249961,"n":"Risotto aux asperges Knorr 12min - 175g","p":2.29,"u":"13,09 €/KG","img":"https://fd13-photos.leclercdrive.fr/image.ashx?id=2964255&use=l&cat=p&typeid=i","cat":284428},{"id":249962,"n":"Risotto pointe de safran Knorr 12min - 175g","p":1.88,"u":"10,74 €/KG","img":"https://fd13-photos.leclercdrive.fr/image.ashx?id=2918116&use=l&cat=p&typeid=i","cat":284428},{"id":249965,"n":"Gourdes Douceur du Verger 12x90g","p":4.19,"u":"3,88 €/KG","img":"https://fd13-photos.leclercdrive.fr/image.ashx?id=2934787&use=l&cat=p&typeid=i","cat":284508},{"id":249966,"n":"Gourdes Douceur du Verger 20x90g","p":4.89,"u":"2,72 €/KG","img":"https://fd13-photos.leclercdrive.fr/image.ashx?id=2934784&use=l&cat=p&typeid=i","cat":284508},{"id":249994,"n":"Adoucissant Soupline  Hypoallergenique - 880ml","p":5.43,"u":"6,17 €/L","img":"https://fd13-photos.leclercdrive.fr/image.ashx?id=2863923&use=l&cat=p&typeid=i","cat":284650},{"id":250153,"n":"Sauce burger Rustica 260g","p":1.29,"u":"4,96 €/KG","img":"https://fd13-photos.leclercdrive.fr/image.ashx?id=2954400&use=l&cat=p&typeid=i","cat":318431},{"id":250158,"n":"Crème hydratante So Bio Etic Booster d'éclat Bio 50ml","p":9.97,"u":"199,40 €/L","img":"https://fd13-photos.leclercdrive.fr/image.ashx?id=2863581&use=l&cat=p&typeid=i","cat":325350},{"id":250160,"n":"Sérum hydratation So Bio Etic Booster d'éclat Bio30ml","p":11.62,"u":"387,33 €/L","img":"https://fd13-photos.leclercdrive.fr/image.ashx?id=2863578&use=l&cat=p&typeid=i","cat":325345},{"id":250172,"n":"Sérum hydratant So Bio Etic Fortifiant repulpant Bio - 30ml","p":14.15,"u":"471,67 €/L","img":"https://fd13-photos.leclercdrive.fr/image.ashx?id=2863584&use=l&cat=p&typeid=i","cat":325345},{"id":250357,"n":"Sucettes silicone Nuk Ours/hérisson - 6-18 mois - x2","p":6.1,"img":"https://fd13-photos.leclercdrive.fr/image.ashx?id=2863133&use=l&cat=p&typeid=i","cat":284743},{"id":250365,"n":"Sucettes silicone Nuk Ours/hérisson 18-36 mois x2","p":6.88,"img":"https://fd13-photos.leclercdrive.fr/image.ashx?id=2863136&use=l&cat=p&typeid=i","cat":284743},{"id":250366,"n":"Liquide vaisselle Nuk Biberons et Tétines - 500ml","p":6.9,"u":"13,80 €/L","img":"https://fd13-photos.leclercdrive.fr/image.ashx?id=2863779&use=l&cat=p&typeid=i","cat":284655},{"id":250373,"n":"Bavoir plastique Mots d'enfants Rose - 0-4 mois - x1","p":2.5,"img":"https://fd13-photos.leclercdrive.fr/image.ashx?id=2864041&use=l&cat=p&typeid=i","cat":289435},{"id":250374,"n":"Bavoir plastique Mots d'enfants Gris - 0-4 mois - x1","p":2.5,"img":"https://fd13-photos.leclercdrive.fr/image.ashx?id=2864050&use=l&cat=p&typeid=i","cat":289435},{"id":250389,"n":"Bavoir à manche Mots d'enfants Bleu skate - 6-18 mois - x1","p":4.95,"img":"https://fd13-photos.leclercdrive.fr/image.ashx?id=2864001&use=l&cat=p&typeid=i","cat":289435},{"id":250390,"n":"Bavoirs 2ème âge Mots d'enfants Animaux/Arc-en-ciel +18 mois x5","p":4.95,"img":"https://fd13-photos.leclercdrive.fr/image.ashx?id=2863977&use=l&cat=p&typeid=i","cat":289435},{"id":250425,"n":"Crème soin jour visage Nivea Anti-tâches SPF50 - 40ml","p":16.65,"u":"416,25 €/L","img":"https://fd13-photos.leclercdrive.fr/image.ashx?id=2985501&use=l&cat=p&typeid=i","cat":325345},{"id":250433,"n":"Adoucissant  Soupline concentré Coco Envoûtant - 835ml","p":4.97,"u":"5,95 €/L","img":"https://fd13-photos.leclercdrive.fr/image.ashx?id=2864224&use=l&cat=p&typeid=i","cat":284650},{"id":250435,"n":"Adoucissant concentré Soupline Ultra Vanille - 835ml","p":4.97,"u":"5,95 €/L","img":"https://fd13-photos.leclercdrive.fr/image.ashx?id=2864221&use=l&cat=p&typeid=i","cat":284650},{"id":250820,"n":"Gnocchini à poêler Lustucru 2x300g + 1 offert","p":3.19,"u":"3,54 €/KG","img":"https://fd13-photos.leclercdrive.fr/image.ashx?id=2939493&use=l&cat=p&typeid=i","cat":333682},{"id":251522,"n":"Boisson énergisante Celsius Pêche - 35,5cl","p":1.4,"u":"3,94 €/L","img":"https://fd13-photos.leclercdrive.fr/image.ashx?id=2905021&use=l&cat=p&typeid=i","cat":284533},{"id":251524,"n":"Tropicana - Juicy Pêche rouge 1,5L","p":2.24,"u":"1,49 €/L","img":"https://fd13-photos.leclercdrive.fr/image.ashx?id=3010813&use=l&cat=p&typeid=i","cat":284915},{"id":251990,"n":"Patch invisible visage Garnier Anti-acné - x22","p":10.12,"img":"https://fd13-photos.leclercdrive.fr/image.ashx?id=3000794&use=l&cat=p&typeid=i","cat":325345},{"id":251996,"n":"Perles de linge Soupline Adoucissant - Vanille - 230g","p":7.48,"u":"32,52 €/KG","img":"https://fd13-photos.leclercdrive.fr/image.ashx?id=2868608&use=l&cat=p&typeid=i","cat":284650},{"id":251999,"n":"Gel douche Tahiti Coco & Jasmin - 250ml","p":1.96,"u":"7,84 €/L","img":"https://fd13-photos.leclercdrive.fr/image.ashx?id=2919445&use=l&cat=p&typeid=i","cat":284594},{"id":252000,"n":"Gel douche Tahiti Monoï & frangipanier - 250ml","p":2.08,"u":"8,32 €/L","img":"https://fd13-photos.leclercdrive.fr/image.ashx?id=2919448&use=l&cat=p&typeid=i","cat":284594},{"id":252001,"n":"Gel douche Tahiti Vanille & amande - 250ml","p":1.96,"u":"7,84 €/L","img":"https://fd13-photos.leclercdrive.fr/image.ashx?id=2919451&use=l&cat=p&typeid=i","cat":284594},{"id":252006,"n":"Nettoyant visage Revitalift Hydratant et lissant - 150ml","p":7.2,"u":"48,00 €/L","img":"https://fd13-photos.leclercdrive.fr/image.ashx?id=2874006&use=l&cat=p&typeid=i","cat":284603},{"id":252008,"n":"Sérum visage Revitalift Laser Correcteur anti-âge -30ml","p":14.6,"u":"486,67 €/L","img":"https://fd13-photos.leclercdrive.fr/image.ashx?id=2874024&use=l&cat=p&typeid=i","cat":325345},{"id":252097,"n":"Lessive Liquide SKIP Touche de Cajoline x37 lavages","p":12.76,"u":"8,21 €/L","img":"https://fd13-photos.leclercdrive.fr/image.ashx?id=2940660&use=l&cat=p&typeid=i","cat":284640},{"id":252109,"n":"Duo sérum anti-âge L'Oréal Age perfect - 30ml","p":24.5,"pp":16.17,"u":"539,00 €/L","img":"https://fd13-photos.leclercdrive.fr/image.ashx?id=2874003&use=l&cat=p&typeid=i","cat":325345},{"id":252112,"n":"Soin anti-tâches L'Oréal Paris Bright Reveal SPF50+ - 50ml","p":19.44,"u":"388,80 €/L","img":"https://fd13-photos.leclercdrive.fr/image.ashx?id=2903428&use=l&cat=p&typeid=i","cat":325345},{"id":252113,"n":"Fluide anti-uv L'Oréal Medium SPF50 50ml","p":18.29,"u":"365,80 €/L","img":"https://fd13-photos.leclercdrive.fr/image.ashx?id=2874009&use=l&cat=p&typeid=i","cat":325345},{"id":252120,"n":"Crème hydratante L'Oréal Bright Reveal - SPF50 - 50ml","p":16.57,"u":"331,40 €/L","img":"https://fd13-photos.leclercdrive.fr/image.ashx?id=2874015&use=l&cat=p&typeid=i","cat":284622},{"id":252125,"n":"Soin hydratant L'Oréal Matifiant - SPF30 - 40ml","p":12.33,"u":"308,25 €/L","img":"https://fd13-photos.leclercdrive.fr/image.ashx?id=3008785&use=l&cat=p&typeid=i","cat":284622},{"id":252128,"n":"Spray nettoyant multi-usage CIF Infinite+Clean Protection 280ml","p":4.24,"u":"15,14 €/MT","img":"https://fd13-photos.leclercdrive.fr/image.ashx?id=2948543&use=l&cat=p&typeid=i","cat":325357},{"id":252129,"n":"Spray nettoyant multi-usage Cif  Infinite+Clean Brillance-280ml","p":4.16,"u":"14,86 €/L","img":"https://fd13-photos.leclercdrive.fr/image.ashx?id=2872234&use=l&cat=p&typeid=i","cat":325357},{"id":252133,"n":"Spray nettoyant multi-usage CIF Infinite+Clean 280ml","p":4.17,"u":"14,89 €/L","img":"https://fd13-photos.leclercdrive.fr/image.ashx?id=2948546&use=l&cat=p&typeid=i","cat":325357},{"id":252134,"n":"Recharge Spray nettoyant CIF Infinite+Clean Protection 590ml","p":4.94,"u":"8,37 €/L","img":"https://fd13-photos.leclercdrive.fr/image.ashx?id=2948549&use=l&cat=p&typeid=i","cat":325357},{"id":252136,"n":"Recharge Spray nettoyant CIF Infinite+Clean Brillance 590ml","p":4.9,"u":"8,31 €/L","img":"https://fd13-photos.leclercdrive.fr/image.ashx?id=2940675&use=l&cat=p&typeid=i","cat":325357},{"id":252137,"n":"Recharge Spray nettoyant CIF Infinite+Clean 590ml","p":4.62,"u":"7,83 €/L","img":"https://fd13-photos.leclercdrive.fr/image.ashx?id=2974066&use=l&cat=p&typeid=i","cat":325357},{"id":252575,"n":"Pizza Bomba Italpizza Double Salamino - 465g","p":4.89,"u":"10,52 €/KG","img":"https://fd13-photos.leclercdrive.fr/image.ashx?id=2871220&use=l&cat=p&typeid=i","cat":284256},{"id":252814,"n":"Crème visage corps mains Nivea Repair & care - 400ml","p":5.19,"pp":3.43,"u":"8,58 €/L","img":"https://fd13-photos.leclercdrive.fr/image.ashx?id=2872078&use=l&cat=p&typeid=i","cat":325350},{"id":253209,"n":"Crème visage jour Nivea Anti-rides extra fermeté 100ml","p":26.94,"u":"269,40 €/L","img":"https://fd13-photos.leclercdrive.fr/image.ashx?id=2875168&use=l&cat=p&typeid=i","cat":325345},{"id":253339,"n":"Croque Monsieur Herta Chèvre jambon - 310g","p":2.59,"u":"8,35 €/KG","img":"https://fd13-photos.leclercdrive.fr/image.ashx?id=2877745&use=l&cat=p&typeid=i","cat":333671},{"id":253342,"n":"Croque-Monsieur Herta  Maxi Montagnard x2 - 310g","p":2.59,"u":"8,35 €/KG","img":"https://fd13-photos.leclercdrive.fr/image.ashx?id=2877748&use=l&cat=p&typeid=i","cat":333671},{"id":253571,"n":"Bols Mots d'Enfants - 2x200g  Tomates, pâtes et boeuf dès 8M","p":2.39,"u":"5,98 €/KG","img":"https://fd13-photos.leclercdrive.fr/image.ashx?id=2892358&use=l&cat=p&typeid=i","cat":312236},{"id":253575,"n":"Bols Mots d'Enfants - 2x200g  Parmentier de cabillaud dès 8M","p":2.09,"u":"5,23 €/KG","img":"https://fd13-photos.leclercdrive.fr/image.ashx?id=2892361&use=l&cat=p&typeid=i","cat":312236},{"id":253581,"n":"Bols Mots d'Enfants - 2x200g  Purée de légumes dès 8M","p":1.69,"u":"4,23 €/KG","img":"https://fd13-photos.leclercdrive.fr/image.ashx?id=2892364&use=l&cat=p&typeid=i","cat":312236},{"id":253677,"n":"Bols Mots d'Enfants - 2x200g  Pâtes, épinards et crème dès 8M","p":2.29,"u":"5,73 €/KG","img":"https://fd13-photos.leclercdrive.fr/image.ashx?id=2892367&use=l&cat=p&typeid=i","cat":312236},{"id":253678,"n":"Assiette Mots d'Enfants - 230g Spaghetti bolognaise dès 12M","p":1.39,"u":"6,04 €/KG","img":"https://fd13-photos.leclercdrive.fr/image.ashx?id=2898050&use=l&cat=p&typeid=i","cat":312237},{"id":253679,"n":"Assiette Mots d'Enfants - 230g Hachis parmentier dès 12M","p":1.39,"u":"6,04 €/KG","img":"https://fd13-photos.leclercdrive.fr/image.ashx?id=2892370&use=l&cat=p&typeid=i","cat":312237},{"id":253683,"n":"Assiette Mots d'Enfants - 250g Pommes de terre, poulet dès 15M","p":1.59,"u":"6,36 €/KG","img":"https://fd13-photos.leclercdrive.fr/image.ashx?id=2898053&use=l&cat=p&typeid=i","cat":312238},{"id":253684,"n":"Assiette Mots d'Enfants - 250g Pâtes, tomate et jambon dès 15M","p":1.59,"u":"6,36 €/KG","img":"https://fd13-photos.leclercdrive.fr/image.ashx?id=2892376&use=l&cat=p&typeid=i","cat":312238},{"id":253687,"n":"Assiette Mots d'Enfants - 250g Légumes et patate douce dès 15M","p":1.59,"u":"6,36 €/KG","img":"https://fd13-photos.leclercdrive.fr/image.ashx?id=2892388&use=l&cat=p&typeid=i","cat":312238},{"id":253689,"n":"Assiette Mots d'Enfants - 250g Pdt, fondue de poireaux dès 15M","p":1.59,"u":"6,36 €/KG","img":"https://fd13-photos.leclercdrive.fr/image.ashx?id=2892379&use=l&cat=p&typeid=i","cat":312238},{"id":253691,"n":"Assiette Mots d'Enfants - 250g Pâtes boeuf bourguignon dès 18M","p":1.69,"u":"6,76 €/KG","img":"https://fd13-photos.leclercdrive.fr/image.ashx?id=2892382&use=l&cat=p&typeid=i","cat":312238},{"id":253694,"n":"Assiette Mots d'Enfants - 250g Blanquette de volaille dès 18M","p":1.69,"u":"6,76 €/KG","img":"https://fd13-photos.leclercdrive.fr/image.ashx?id=2898056&use=l&cat=p&typeid=i","cat":312238},{"id":253698,"n":"Assiette Mots d'Enfants - 250g Carottes pâtes épinards dès 18M","p":1.69,"u":"6,76 €/KG","img":"https://fd13-photos.leclercdrive.fr/image.ashx?id=2898059&use=l&cat=p&typeid=i","cat":312238},{"id":253699,"n":"Assiette Mots d'Enfants - 250g Ratatouille et boulgour dès 18M","p":1.69,"u":"6,76 €/KG","img":"https://fd13-photos.leclercdrive.fr/image.ashx?id=2892385&use=l&cat=p&typeid=i","cat":312238},{"id":253992,"n":"Gel douche L'Oréal Menexpert Hyaluronic power - 300ml","p":3.89,"u":"12,97 €/L","img":"https://fd13-photos.leclercdrive.fr/image.ashx?id=2874554&use=l&cat=p&typeid=i","cat":284619},{"id":253999,"n":"Chewing gum Mentos pure fresh Limonade sans sucres x50 - 100g","p":5.15,"u":"51,50 €/KG","img":"https://fd13-photos.leclercdrive.fr/image.ashx?id=3010795&use=l&cat=p&typeid=i","cat":304251},{"id":254136,"n":"Soin de nuit Diadermine Lift+ Boost éclat - 50ml","p":16.33,"u":"326,60 €/L","img":"https://fd13-photos.leclercdrive.fr/image.ashx?id=2880597&use=l&cat=p&typeid=i","cat":325345},{"id":254157,"n":"Rasoir OneBlade  +1 lame","p":28.94,"u":"Dont 0,12 € d'éco-part.","img":"https://fd13-photos.leclercdrive.fr/image.ashx?id=2938352&use=l&cat=p&typeid=i","cat":284616},{"id":254336,"n":"Truite fumée Landvika 4 tranches - 100g","p":3.89,"u":"38,90 €/KG","img":"https://fd13-photos.leclercdrive.fr/image.ashx?id=2876593&use=l&cat=p&typeid=i","cat":285188},{"id":254374,"n":"Piles Duracell Plus power boost AA - x8","p":10.79,"u":"1,35 €/P","img":"https://fd13-photos.leclercdrive.fr/image.ashx?id=2929125&use=l&cat=p&typeid=i","cat":300572},{"id":254391,"n":"Boisson énergisante Red Bull Zéro, 250ml","p":1.08,"u":"4,32 €/L","img":"https://fd13-photos.leclercdrive.fr/image.ashx?id=2877313&use=l&cat=p&typeid=i","cat":284533},{"id":254824,"n":"IGP Pays d'Oc rosé Bleu de Mer - 75cl","p":5.78,"u":"7,71 €/L","img":"https://fd13-photos.leclercdrive.fr/image.ashx?id=2876863&use=l&cat=p&typeid=i","cat":289558},{"id":254888,"n":"Monster Rio punch 50cl","p":1.6,"u":"3,20 €/L","img":"https://fd13-photos.leclercdrive.fr/image.ashx?id=2877067&use=l&cat=p&typeid=i","cat":284533},{"id":254941,"n":"Bâtonnets Häagen-Dazs Cracking Macadamia x3 - 201g","p":3.71,"u":"18,46 €/KG","img":"https://fd13-photos.leclercdrive.fr/image.ashx?id=2876599&use=l&cat=p&typeid=i","cat":284265},{"id":254943,"n":"Bâtonnets Häagen-Dazs Salted Caramel x3 - 204g","p":3.77,"u":"18,48 €/KG","img":"https://fd13-photos.leclercdrive.fr/image.ashx?id=2876608&use=l&cat=p&typeid=i","cat":284265},{"id":254944,"n":"Bâtonnets Häagen-Dazs  Cookies & Cream x3 - 192g","p":3.84,"u":"20,00 €/KG","img":"https://fd13-photos.leclercdrive.fr/image.ashx?id=2876602&use=l&cat=p&typeid=i","cat":284265},{"id":254949,"n":"Bâtonnets Häagen-Dazs Smooth Vanilla x3 - 192g","p":3.57,"u":"18,59 €/KG","img":"https://fd13-photos.leclercdrive.fr/image.ashx?id=2876605&use=l&cat=p&typeid=i","cat":284265},{"id":255059,"n":"Piles Varta Longlife Alkaline AAA - x20","p":11.51,"u":"0,58 €/P","img":"https://fd13-photos.leclercdrive.fr/image.ashx?id=2877004&use=l&cat=p&typeid=i","cat":300572},{"id":255060,"n":"Piles Varta Longlife Alkaline AA - x20","p":11.8,"u":"0,59 €/P","img":"https://fd13-photos.leclercdrive.fr/image.ashx?id=2877007&use=l&cat=p&typeid=i","cat":300572},{"id":255195,"n":"Préservatifs Durex Feeling - XL - x12","p":6.72,"img":"https://fd13-photos.leclercdrive.fr/image.ashx?id=2878789&use=l&cat=p&typeid=i","cat":284631},{"id":255197,"n":"Préservatifs Durex Classic jeans - x12","p":5.11,"img":"https://fd13-photos.leclercdrive.fr/image.ashx?id=2878792&use=l&cat=p&typeid=i","cat":284631},{"id":255199,"n":"Préservatifs Durex Classic Jeans - XL - x12","p":5.11,"img":"https://fd13-photos.leclercdrive.fr/image.ashx?id=2964983&use=l&cat=p&typeid=i","cat":284631},{"id":255202,"n":"Préservatifs Durex Extra protect - x12","p":4.61,"img":"https://fd13-photos.leclercdrive.fr/image.ashx?id=2878801&use=l&cat=p&typeid=i","cat":284631},{"id":255206,"n":"Crème fixative Polident Soin & tolérance 0% - 2x44g","p":8.21,"u":"93,30 €/KG","img":"https://fd13-photos.leclercdrive.fr/image.ashx?id=2921091&use=l&cat=p&typeid=i","cat":285158},{"id":255350,"n":"Crème fixative Polident Original 0% - 2x44g","p":6.37,"u":"72,39 €/KG","img":"https://fd13-photos.leclercdrive.fr/image.ashx?id=2921094&use=l&cat=p&typeid=i","cat":285158},{"id":255507,"n":"Vernis à ongles Maybelline Transparent effet cristal - x1","p":4.93,"img":"https://fd13-photos.leclercdrive.fr/image.ashx?id=2967884&use=l&cat=p&typeid=i","cat":325347},{"id":255514,"n":"Vernis à ongles Maybelline Ink Bonder 06 - x1","p":4.9,"img":"https://fd13-photos.leclercdrive.fr/image.ashx?id=2883158&use=l&cat=p&typeid=i","cat":325347},{"id":255541,"n":"Saucisson Mini Justin Bridou Bâton de Berger Emmental - 80g","p":2.52,"u":"31,50 €/KG","img":"https://fd13-photos.leclercdrive.fr/image.ashx?id=2880384&use=l&cat=p&typeid=i","cat":316006},{"id":255549,"n":"Saucisson Fuet Justin Bridou Noisette - 150g","p":2.96,"u":"19,73 €/KG","img":"https://fd13-photos.leclercdrive.fr/image.ashx?id=2948941&use=l&cat=p&typeid=i","cat":316006},{"id":255669,"n":"Recharge Gel douche Pêche Blanche bio & Nectar 500ml","p":2.8,"u":"5,60 €/L","img":"https://fd13-photos.leclercdrive.fr/image.ashx?id=2880411&use=l&cat=p&typeid=i","cat":284594},{"id":255671,"n":"Recharge Gel douche extra-doux Verveine Bio & citron bio 500ml","p":2.89,"u":"5,78 €/L","img":"https://fd13-photos.leclercdrive.fr/image.ashx?id=2880414&use=l&cat=p&typeid=i","cat":284594},{"id":255672,"n":"Recharge gel douche homme Minereaux & bois de cèdre 500ml","p":3.12,"u":"6,24 €/L","img":"https://fd13-photos.leclercdrive.fr/image.ashx?id=2880417&use=l&cat=p&typeid=i","cat":284594},{"id":255688,"n":"Recharge gel douche homme Pin maritime & eucalyptus 500ml","p":2.93,"u":"5,86 €/L","img":"https://fd13-photos.leclercdrive.fr/image.ashx?id=2880420&use=l&cat=p&typeid=i","cat":284619},{"id":255696,"n":"Déodorant spray homme Axe Apollo - 200ml","p":3.98,"u":"19,90 €/L","img":"https://fd13-photos.leclercdrive.fr/image.ashx?id=2985663&use=l&cat=p&typeid=i","cat":284618},{"id":255708,"n":"Complément alimentaire Granions Fer - x60 gélules","p":13.8,"u":"431,25 €/KG","img":"https://fd13-photos.leclercdrive.fr/image.ashx?id=2879760&use=l&cat=p&typeid=i","cat":301264},{"id":255710,"n":"Complément alimentaire Granions Zinc - x60 gélules","p":12.89,"u":"402,81 €/KG","img":"https://fd13-photos.leclercdrive.fr/image.ashx?id=2879763&use=l&cat=p&typeid=i","cat":301266},{"id":255718,"n":"Saumon fumé Petit Navire Norvège 2 tranches 65g","p":3.99,"u":"61,38 €/KG","img":"https://fd13-photos.leclercdrive.fr/image.ashx?id=2880489&use=l&cat=p&typeid=i","cat":285188},{"id":255957,"n":"Déodorant spray homme Axe Dark temptation - 200ml","p":3.6,"u":"18,00 €/L","img":"https://fd13-photos.leclercdrive.fr/image.ashx?id=2881536&use=l&cat=p&typeid=i","cat":284618},{"id":255978,"n":"Déodorant spray homme Axe Ice cool - 200ml","p":4.31,"u":"21,55 €/L","img":"https://fd13-photos.leclercdrive.fr/image.ashx?id=2881548&use=l&cat=p&typeid=i","cat":284618},{"id":256445,"n":"Brossettes interdentaires Gum 0.9mm 1412 - x6","p":5.4,"img":"https://fd13-photos.leclercdrive.fr/image.ashx?id=2882095&use=l&cat=p&typeid=i","cat":301595},{"id":256536,"n":"Nectar Bio Pressade Pomme - 6x20cl","p":2.73,"u":"2,28 €/L","img":"https://fd13-photos.leclercdrive.fr/image.ashx?id=2882752&use=l&cat=p&typeid=i","cat":284522},{"id":256761,"n":"Yaourts Brassé au lait entier Fruits rouges - 6x125g","p":2.72,"u":"3,63 €/KG","img":"https://fd13-photos.leclercdrive.fr/image.ashx?id=2885050&use=l&cat=p&typeid=i","cat":284410},{"id":256762,"n":"Yaourts brassé au lait entier Fruits Jaunes - 6x125g","p":2.72,"u":"21,76 €/KG","img":"https://fd13-photos.leclercdrive.fr/image.ashx?id=2885053&use=l&cat=p&typeid=i","cat":284410},{"id":256783,"n":"Laque Elnett Cheveux secs - 300ml","p":7.87,"u":"26,23 €/L","img":"https://fd13-photos.leclercdrive.fr/image.ashx?id=2883152&use=l&cat=p&typeid=i","cat":284609},{"id":256784,"n":"Lait corps Mixa Panthénol Confort - 400ml","p":6.29,"u":"15,73 €/L","img":"https://fd13-photos.leclercdrive.fr/image.ashx?id=2883161&use=l&cat=p&typeid=i","cat":325349},{"id":256798,"n":"Boisson Jardin Bio Fruits Rouges Hibiscus - 1L","p":1.94,"u":"1,94 €/L","img":"https://fd13-photos.leclercdrive.fr/image.ashx?id=2883510&use=l&cat=p&typeid=i","cat":295018},{"id":256825,"n":"Tajine boulgour Jardin Bio Poulet olive citron 220g","p":3.12,"u":"14,18 €/KG","img":"https://fd13-photos.leclercdrive.fr/image.ashx?id=2883582&use=l&cat=p&typeid=i","cat":284953},{"id":256826,"n":"Croquettes chat Edgard & Cooper Saumon - 750g","p":8.39,"u":"11,19 €/KG","img":"https://fd13-photos.leclercdrive.fr/image.ashx?id=2891265&use=l&cat=p&typeid=i","cat":284680},{"id":256833,"n":"Biscuit Jardin Bio Le Petit Céréalier - 155g","p":2.04,"u":"13,16 €/KG","img":"https://fd13-photos.leclercdrive.fr/image.ashx?id=2883588&use=l&cat=p&typeid=i","cat":284487},{"id":257022,"n":"Diffuseur Raid Max Night & Day Anti-moustiques - 27ml","p":11.55,"u":"427,78 €/L","img":"https://fd13-photos.leclercdrive.fr/image.ashx?id=2967388&use=l&cat=p&typeid=i","cat":298368},{"id":257024,"n":"Diffuseur électrique Raid Max Liquide - 30 nuits - 21ml","p":7.39,"u":"351,90 €/L","img":"https://fd13-photos.leclercdrive.fr/image.ashx?id=2884759&use=l&cat=p&typeid=i","cat":298368},{"id":257026,"n":"Spirale anti-moustiques Raid Max - Usage extérieur - x10","p":1.67,"img":"https://fd13-photos.leclercdrive.fr/image.ashx?id=2884750&use=l&cat=p&typeid=i","cat":298368},{"id":257027,"n":"Spray Raid Max Fourmis & cafards - 500ml","p":7.4,"u":"14,80 €/L","img":"https://fd13-photos.leclercdrive.fr/image.ashx?id=2884747&use=l&cat=p&typeid=i","cat":298368},{"id":257031,"n":"Gel anti-mites Raid Max Senteur lavande - x2","p":4.74,"img":"https://fd13-photos.leclercdrive.fr/image.ashx?id=2884753&use=l&cat=p&typeid=i","cat":298368},{"id":257038,"n":"Gel douche homme Axe Supreme Provocation - 5-en-1 - 400ml","p":3.15,"u":"7,88 €/L","img":"https://fd13-photos.leclercdrive.fr/image.ashx?id=2884924&use=l&cat=p&typeid=i","cat":284619},{"id":257043,"n":"Gel douche homme Axe Black vanilla - 225ml","p":2.79,"u":"12,40 €/L","img":"https://fd13-photos.leclercdrive.fr/image.ashx?id=2908387&use=l&cat=p&typeid=i","cat":284619},{"id":257045,"n":"Gel douche homme Axe supreme Lendemain difficile - 400ml","p":3.01,"u":"7,53 €/L","img":"https://fd13-photos.leclercdrive.fr/image.ashx?id=2884918&use=l&cat=p&typeid=i","cat":284619},{"id":257049,"n":"Déodorant spray homme Axe Cherry fizz - 150ml","p":4.14,"u":"27,60 €/L","img":"https://fd13-photos.leclercdrive.fr/image.ashx?id=3011953&use=l&cat=p&typeid=i","cat":284618},{"id":257050,"n":"Déodorant spray homme Axe Cocoa velvet - 150ml","p":5.52,"u":"36,80 €/L","img":"https://fd13-photos.leclercdrive.fr/image.ashx?id=2896468&use=l&cat=p&typeid=i","cat":284618},{"id":257074,"n":"Gnocchi à poêler Lustucru Extra jambon fromage 300g","p":2.18,"u":"7,27 €/KG","img":"https://fd13-photos.leclercdrive.fr/image.ashx?id=2884387&use=l&cat=p&typeid=i","cat":333682},{"id":257076,"n":"Gnocchi à poêler Lustucru Extra fromage 300g","p":2.13,"u":"7,10 €/KG","img":"https://fd13-photos.leclercdrive.fr/image.ashx?id=2886013&use=l&cat=p&typeid=i","cat":333682},{"id":257077,"n":"Fromage enfant Mini Babybel  16 portions goûter - 352g","p":5.89,"u":"16,73 €/KG","img":"https://fd13-photos.leclercdrive.fr/image.ashx?id=2935840&use=l&cat=p&typeid=i","cat":314030},{"id":257164,"n":"Vodka Zubrowka lemon 70cl","p":16.44,"u":"23,49 €/L","img":"https://fd13-photos.leclercdrive.fr/image.ashx?id=2884828&use=l&cat=p&typeid=i","cat":284550},{"id":257165,"n":"Pizza Crousti-Fine Marie 4 fromages - 390g","p":3.48,"u":"8,92 €/KG","img":"https://fd13-photos.leclercdrive.fr/image.ashx?id=2996728&use=l&cat=p&typeid=i","cat":284256},{"id":257167,"n":"Vodka Zubrowka rose 70cl","p":16.32,"u":"23,31 €/L","img":"https://fd13-photos.leclercdrive.fr/image.ashx?id=2884825&use=l&cat=p&typeid=i","cat":284550},{"id":257169,"n":"Pizza Crousti-Fine Marie Royale - 400g","p":3.38,"u":"8,45 €/KG","img":"https://fd13-photos.leclercdrive.fr/image.ashx?id=2996734&use=l&cat=p&typeid=i","cat":284256},{"id":257171,"n":"Pizza Crousti-Fine Marie Tomate mozzarella - 400g","p":3.39,"u":"8,48 €/KG","img":"https://fd13-photos.leclercdrive.fr/image.ashx?id=2996737&use=l&cat=p&typeid=i","cat":284256},{"id":257172,"n":"Pizza Crousti-Fine Marie Chorizo paprika - 400g","p":3.39,"u":"8,48 €/KG","img":"https://fd13-photos.leclercdrive.fr/image.ashx?id=2996731&use=l&cat=p&typeid=i","cat":284256},{"id":257201,"n":"Préservatifs Durex Intensity - x10","p":11.02,"img":"https://fd13-photos.leclercdrive.fr/image.ashx?id=2962035&use=l&cat=p&typeid=i","cat":284631},{"id":257202,"n":"Préservatifs Durex Intensity XL - x10","p":10.78,"img":"https://fd13-photos.leclercdrive.fr/image.ashx?id=2964670&use=l&cat=p&typeid=i","cat":284631},{"id":257214,"n":"Capsules lave-vaisselle Finish Quantum Citron - x30 - 312g","p":7.3,"u":"23,40 €/KG","img":"https://fd13-photos.leclercdrive.fr/image.ashx?id=2926618&use=l&cat=p&typeid=i","cat":284656},{"id":257215,"n":"Capsules lave-vaisselle Finish Quantum - x30 - 312g","p":7.27,"u":"23,30 €/KG","img":"https://fd13-photos.leclercdrive.fr/image.ashx?id=2884627&use=l&cat=p&typeid=i","cat":284656},{"id":257217,"n":"Capsules lave-vaisselle Finish Ultimate citron - x26 - 335g","p":7.16,"u":"21,44 €/KG","img":"https://fd13-photos.leclercdrive.fr/image.ashx?id=2884630&use=l&cat=p&typeid=i","cat":284656},{"id":257218,"n":"Capsules lave-vaisselle Finish Ultimate - x26 - 335g","p":7.19,"u":"21,46 €/KG","img":"https://fd13-photos.leclercdrive.fr/image.ashx?id=2884633&use=l&cat=p&typeid=i","cat":284656},{"id":257220,"n":"Gel lave-vaisselle Finish Power - 900ml","p":7.34,"u":"8,16 €/L","img":"https://fd13-photos.leclercdrive.fr/image.ashx?id=2884639&use=l&cat=p&typeid=i","cat":284656},{"id":257225,"n":"Gel lave-vaisselle Finish Power - Citron - 900ml","p":6.46,"u":"7,18 €/L","img":"https://fd13-photos.leclercdrive.fr/image.ashx?id=2884642&use=l&cat=p&typeid=i","cat":284656},{"id":257230,"n":"Désinfectant linge Sanytol Stop Odeurs Fleurs blanches 500ml","p":3.61,"u":"7,22 €/L","img":"https://fd13-photos.leclercdrive.fr/image.ashx?id=2961960&use=l&cat=p&typeid=i","cat":290451},{"id":257231,"n":"Désinfectant linge Sanytol Stop Odeurs Fleurs Blanches 1L","p":6.09,"u":"6,09 €/L","img":"https://fd13-photos.leclercdrive.fr/image.ashx?id=2884312&use=l&cat=p&typeid=i","cat":290451},{"id":257232,"n":"Capsules Lave-Vaisselle SUN  Pro-Expert Regular 38 lavages","p":7.9,"u":"13,86 €/KG","img":"https://fd13-photos.leclercdrive.fr/image.ashx?id=2907728&use=l&cat=p&typeid=i","cat":284656},{"id":257233,"n":"Tablettes lave-vaisselle Uni Vert - Tout-en-1 - x45 - 720g","p":6.57,"u":"9,13 €/KG","img":"https://fd13-photos.leclercdrive.fr/image.ashx?id=3015132&use=l&cat=p&typeid=i","cat":284656},{"id":257236,"n":"Tablettes lave-vaisselle Uni Vert - Classiques - x45 - 450g","p":6.27,"u":"13,93 €/KG","img":"https://fd13-photos.leclercdrive.fr/image.ashx?id=3015135&use=l&cat=p&typeid=i","cat":284656},{"id":257243,"n":"Nettoyant ménager Ajax 5 actions Brise fraîche - 1.5L","p":2.63,"u":"1,75 €/L","img":"https://fd13-photos.leclercdrive.fr/image.ashx?id=2919442&use=l&cat=p&typeid=i","cat":284907},{"id":257251,"n":"Capsules Lave-Vaisselle SUN  Pro-Expert Citron 38 lavages","p":7.9,"u":"13,86 €/KG","img":"https://fd13-photos.leclercdrive.fr/image.ashx?id=2991039&use=l&cat=p&typeid=i","cat":284656},{"id":257322,"n":"Nectar Bio Pressade Orange - 1.5L","p":2.69,"u":"1,79 €/L","img":"https://fd13-photos.leclercdrive.fr/image.ashx?id=2885357&use=l&cat=p&typeid=i","cat":284521},{"id":257366,"n":"Huile de douche Atoderm Bioderm Bioderma - 1L","p":12.49,"u":"12,49 €/L","img":"https://fd13-photos.leclercdrive.fr/image.ashx?id=2887059&use=l&cat=p&typeid=i","cat":301591},{"id":257369,"n":"Crème jour Nuxe Nuxuriance Ultra - Anti-âge global - 50ml","p":52.9,"img":"https://fd13-photos.leclercdrive.fr/image.ashx?id=2889019&use=l&cat=p&typeid=i","cat":291168},{"id":257370,"n":"Huile prodigieuse Or Nuxe Florale - 50ml","p":24.46,"u":"489,20 €/L","img":"https://fd13-photos.leclercdrive.fr/image.ashx?id=2889022&use=l&cat=p&typeid=i","cat":290422},{"id":257375,"n":"Eau micellaire Nuxe Very Rose Démaquillante Apaisante 200ml","p":11.93,"u":"0,06 €/M3","img":"https://fd13-photos.leclercdrive.fr/image.ashx?id=2889031&use=l&cat=p&typeid=i","cat":301587},{"id":257382,"n":"Serum lèvres Nuxe Very Rose Repulpant - 8ml","p":15.75,"img":"https://fd13-photos.leclercdrive.fr/image.ashx?id=2889034&use=l&cat=p&typeid=i","cat":291172},{"id":257383,"n":"Soin d'exception Nuxe Nuxuriance Ultra - 75ml","p":59.99,"u":"799,87 €/L","img":"https://fd13-photos.leclercdrive.fr/image.ashx?id=2889037&use=l&cat=p&typeid=i","cat":291168},{"id":257390,"n":"Brossettes interdentaires Gum 0.6mm 1312 - x6","p":5.4,"img":"https://fd13-photos.leclercdrive.fr/image.ashx?id=2887266&use=l&cat=p&typeid=i","cat":301595},{"id":257493,"n":"Boîte de conservation Smeg Medium transparent - 1L","p":11.04,"img":"https://fd13-photos.leclercdrive.fr/image.ashx?id=2940312&use=l&cat=p&typeid=i","cat":284710},{"id":257494,"n":"Boîte de conservation Smeg Crème - Large - 1.4L","p":12.27,"img":"https://fd13-photos.leclercdrive.fr/image.ashx?id=2940315&use=l&cat=p&typeid=i","cat":284710},{"id":257497,"n":"Boîte de conservation Smeg Noir - Large - 1.4L","p":12.27,"img":"https://fd13-photos.leclercdrive.fr/image.ashx?id=2940318&use=l&cat=p&typeid=i","cat":284710},{"id":257533,"n":"Mini cocotte Smeg Noir - 12cm - x2","p":18.4,"img":"https://fd13-photos.leclercdrive.fr/image.ashx?id=2904973&use=l&cat=p&typeid=i","cat":298490},{"id":257606,"n":"Cappelletti Rana jambon cru 250g","p":3.28,"u":"13,12 €/KG","img":"https://fd13-photos.leclercdrive.fr/image.ashx?id=2886358&use=l&cat=p&typeid=i","cat":333682},{"id":257608,"n":"Raviolis Rana ricotta épinards 250g","p":3.3,"u":"13,20 €/KG","img":"https://fd13-photos.leclercdrive.fr/image.ashx?id=2886361&use=l&cat=p&typeid=i","cat":333682},{"id":257609,"n":"Raviolis Rana 4 fromages 250g","p":3.36,"u":"13,44 €/KG","img":"https://fd13-photos.leclercdrive.fr/image.ashx?id=2886364&use=l&cat=p&typeid=i","cat":333682},{"id":257611,"n":"Raviolis Rana boeuf bolognaise 250g","p":3.64,"u":"14,56 €/KG","img":"https://fd13-photos.leclercdrive.fr/image.ashx?id=2886367&use=l&cat=p&typeid=i","cat":333682},{"id":257612,"n":"Tortellini Rana bacon, speck & mozzarella 250g","p":3.47,"u":"13,88 €/KG","img":"https://fd13-photos.leclercdrive.fr/image.ashx?id=2886370&use=l&cat=p&typeid=i","cat":333682},{"id":257868,"n":"Bière Rouge la Bête Rouge 8% 75cl","p":4.31,"u":"5,75 €/L","img":"https://fd13-photos.leclercdrive.fr/image.ashx?id=2885962&use=l&cat=p&typeid=i","cat":334878},{"id":257943,"n":"Gaufrettes P'tit Déli Framboise - 4x160g","p":5.93,"u":"9,27 €/KG","img":"https://fd13-photos.leclercdrive.fr/image.ashx?id=2919544&use=l&cat=p&typeid=i","cat":284489},{"id":257947,"n":"Soda Orangina 24x33cl - 21+3 offerts","p":11.75,"u":"1,48 €/L","img":"https://fd13-photos.leclercdrive.fr/image.ashx?id=2886741&use=l&cat=p&typeid=i","cat":284532},{"id":258071,"n":"Les Arrangés Divins Ananas Citron vert poivre Timut - 70cl","p":19.99,"u":"28,56 €/L","img":"https://fd13-photos.leclercdrive.fr/image.ashx?id=2886921&use=l&cat=p&typeid=i","cat":284550},{"id":258072,"n":"Les Arrangés Divins Banane Caramel beurre salé - 70cl","p":20.03,"u":"28,61 €/L","img":"https://fd13-photos.leclercdrive.fr/image.ashx?id=2886924&use=l&cat=p&typeid=i","cat":284550},{"id":258074,"n":"Les Arrangés Divins Passion Ananas - 70cl","p":20.05,"u":"28,64 €/L","img":"https://fd13-photos.leclercdrive.fr/image.ashx?id=2886933&use=l&cat=p&typeid=i","cat":284550},{"id":258076,"n":"Les Arrangés Divins mangue Curcuma - 70cl","p":20.09,"u":"28,70 €/L","img":"https://fd13-photos.leclercdrive.fr/image.ashx?id=2886927&use=l&cat=p&typeid=i","cat":284550},{"id":258077,"n":"Les Arrangés Divins pomme Passion Gingembre bio - 70cl","p":20.02,"u":"28,60 €/L","img":"https://fd13-photos.leclercdrive.fr/image.ashx?id=2886930&use=l&cat=p&typeid=i","cat":284550},{"id":258299,"n":"Lasagnes William Saurin Bolognaise pure boeuf - 300g","p":2.59,"u":"8,63 €/KG","img":"https://fd13-photos.leclercdrive.fr/image.ashx?id=2916012&use=l&cat=p&typeid=i","cat":284953},{"id":258301,"n":"Spaghetti William Saurin Bolognaise pure boeuf - 300g","p":2.8,"u":"9,33 €/KG","img":"https://fd13-photos.leclercdrive.fr/image.ashx?id=2939517&use=l&cat=p&typeid=i","cat":284953},{"id":258303,"n":"Poulet basquaise William Saurin 285g","p":2.69,"u":"9,44 €/KG","img":"https://fd13-photos.leclercdrive.fr/image.ashx?id=2928564&use=l&cat=p&typeid=i","cat":284953},{"id":258304,"n":"Poulet William Saurin à la crème - 280g","p":2.69,"u":"9,61 €/KG","img":"https://fd13-photos.leclercdrive.fr/image.ashx?id=2939520&use=l&cat=p&typeid=i","cat":284953},{"id":258305,"n":"Risotto William Saurin poulet et champignons - 280g","p":2.61,"u":"9,32 €/KG","img":"https://fd13-photos.leclercdrive.fr/image.ashx?id=2912113&use=l&cat=p&typeid=i","cat":284953},{"id":258308,"n":"Torsades saumon William Saurin Crème et aneth - 280g","p":2.8,"u":"10,00 €/KG","img":"https://fd13-photos.leclercdrive.fr/image.ashx?id=2916009&use=l&cat=p&typeid=i","cat":284953},{"id":258309,"n":"Merlu blanc William Saurin Riz et légumes - 300g","p":2.69,"u":"8,97 €/KG","img":"https://fd13-photos.leclercdrive.fr/image.ashx?id=2986392&use=l&cat=p&typeid=i","cat":284953},{"id":258310,"n":"Blanquette William Saurin Veau et riz - 285g","p":2.95,"u":"10,35 €/KG","img":"https://fd13-photos.leclercdrive.fr/image.ashx?id=2906286&use=l&cat=p&typeid=i","cat":284953},{"id":258311,"n":"Olives noires Rustica façon grècque - 235g","p":1.55,"u":"6,60 €/KG","img":"https://fd13-photos.leclercdrive.fr/image.ashx?id=2970590&use=l&cat=p&typeid=i","cat":284458},{"id":258312,"n":"Bourguignon William Saurin Boeuf - 300g","p":2.79,"u":"9,30 €/KG","img":"https://fd13-photos.leclercdrive.fr/image.ashx?id=2906289&use=l&cat=p&typeid=i","cat":284953},{"id":258313,"n":"Bières Desperados Sunlight  cerise/grenade 4° - 3x33cl","p":3.99,"u":"4,03 €/L","img":"https://fd13-photos.leclercdrive.fr/image.ashx?id=2899401&use=l&cat=p&typeid=i","cat":334878},{"id":258314,"n":"Hachis William Saurin Parmentier pur boeuf - 300g","p":2.94,"u":"9,80 €/KG","img":"https://fd13-photos.leclercdrive.fr/image.ashx?id=2906292&use=l&cat=p&typeid=i","cat":284953},{"id":258318,"n":"Dentifrice Colgate  Action charbon - 75ml","p":3.03,"u":"40,40 €/L","img":"https://fd13-photos.leclercdrive.fr/image.ashx?id=2888199&use=l&cat=p&typeid=i","cat":284612},{"id":258319,"n":"Brosse à dents souple Elmex Sensitive expert - 1 pièce","p":3.92,"img":"https://fd13-photos.leclercdrive.fr/image.ashx?id=2888190&use=l&cat=p&typeid=i","cat":284614},{"id":258320,"n":"Dentifrice Elmex Email blancheur - 75ml","p":6.88,"u":"91,73 €/L","img":"https://fd13-photos.leclercdrive.fr/image.ashx?id=2888196&use=l&cat=p&typeid=i","cat":284612},{"id":258321,"n":"Dentifrice soin Elmex Sensitive expert - 75ml","p":6.62,"u":"88,27 €/L","img":"https://fd13-photos.leclercdrive.fr/image.ashx?id=2888205&use=l&cat=p&typeid=i","cat":284612},{"id":258322,"n":"Dentifrice sensitive Elmex Soin instantané - 75ml","p":6.62,"u":"88,27 €/L","img":"https://fd13-photos.leclercdrive.fr/image.ashx?id=3009338&use=l&cat=p&typeid=i","cat":284612},{"id":258323,"n":"Dentifrice gencives Elmex Sensitive plus - 75ml","p":5.92,"u":"78,93 €/L","img":"https://fd13-photos.leclercdrive.fr/image.ashx?id=2888193&use=l&cat=p&typeid=i","cat":284612},{"id":258339,"n":"Glace Kinder Bueno Cônes noisettes x6 - 372g","p":6.32,"u":"16,99 €/KG","img":"https://fd13-photos.leclercdrive.fr/image.ashx?id=2891334&use=l&cat=p&typeid=i","cat":284264},{"id":258341,"n":"Glace Rafello bâtonnets Pêche hibiscus x3 - 138g","p":3.75,"u":"27,17 €/KG","img":"https://fd13-photos.leclercdrive.fr/image.ashx?id=2890436&use=l&cat=p&typeid=i","cat":284265},{"id":258342,"n":"Glace Ferrero bâtonnets chocolat noir orange x3 - 138g","p":4.07,"u":"29,49 €/KG","img":"https://fd13-photos.leclercdrive.fr/image.ashx?id=2889913&use=l&cat=p&typeid=i","cat":284265},{"id":258343,"n":"Crêpes Nutella  x6 - 240g","p":4.74,"u":"19,75 €/KG","img":"https://fd13-photos.leclercdrive.fr/image.ashx?id=2899761&use=l&cat=p&typeid=i","cat":284267},{"id":258345,"n":"Muffins Nutella  x4 - 264g","p":4.79,"u":"18,14 €/KG","img":"https://fd13-photos.leclercdrive.fr/image.ashx?id=2899758&use=l&cat=p&typeid=i","cat":284267},{"id":258347,"n":"Donuts Nutella x4 - 240g","p":4.82,"u":"20,08 €/KG","img":"https://fd13-photos.leclercdrive.fr/image.ashx?id=2889916&use=l&cat=p&typeid=i","cat":284267},{"id":258350,"n":"Ravioli Rana tomate mozzarella 250g","p":3.42,"u":"13,68 €/KG","img":"https://fd13-photos.leclercdrive.fr/image.ashx?id=2889931&use=l&cat=p&typeid=i","cat":333682},{"id":258351,"n":"Pâtes fraîches Rana Poulet rôti au citron 250g","p":3.62,"u":"14,48 €/KG","img":"https://fd13-photos.leclercdrive.fr/image.ashx?id=2889934&use=l&cat=p&typeid=i","cat":333682},{"id":258352,"n":"Tortellini Rana Parmigiano  Reggiano 250g","p":3.26,"u":"13,04 €/KG","img":"https://fd13-photos.leclercdrive.fr/image.ashx?id=2889937&use=l&cat=p&typeid=i","cat":333682},{"id":258353,"n":"Sauce fajita Jardin Bio Bio - 350g","p":3.06,"u":"8,74 €/KG","img":"https://fd13-photos.leclercdrive.fr/image.ashx?id=2889592&use=l&cat=p&typeid=i","cat":288993},{"id":258356,"n":"Raviolis Rana Burrata chorizo 250g","p":3.92,"u":"15,68 €/KG","img":"https://fd13-photos.leclercdrive.fr/image.ashx?id=2889943&use=l&cat=p&typeid=i","cat":333682},{"id":258357,"n":"Ravioli Rana crevettes pois chi Pois chiches 250g","p":4.97,"u":"19,88 €/KG","img":"https://fd13-photos.leclercdrive.fr/image.ashx?id=2890445&use=l&cat=p&typeid=i","cat":333682},{"id":258363,"n":"Bières Softiz Sans alcool  Saveur citron - 6x27,5cl","p":3.08,"u":"1,87 €/L","img":"https://fd13-photos.leclercdrive.fr/image.ashx?id=2887431&use=l&cat=p&typeid=i","cat":334877},{"id":258364,"n":"Biscuits bio Jardin Bio Sésame - 150g","p":2.04,"u":"13,60 €/KG","img":"https://fd13-photos.leclercdrive.fr/image.ashx?id=2890211&use=l&cat=p&typeid=i","cat":284487},{"id":258366,"n":"Bières Softiz Sans alcool  Saveur mojito - 6x27,5cl","p":3.02,"u":"1,83 €/L","img":"https://fd13-photos.leclercdrive.fr/image.ashx?id=2887428&use=l&cat=p&typeid=i","cat":334877},{"id":258369,"n":"Sauce salsa bio Jardin Bio 350g","p":3.06,"u":"8,74 €/KG","img":"https://fd13-photos.leclercdrive.fr/image.ashx?id=2889595&use=l&cat=p&typeid=i","cat":284451},{"id":258374,"n":"Préparation pour Spritz Giffard Citron - 50cl 16% vol.","p":6.9,"pp":6.21,"u":"12,42 €/L","img":"https://fd13-photos.leclercdrive.fr/image.ashx?id=2888769&use=l&cat=p&typeid=i","cat":284551},{"id":258387,"n":"Bières Desperados Sunlight  mangue/passion 4° - 3x33cl","p":3.99,"u":"4,03 €/L","img":"https://fd13-photos.leclercdrive.fr/image.ashx?id=2977990&use=l&cat=p&typeid=i","cat":334878},{"id":258544,"n":"Lipton infuse à Froid Rooibos  Mangue - x15 sachets -33g","p":2.83,"u":"85,76 €/KG","img":"https://fd13-photos.leclercdrive.fr/image.ashx?id=2908762&use=l&cat=p&typeid=i","cat":293234},{"id":258606,"n":"Soda Fanta Orange  Bouteille - 1.25L","p":1.7,"u":"1,36 €/L","img":"https://fd13-photos.leclercdrive.fr/image.ashx?id=2924752&use=l&cat=p&typeid=i","cat":284532},{"id":258711,"n":"Biscuits petit dejeuner  Saracene Balocco -350g","p":2.71,"u":"7,74 €/KG","img":"https://fd13-photos.leclercdrive.fr/image.ashx?id=2889925&use=l&cat=p&typeid=i","cat":285281},{"id":258713,"n":"Chewing-gum Hollywood Menthe verte 5x10 - 70g","p":1.98,"u":"28,29 €/KG","img":"https://fd13-photos.leclercdrive.fr/image.ashx?id=3001539&use=l&cat=p&typeid=i","cat":304251},{"id":258714,"n":"Chewing-gum Hollywood Menthe fraîche 5x10 - 70g","p":1.98,"u":"28,29 €/KG","img":"https://fd13-photos.leclercdrive.fr/image.ashx?id=3001542&use=l&cat=p&typeid=i","cat":304251},{"id":258728,"n":"Les cèpes au vinaigre Borde  Apéritif & charcuterie -100g","p":4.03,"u":"40,30 €/KG","img":"https://fd13-photos.leclercdrive.fr/image.ashx?id=2889316&use=l&cat=p&typeid=i","cat":312610},{"id":259159,"n":"Soin visage Fluide anti tâches  UV vitamine C  Garnier -40ml","p":8.06,"u":"201,50 €/L","img":"https://fd13-photos.leclercdrive.fr/image.ashx?id=2904251&use=l&cat=p&typeid=i","cat":325345},{"id":259176,"n":"Déodorant stick Menthe fraîche Homme 48h Mennen -60ml","p":3.89,"u":"64,83 €/L","img":"https://fd13-photos.leclercdrive.fr/image.ashx?id=2904257&use=l&cat=p&typeid=i","cat":284618},{"id":259178,"n":"Déodorant stick Ice fresh  Homme 24h Mennen -60ml","p":4.31,"u":"71,83 €/L","img":"https://fd13-photos.leclercdrive.fr/image.ashx?id=2904260&use=l&cat=p&typeid=i","cat":284618},{"id":259179,"n":"Préservatifs Durex Intensity - x5","p":5.93,"img":"https://fd13-photos.leclercdrive.fr/image.ashx?id=2962032&use=l&cat=p&typeid=i","cat":284631},{"id":259180,"n":"Préservatifs Durex Intensity - x20","p":20.38,"img":"https://fd13-photos.leclercdrive.fr/image.ashx?id=2964980&use=l&cat=p&typeid=i","cat":284631},{"id":259181,"n":"Déodorant stick Black Tonka  48h Mennen -60ml","p":3.99,"u":"66,50 €/L","img":"https://fd13-photos.leclercdrive.fr/image.ashx?id=2904263&use=l&cat=p&typeid=i","cat":284618},{"id":259184,"n":"Préservatifs Durex Classic Jeans - x20","p":6.87,"img":"https://fd13-photos.leclercdrive.fr/image.ashx?id=2892433&use=l&cat=p&typeid=i","cat":284631},{"id":259185,"n":"Déodorant stick Green Yuzu  48h Mennen -60ml","p":3.69,"u":"61,50 €/L","img":"https://fd13-photos.leclercdrive.fr/image.ashx?id=2904266&use=l&cat=p&typeid=i","cat":284618},{"id":259189,"n":"Poudre lave-vaisselle Visior 1.71kg","p":7.64,"u":"4,47 €/KG","img":"https://fd13-photos.leclercdrive.fr/image.ashx?id=2889208&use=l&cat=p&typeid=i","cat":284656},{"id":259190,"n":"Eau de parfum Adidas Energy drive - 100ml","p":17.14,"u":"171,40 €/L","img":"https://fd13-photos.leclercdrive.fr/image.ashx?id=2892856&use=l&cat=p&typeid=i","cat":291525},{"id":259207,"n":"Dentifrice Sensodyne Sensibilité quotidienne - 75ml","p":3.28,"u":"43,73 €/L","img":"https://fd13-photos.leclercdrive.fr/image.ashx?id=2893003&use=l&cat=p&typeid=i","cat":284612},{"id":259210,"n":"Nouilles instantanées poulet Teriyaki - Daisuki - 79g","p":1.16,"u":"14,68 €/KG","img":"https://fd13-photos.leclercdrive.fr/image.ashx?id=2892412&use=l&cat=p&typeid=i","cat":288992},{"id":259211,"n":"Dentifrice Enfants Sensodyne 2-6 ans - 50ml","p":3.68,"u":"73,60 €/L","img":"https://fd13-photos.leclercdrive.fr/image.ashx?id=2893009&use=l&cat=p&typeid=i","cat":288898},{"id":259221,"n":"Recharge Gel douche Sanex Natural prebiotic -  450ml","p":4.55,"u":"10,11 €/L","img":"https://fd13-photos.leclercdrive.fr/image.ashx?id=2947243&use=l&cat=p&typeid=i","cat":284594},{"id":259238,"n":"Whisky Rum cask finished West Cork - 70cl","p":44.43,"u":"63,47 €/L","img":"https://fd13-photos.leclercdrive.fr/image.ashx?id=2893060&use=l&cat=p&typeid=i","cat":284547},{"id":259245,"n":"Bière aromatisée 1664 Rosé 4,5°- 6x25cl","p":5.43,"u":"3,62 €/L","img":"https://fd13-photos.leclercdrive.fr/image.ashx?id=2892457&use=l&cat=p&typeid=i","cat":334878},{"id":259249,"n":"Bière aromatisée Somersby Pomme 4,5° - 3x27,5cl","p":3.9,"u":"4,73 €/L","img":"https://fd13-photos.leclercdrive.fr/image.ashx?id=2892460&use=l&cat=p&typeid=i","cat":334878},{"id":259250,"n":"Bière aromatisée Somersby Citron Yuzu 4,5° - 3x27,5cl","p":3.9,"u":"4,73 €/L","img":"https://fd13-photos.leclercdrive.fr/image.ashx?id=2892463&use=l&cat=p&typeid=i","cat":334878},{"id":259253,"n":"Bière aromatisée Somersby Framboise 4,5° - 3x27,5cl","p":4.28,"u":"5,19 €/L","img":"https://fd13-photos.leclercdrive.fr/image.ashx?id=2892466&use=l&cat=p&typeid=i","cat":334878},{"id":259262,"n":"Bière blonde Stella Artois 5,2% - 6x25cl","p":5.71,"u":"3,81 €/L","img":"https://fd13-photos.leclercdrive.fr/image.ashx?id=2944371&use=l&cat=p&typeid=i","cat":334873},{"id":259263,"n":"Bière blonde Stella Artois 5,2% - 12x25cl","p":9.5,"pp":6.27,"u":"2,09 €/L","img":"https://fd13-photos.leclercdrive.fr/image.ashx?id=2971754&use=l&cat=p&typeid=i","cat":334873},{"id":259279,"n":"Bière blonde Bud 5% - 50cl canette","p":4.99,"u":"24,95 €/L","img":"https://fd13-photos.leclercdrive.fr/image.ashx?id=2994554&use=l&cat=p&typeid=i","cat":334853},{"id":259283,"n":"Bière Cherry 8.6 7.2% - 4x50cl","p":7.79,"u":"3,90 €/L","img":"https://fd13-photos.leclercdrive.fr/image.ashx?id=2905708&use=l&cat=p&typeid=i","cat":334853},{"id":259286,"n":"Piles Alcaline Varta Longlife Power AA x6","p":6.11,"img":"https://fd13-photos.leclercdrive.fr/image.ashx?id=2892952&use=l&cat=p&typeid=i","cat":300572},{"id":259289,"n":"Piles Alcaline Longlife Power C / LR14 x2","p":4.3,"img":"https://fd13-photos.leclercdrive.fr/image.ashx?id=2892955&use=l&cat=p&typeid=i","cat":300572},{"id":259290,"n":"Piles Alcalines Longlife Power D / LR20 x2","p":4.3,"img":"https://fd13-photos.leclercdrive.fr/image.ashx?id=2892958&use=l&cat=p&typeid=i","cat":300572},{"id":259292,"n":"Complément alimentaire Granions Collagène+ Beauté - 265g","p":23.59,"u":"89,02 €/KG","img":"https://fd13-photos.leclercdrive.fr/image.ashx?id=2892904&use=l&cat=p&typeid=i","cat":301266},{"id":259323,"n":"Burger Jacquet brioché Ultra moelleux x4 - 250g","p":1.66,"u":"6,64 €/KG","img":"https://fd13-photos.leclercdrive.fr/image.ashx?id=3010984&use=l&cat=p&typeid=i","cat":325067},{"id":259343,"n":"Sous-vêtement de nuit enfant   Eco Love & Green 8-15 ans -x15","p":20.0,"u":"1,33 €/P","img":"https://fd13-photos.leclercdrive.fr/image.ashx?id=2892877&use=l&cat=p&typeid=i","cat":327907},{"id":259604,"n":"Boisson fruits multivitaminés  Fruit shoot -9 x 20cl +3 off","p":3.23,"u":"1,35 €/L","img":"https://fd13-photos.leclercdrive.fr/image.ashx?id=2892469&use=l&cat=p&typeid=i","cat":295018},{"id":259632,"n":"Nectar Bio Pressade Pomme - 1.5L","p":2.13,"u":"1,42 €/L","img":"https://fd13-photos.leclercdrive.fr/image.ashx?id=2892586&use=l&cat=p&typeid=i","cat":284522},{"id":259754,"n":"Bière blonde Stella Artois 5,2% - 50cl canette","p":1.54,"u":"3,08 €/L","img":"https://fd13-photos.leclercdrive.fr/image.ashx?id=2893063&use=l&cat=p&typeid=i","cat":334853},{"id":259819,"n":"Piles Duracell Plus power boost AA - x4","p":5.9,"u":"1,48 €/P","img":"https://fd13-photos.leclercdrive.fr/image.ashx?id=2929122&use=l&cat=p&typeid=i","cat":300572},{"id":260044,"n":"Liqueur Get Menthe & fruits rouges 17.9° - 70cl","p":12.99,"u":"18,56 €/L","img":"https://fd13-photos.leclercdrive.fr/image.ashx?id=3009104&use=l&cat=p&typeid=i","cat":286032},{"id":260045,"n":"Boisson énergisante Celsius Pêche framboise - 35,5cl","p":1.4,"u":"3,94 €/L","img":"https://fd13-photos.leclercdrive.fr/image.ashx?id=2922155&use=l&cat=p&typeid=i","cat":284533},{"id":260047,"n":"Boisson énergisante Celsius Multifruits - 35,5cl","p":1.4,"u":"3,94 €/L","img":"https://fd13-photos.leclercdrive.fr/image.ashx?id=2919006&use=l&cat=p&typeid=i","cat":284533},{"id":260048,"n":"Boisson énergisante Celsius Orange - 35,5cl","p":1.4,"u":"3,94 €/L","img":"https://fd13-photos.leclercdrive.fr/image.ashx?id=2922152&use=l&cat=p&typeid=i","cat":284533},{"id":260054,"n":"Boisson énergisante Celsius Fraise passion - 35,5cl","p":1.4,"u":"3,94 €/L","img":"https://fd13-photos.leclercdrive.fr/image.ashx?id=2922158&use=l&cat=p&typeid=i","cat":284533},{"id":260057,"n":"Shampooing & sérum Head &  Shoulders - Hydratant - x2","p":13.91,"img":"https://fd13-photos.leclercdrive.fr/image.ashx?id=2896819&use=l&cat=p&typeid=i","cat":284606},{"id":260058,"n":"Dentifrice Oral-B Professional Protection sensibilité - 2x75ml","p":9.45,"u":"63,00 €/L","img":"https://fd13-photos.leclercdrive.fr/image.ashx?id=2893823&use=l&cat=p&typeid=i","cat":284612},{"id":260059,"n":"Dentifrice Oral-B Professional Protection gencives - 2x75ml","p":9.45,"u":"63,00 €/L","img":"https://fd13-photos.leclercdrive.fr/image.ashx?id=2893826&use=l&cat=p&typeid=i","cat":284612},{"id":260062,"n":"Dentifrice Oral-B Professional Email renforcé - 2x75ml","p":9.45,"u":"63,00 €/L","img":"https://fd13-photos.leclercdrive.fr/image.ashx?id=2893901&use=l&cat=p&typeid=i","cat":284612},{"id":260066,"n":"Shampooing & Après shampooing Head & Shoulders - Apaise - x2","p":13.91,"img":"https://fd13-photos.leclercdrive.fr/image.ashx?id=2905693&use=l&cat=p&typeid=i","cat":284606},{"id":260068,"n":"Shampooing & après-shampooing Head & shoulders - Hydrate x2","p":13.91,"img":"https://fd13-photos.leclercdrive.fr/image.ashx?id=2896816&use=l&cat=p&typeid=i","cat":284606},{"id":260201,"n":"Shampooing & après-shampooing Head & Shoulders Revitalise x1","p":13.91,"img":"https://fd13-photos.leclercdrive.fr/image.ashx?id=2912689&use=l&cat=p&typeid=i","cat":284606},{"id":260203,"n":"Dentifrice Oral-B Professional Blancheur saine - 2x75ml","p":9.45,"u":"63,00 €/L","img":"https://fd13-photos.leclercdrive.fr/image.ashx?id=2899045&use=l&cat=p&typeid=i","cat":284612},{"id":260212,"n":"Crozes Hermitage Rouge  Granit 2023  -75cl","p":15.24,"u":"20,32 €/L","img":"https://fd13-photos.leclercdrive.fr/image.ashx?id=2893660&use=l&cat=p&typeid=i","cat":289556},{"id":260276,"n":"Barre de céréales Nature Valley Crunchy avoine miel - 420g","p":4.31,"u":"10,26 €/KG","img":"https://fd13-photos.leclercdrive.fr/image.ashx?id=2894512&use=l&cat=p&typeid=i","cat":300032},{"id":260281,"n":"Bière blonde de caractère  Pélican 7.5% 12x25cl","p":11.39,"pp":7.52,"u":"2,51 €/L","img":"https://fd13-photos.leclercdrive.fr/image.ashx?id=2922600&use=l&cat=p&typeid=i","cat":334872},{"id":260282,"n":"Champagne brut Veuve Clicquot 12.5% - 75cl","p":55.55,"u":"74,07 €/L","img":"https://fd13-photos.leclercdrive.fr/image.ashx?id=2894137&use=l&cat=p&typeid=i","cat":284542},{"id":260285,"n":"Cocktail sans alcool Mister Sex on the Beach - 75cl","p":3.91,"u":"5,21 €/L","img":"https://fd13-photos.leclercdrive.fr/image.ashx?id=2961804&use=l&cat=p&typeid=i","cat":284549},{"id":260328,"n":"Riz Taureau Ailé Basmati du Punjab - 500g","p":2.24,"u":"4,48 €/KG","img":"https://fd13-photos.leclercdrive.fr/image.ashx?id=2893756&use=l&cat=p&typeid=i","cat":284428},{"id":260713,"n":"Serviettes hygiéniques Jour &  Nuit Always ultra 2 x 22","p":10.36,"u":"0,24 €/P","img":"https://fd13-photos.leclercdrive.fr/image.ashx?id=2895068&use=l&cat=p&typeid=i","cat":284624},{"id":260715,"n":"Serviettes hygiéniques Long +  Always ultra 2 x26","p":10.36,"u":"0,20 €/P","img":"https://fd13-photos.leclercdrive.fr/image.ashx?id=2895074&use=l&cat=p&typeid=i","cat":284624},{"id":260730,"n":"Culottes fuites urinaires  Always discreet Taille M x 11","p":10.29,"u":"0,94 €/P","img":"https://fd13-photos.leclercdrive.fr/image.ashx?id=2902424&use=l&cat=p&typeid=i","cat":284628},{"id":261200,"n":"Cônes Magnum noisette  4x90g","p":5.23,"u":"20,12 €/KG","img":"https://fd13-photos.leclercdrive.fr/image.ashx?id=2896453&use=l&cat=p&typeid=i","cat":284264},{"id":261216,"n":"Cônes Magnum mangue  4x90ml","p":4.98,"u":"19,15 €/KG","img":"https://fd13-photos.leclercdrive.fr/image.ashx?id=2896450&use=l&cat=p&typeid=i","cat":284264},{"id":261223,"n":"Saucisson sec Saint Agaûne La fine - 200g","p":4.6,"u":"23,00 €/KG","img":"https://fd13-photos.leclercdrive.fr/image.ashx?id=2960939&use=l&cat=p&typeid=i","cat":316006},{"id":261225,"n":"Rhum Diplomatico Reserva exclusiva - 70cl","p":38.5,"u":"55,00 €/L","img":"https://fd13-photos.leclercdrive.fr/image.ashx?id=2896408&use=l&cat=p&typeid=i","cat":284550},{"id":261270,"n":"Rasoir Venus confort glide  Spa breeze +2 recharges","p":13.99,"img":"https://fd13-photos.leclercdrive.fr/image.ashx?id=2897351&use=l&cat=p&typeid=i","cat":325352},{"id":261274,"n":"Rasoir Venus extra smooth  Swirl +1 recharge","p":13.85,"img":"https://fd13-photos.leclercdrive.fr/image.ashx?id=2897357&use=l&cat=p&typeid=i","cat":325352},{"id":261277,"n":"Rasoir Venus pro confort glide Sugarberry +1 recharge","p":13.85,"img":"https://fd13-photos.leclercdrive.fr/image.ashx?id=2897360&use=l&cat=p&typeid=i","cat":325352},{"id":261279,"n":"Tablette  de chocolat Poulain 2x95g","p":2.71,"u":"14,26 €/KG","img":"https://fd13-photos.leclercdrive.fr/image.ashx?id=2897177&use=l&cat=p&typeid=i","cat":284497},{"id":261419,"n":"Sun capsules Pro Expert  Citron -735g","p":10.87,"u":"14,79 €/KG","img":"https://fd13-photos.leclercdrive.fr/image.ashx?id=2905717&use=l&cat=p&typeid=i","cat":284656},{"id":261461,"n":"Bière Kasteel Rubus 7° alc. La boîte 50cl","p":2.95,"u":"5,90 €/L","img":"https://fd13-photos.leclercdrive.fr/image.ashx?id=2897312&use=l&cat=p&typeid=i","cat":334853},{"id":261498,"n":"Chewing-gum Hollywood Blancheur  Xylitol sans sucres - 67,5g","p":2.57,"u":"37,79 €/KG","img":"https://fd13-photos.leclercdrive.fr/image.ashx?id=2994602&use=l&cat=p&typeid=i","cat":304251},{"id":261500,"n":"Tablette cuadro Cremino  110g","p":3.09,"u":"28,09 €/KG","img":"https://fd13-photos.leclercdrive.fr/image.ashx?id=2903806&use=l&cat=p&typeid=i","cat":284497},{"id":261507,"n":"Tablette de chocolat Equador noir citron vert - 100g","p":1.79,"u":"17,90 €/KG","img":"https://fd13-photos.leclercdrive.fr/image.ashx?id=2896834&use=l&cat=p&typeid=i","cat":284956},{"id":261519,"n":"Chewing-gum Hollywood Cherry 5x14g -70g","p":2.93,"u":"41,86 €/KG","img":"https://fd13-photos.leclercdrive.fr/image.ashx?id=2985696&use=l&cat=p&typeid=i","cat":304251},{"id":261520,"n":"Bonbons La Vosgienne  Sève de Pin - 125g","p":1.67,"u":"13,36 €/KG","img":"https://fd13-photos.leclercdrive.fr/image.ashx?id=2901235&use=l&cat=p&typeid=i","cat":304256},{"id":261525,"n":"Sauté de lapin William Saurin 300g","p":3.23,"u":"10,77 €/KG","img":"https://fd13-photos.leclercdrive.fr/image.ashx?id=2905375&use=l&cat=p&typeid=i","cat":284953},{"id":261528,"n":"Nectar Bio Pressade Orange Bio - 6x20cl","p":3.26,"u":"2,72 €/L","img":"https://fd13-photos.leclercdrive.fr/image.ashx?id=2902705&use=l&cat=p&typeid=i","cat":284521},{"id":261540,"n":"Rhum Diplomatico Mantuano 70cl 40%","p":29.71,"u":"42,44 €/L","img":"https://fd13-photos.leclercdrive.fr/image.ashx?id=2898753&use=l&cat=p&typeid=i","cat":284550},{"id":261589,"n":"Sauce Soja Sucrée Kikkoman 150ml","p":3.48,"u":"23,20 €/L","img":"https://fd13-photos.leclercdrive.fr/image.ashx?id=2901214&use=l&cat=p&typeid=i","cat":288992},{"id":262345,"n":"Soda Fanta Orange  Canette - Pack 6x33CL","p":3.5,"u":"1,77 €/L","img":"https://fd13-photos.leclercdrive.fr/image.ashx?id=2997241&use=l&cat=p&typeid=i","cat":284532},{"id":262346,"n":"Soda Fanta Orange  Bouteille - 2L","p":2.3,"u":"1,15 €/L","img":"https://fd13-photos.leclercdrive.fr/image.ashx?id=2995959&use=l&cat=p&typeid=i","cat":284532},{"id":262544,"n":"Sirop Teisseire Défense Citron vert Gingembre - 60cl","p":3.55,"u":"5,92 €/L","img":"https://fd13-photos.leclercdrive.fr/image.ashx?id=2901767&use=l&cat=p&typeid=i","cat":295020},{"id":262545,"n":"Sirop Teisseire Tonus Fraise Kiwi - 60cl","p":3.55,"u":"5,92 €/L","img":"https://fd13-photos.leclercdrive.fr/image.ashx?id=2901758&use=l&cat=p&typeid=i","cat":295020},{"id":262546,"n":"Sirop Teisseire Relax Pêche Goyave - 60cl","p":3.55,"u":"5,92 €/L","img":"https://fd13-photos.leclercdrive.fr/image.ashx?id=2901764&use=l&cat=p&typeid=i","cat":295020},{"id":262547,"n":"Sirop Teisseire Boost Ananas Mangue - 60cl","p":3.55,"u":"5,92 €/L","img":"https://fd13-photos.leclercdrive.fr/image.ashx?id=2901761&use=l&cat=p&typeid=i","cat":295020},{"id":263009,"n":"Bières Softiz Framboise Sans alcool  6x27,5cl","p":3.19,"u":"1,93 €/L","img":"https://fd13-photos.leclercdrive.fr/image.ashx?id=2899935&use=l&cat=p&typeid=i","cat":334877},{"id":263105,"n":"Glace en pot Ben & Jerry's  Brookieees & Cream 465 ml","p":5.21,"u":"11,20 €/L","img":"https://fd13-photos.leclercdrive.fr/image.ashx?id=2901202&use=l&cat=p&typeid=i","cat":284725},{"id":263106,"n":"Glace en pot Ben & Jerry's  Sweet Mango Memories 465 ml","p":3.51,"u":"7,55 €/L","img":"https://fd13-photos.leclercdrive.fr/image.ashx?id=2938301&use=l&cat=p&typeid=i","cat":284725},{"id":263107,"n":"Ben & Jerry's Glace en pot Sundae Marshmallow/ Smore 427ml","p":5.0,"u":"11,71 €/L","img":"https://fd13-photos.leclercdrive.fr/image.ashx?id=3009314&use=l&cat=p&typeid=i","cat":284725},{"id":263108,"n":"Bouchées glacées Ben & Jerry  Cookie Dough 150g","p":5.12,"u":"34,13 €/KG","img":"https://fd13-photos.leclercdrive.fr/image.ashx?id=3009323&use=l&cat=p&typeid=i","cat":284725},{"id":263109,"n":"Ben & Jerry's Glace dessert Brownie Caramel Salé 150 gr","p":5.12,"u":"34,13 €/KG","img":"https://fd13-photos.leclercdrive.fr/image.ashx?id=2901181&use=l&cat=p&typeid=i","cat":284725},{"id":263112,"n":"Ben & Jerry's Glace pot Vegan Chocolate Fudge Brownie 465ml","p":7.67,"u":"16,49 €/L","img":"https://fd13-photos.leclercdrive.fr/image.ashx?id=2901172&use=l&cat=p&typeid=i","cat":284725},{"id":263116,"n":"Mini bâtonnet Magnum  Double Noisette 6x55ml","p":4.73,"u":"14,33 €/L","img":"https://fd13-photos.leclercdrive.fr/image.ashx?id=2901190&use=l&cat=p&typeid=i","cat":284265},{"id":263126,"n":"Whisky Ardbeg Wee Beastie 5 ans 46%vol - 70cl","p":38.9,"pp":33.9,"u":"48,43 €/L","img":"https://fd13-photos.leclercdrive.fr/image.ashx?id=2968478&use=l&cat=p&typeid=i","cat":284547},{"id":263130,"n":"Magnum Glace Bâtonnet  Double Noisette 4x85ml","p":4.85,"u":"14,26 €/L","img":"https://fd13-photos.leclercdrive.fr/image.ashx?id=3009326&use=l&cat=p&typeid=i","cat":284265},{"id":263131,"n":"Bâtonnet Magnum Utopia Double Fruits Rouges 4x85ml","p":6.42,"u":"18,88 €/L","img":"https://fd13-photos.leclercdrive.fr/image.ashx?id=3014650&use=l&cat=p&typeid=i","cat":284265},{"id":263132,"n":"Glace Bonbon Dessert Magnum Gold Caramel Billionaire 168g","p":4.42,"u":"26,31 €/KG","img":"https://fd13-photos.leclercdrive.fr/image.ashx?id=3009320&use=l&cat=p&typeid=i","cat":284266},{"id":263134,"n":"Magnum Glace Bâtonnet Vegan Sorbet Myrtille Chill 3x90ml","p":3.34,"u":"12,37 €/L","img":"https://fd13-photos.leclercdrive.fr/image.ashx?id=2901193&use=l&cat=p&typeid=i","cat":284265},{"id":263136,"n":"Magnum Glace Bâtonnet Vegan Amande 3x90ml","p":3.46,"u":"12,81 €/L","img":"https://fd13-photos.leclercdrive.fr/image.ashx?id=2901199&use=l&cat=p&typeid=i","cat":284265},{"id":263248,"n":"Mini pots Häagen-Dazs  Essential Collection x4 - 324g","p":5.12,"u":"15,80 €/KG","img":"https://fd13-photos.leclercdrive.fr/image.ashx?id=2900926&use=l&cat=p&typeid=i","cat":284725},{"id":263287,"n":"IGP Méditerranée Blanc Studio by Miraval - 75cl","p":10.89,"u":"14,52 €/L","img":"https://fd13-photos.leclercdrive.fr/image.ashx?id=2990541&use=l&cat=p&typeid=i","cat":289557},{"id":263323,"n":"Eponge vaisselle Elephant x6 +3 offertes","p":8.75,"img":"https://fd13-photos.leclercdrive.fr/image.ashx?id=2902133&use=l&cat=p&typeid=i","cat":325894},{"id":263329,"n":"Dentifrice Colgate Total active Prévention Soin email - 3x75ml","p":9.6,"u":"42,67 €/L","img":"https://fd13-photos.leclercdrive.fr/image.ashx?id=2902846&use=l&cat=p&typeid=i","cat":284612},{"id":263333,"n":"Dentifrice Colgate Soin complet - 3x75ml","p":9.6,"u":"42,67 €/L","img":"https://fd13-photos.leclercdrive.fr/image.ashx?id=2902451&use=l&cat=p&typeid=i","cat":284612},{"id":263698,"n":"Bière Softiz  Agrumes 6x27,5cl","p":3.33,"u":"2,02 €/L","img":"https://fd13-photos.leclercdrive.fr/image.ashx?id=2902529&use=l&cat=p&typeid=i","cat":334877},{"id":263702,"n":"Glace cône Extreme Salted caramel - 6x71g","p":4.5,"u":"10,56 €/KG","img":"https://fd13-photos.leclercdrive.fr/image.ashx?id=2904185&use=l&cat=p&typeid=i","cat":284264},{"id":263705,"n":"Glace cône Extrême Vanille/ chocolat - 6x71g","p":4.5,"u":"10,56 €/KG","img":"https://fd13-photos.leclercdrive.fr/image.ashx?id=2904188&use=l&cat=p&typeid=i","cat":284264},{"id":263712,"n":"Truite fumée Landvika 6 tranches 140g","p":4.99,"u":"35,64 €/KG","img":"https://fd13-photos.leclercdrive.fr/image.ashx?id=2904206&use=l&cat=p&typeid=i","cat":285188},{"id":263742,"n":"Culottes Tena Taille M - x9","p":8.3,"u":"0,92 €/P","img":"https://fd13-photos.leclercdrive.fr/image.ashx?id=2904452&use=l&cat=p&typeid=i","cat":284628},{"id":263743,"n":"Culottes Tena  Taille L x 8","p":8.28,"u":"1,04 €/P","img":"https://fd13-photos.leclercdrive.fr/image.ashx?id=2904455&use=l&cat=p&typeid=i","cat":284628},{"id":263746,"n":"Culottes Tena  Taille XL - x12","p":15.39,"u":"1,28 €/P","img":"https://fd13-photos.leclercdrive.fr/image.ashx?id=2904458&use=l&cat=p&typeid=i","cat":284628},{"id":263915,"n":"Nouilles instantanées Daisuki Légumes Wafuu - 60g","p":1.46,"u":"24,33 €/KG","img":"https://fd13-photos.leclercdrive.fr/image.ashx?id=2904643&use=l&cat=p&typeid=i","cat":288992},{"id":263921,"n":"Nouilles instantanées Daisuki Sauce soja - 93g","p":2.46,"u":"26,45 €/KG","img":"https://fd13-photos.leclercdrive.fr/image.ashx?id=2904649&use=l&cat=p&typeid=i","cat":288992},{"id":264022,"n":"Cookies Cream Delichoc 150g","p":2.71,"u":"18,07 €/KG","img":"https://fd13-photos.leclercdrive.fr/image.ashx?id=2904712&use=l&cat=p&typeid=i","cat":284488},{"id":264049,"n":"Limoncè aperitivo 14.8% vol. 70cl","p":12.45,"u":"17,79 €/L","img":"https://fd13-photos.leclercdrive.fr/image.ashx?id=2906850&use=l&cat=p&typeid=i","cat":286032},{"id":264361,"n":"Boxer protection Homme Tena Noir Réutilisable - Taille XL","p":20.43,"img":"https://fd13-photos.leclercdrive.fr/image.ashx?id=2906823&use=l&cat=p&typeid=i","cat":291514},{"id":264373,"n":"P'tit Savane Tornado Brossard Roulés à la fraise - x7 - 175g","p":2.42,"u":"13,83 €/KG","img":"https://fd13-photos.leclercdrive.fr/image.ashx?id=2966089&use=l&cat=p&typeid=i","cat":284495},{"id":264381,"n":"Compote Coeur de fruits Andros Ananas pomme passion 4x97g","p":2.49,"u":"6,42 €/KG","img":"https://fd13-photos.leclercdrive.fr/image.ashx?id=2910180&use=l&cat=p&typeid=i","cat":284416},{"id":264392,"n":"Savane Brossard coeur choco Max de sensation - x6 - 180g","p":2.64,"u":"14,67 €/KG","img":"https://fd13-photos.leclercdrive.fr/image.ashx?id=2906502&use=l&cat=p&typeid=i","cat":284495},{"id":264397,"n":"Tartines P'tit dej Jacquet aux graines - x14 - 410g","p":1.98,"u":"4,83 €/KG","img":"https://fd13-photos.leclercdrive.fr/image.ashx?id=2906061&use=l&cat=p&typeid=i","cat":284477},{"id":264431,"n":"Matière grasse végétale Flora Doux à tartiner - 250g","p":2.16,"u":"8,64 €/KG","img":"https://fd13-photos.leclercdrive.fr/image.ashx?id=2908381&use=l&cat=p&typeid=i","cat":315229},{"id":264432,"n":"Matière grasse végétale Flora Demi-sel à tartiner - 250g","p":2.16,"u":"8,64 €/KG","img":"https://fd13-photos.leclercdrive.fr/image.ashx?id=2908384&use=l&cat=p&typeid=i","cat":315229},{"id":264692,"n":"Croque-Monsieur Maxi Herta jambon fromage x2 - 310g","p":3.16,"u":"10,19 €/KG","img":"https://fd13-photos.leclercdrive.fr/image.ashx?id=2907941&use=l&cat=p&typeid=i","cat":333671},{"id":264694,"n":"Cheetos crispy Balls  90g","p":1.05,"u":"11,67 €/KG","img":"https://fd13-photos.leclercdrive.fr/image.ashx?id=2907962&use=l&cat=p&typeid=i","cat":284449},{"id":264696,"n":"Cheetos crunchy Fromage - 90g","p":1.29,"u":"14,33 €/KG","img":"https://fd13-photos.leclercdrive.fr/image.ashx?id=2907965&use=l&cat=p&typeid=i","cat":284449},{"id":264700,"n":"Cheetos crunchy Sweet Chili - 90g","p":1.29,"u":"14,33 €/KG","img":"https://fd13-photos.leclercdrive.fr/image.ashx?id=2907968&use=l&cat=p&typeid=i","cat":284449},{"id":264707,"n":"Cheetos original  135g","p":1.8,"u":"13,33 €/KG","img":"https://fd13-photos.leclercdrive.fr/image.ashx?id=2907956&use=l&cat=p&typeid=i","cat":284449},{"id":264779,"n":"Coupelles Douceur du Verger 8x100g","p":2.09,"u":"2,61 €/KG","img":"https://fd13-photos.leclercdrive.fr/image.ashx?id=2958350&use=l&cat=p&typeid=i","cat":284508},{"id":264791,"n":"Biscuit au Pop corn P'tit Déli Fourrés chocolat au lait - 150g","p":1.89,"u":"12,60 €/KG","img":"https://fd13-photos.leclercdrive.fr/image.ashx?id=2907303&use=l&cat=p&typeid=i","cat":284488},{"id":264903,"n":"La Panée soja Garden Gourmet 207g","p":2.67,"u":"12,90 €/KG","img":"https://fd13-photos.leclercdrive.fr/image.ashx?id=2980155&use=l&cat=p&typeid=i","cat":316036},{"id":264904,"n":"Le Classique soja  Garden Gourmet 173g","p":2.62,"u":"15,14 €/KG","img":"https://fd13-photos.leclercdrive.fr/image.ashx?id=2965319&use=l&cat=p&typeid=i","cat":316036},{"id":265105,"n":"Jambon supérieur  L'Atelier Charcuterie 4T 220g","p":3.47,"u":"15,77 €/KG","img":"https://fd13-photos.leclercdrive.fr/image.ashx?id=2999054&use=l&cat=p&typeid=i","cat":316009},{"id":265108,"n":"Jambon supérieur  L'Atelier Charcuterie 6T - 330g","p":5.12,"u":"15,52 €/KG","img":"https://fd13-photos.leclercdrive.fr/image.ashx?id=2928162&use=l&cat=p&typeid=i","cat":316009},{"id":265152,"n":"Fromage apéritif Apéricube Soirée match 48 cubes 250g","p":4.17,"u":"16,68 €/KG","img":"https://fd13-photos.leclercdrive.fr/image.ashx?id=2908915&use=l&cat=p&typeid=i","cat":314027},{"id":265156,"n":"Fromage apéritif Apéricube Montagne 48 cubes 250g","p":4.17,"u":"16,68 €/KG","img":"https://fd13-photos.leclercdrive.fr/image.ashx?id=2908924&use=l&cat=p&typeid=i","cat":314027},{"id":265336,"n":"Ardoise Bic Velleda Sans effacette - Bleu - 19x26cm","p":2.17,"img":"https://fd13-photos.leclercdrive.fr/image.ashx?id=2974587&use=l&cat=p&typeid=i","cat":334133},{"id":265443,"n":"Martini Bianco 14.5° - 1L","p":10.3,"u":"10,30 €/L","img":"https://fd13-photos.leclercdrive.fr/image.ashx?id=2941952&use=l&cat=p&typeid=i","cat":284913},{"id":265446,"n":"Martini Fiero 14.5° - 1L","p":10.3,"u":"10,30 €/L","img":"https://fd13-photos.leclercdrive.fr/image.ashx?id=2911573&use=l&cat=p&typeid=i","cat":284913},{"id":265449,"n":"Martini rosato 14.5° - 1L","p":10.3,"u":"10,30 €/L","img":"https://fd13-photos.leclercdrive.fr/image.ashx?id=2941946&use=l&cat=p&typeid=i","cat":284913},{"id":265450,"n":"Martini rosso 14.5° - 1L","p":10.3,"u":"10,30 €/L","img":"https://fd13-photos.leclercdrive.fr/image.ashx?id=2941949&use=l&cat=p&typeid=i","cat":284913},{"id":265459,"n":"Lessive en poudre Rainett Aloe vera - 1.45kg","p":8.13,"u":"5,61 €/KG","img":"https://fd13-photos.leclercdrive.fr/image.ashx?id=2912539&use=l&cat=p&typeid=i","cat":284642},{"id":265507,"n":"Kit plumeau Swiffer Anti-poussière +4 recharges","p":5.53,"img":"https://fd13-photos.leclercdrive.fr/image.ashx?id=2917106&use=l&cat=p&typeid=i","cat":325364},{"id":265508,"n":"Kit démarrage plumeau Swiffer 1 manche + 4 recharges","p":4.99,"img":"https://fd13-photos.leclercdrive.fr/image.ashx?id=3011938&use=l&cat=p&typeid=i","cat":325364},{"id":265513,"n":"Liquide adoucissant Lenor Fleur de jasmin 882ml","p":4.83,"u":"5,48 €/L","img":"https://fd13-photos.leclercdrive.fr/image.ashx?id=2917103&use=l&cat=p&typeid=i","cat":284650},{"id":265514,"n":"Adoucissant Lenor collection Jasmin et rose de mai 1.155L","p":4.53,"u":"3,92 €/L","img":"https://fd13-photos.leclercdrive.fr/image.ashx?id=2912701&use=l&cat=p&typeid=i","cat":284650},{"id":265515,"n":"Adoucissant liquide Lenor Peaux sensibles - 882ml x42","p":5.01,"u":"5,68 €/L","img":"https://fd13-photos.leclercdrive.fr/image.ashx?id=2917100&use=l&cat=p&typeid=i","cat":284650},{"id":265517,"n":"Lingettes humides balai Swiffer Attrape-poussière Citron x10","p":5.81,"img":"https://fd13-photos.leclercdrive.fr/image.ashx?id=2912698&use=l&cat=p&typeid=i","cat":325364},{"id":265519,"n":"Adoucissant Lenor Fresh Air Jardins en fleurs - 504ml x36","p":4.53,"u":"8,99 €/L","img":"https://fd13-photos.leclercdrive.fr/image.ashx?id=2912686&use=l&cat=p&typeid=i","cat":284650},{"id":265521,"n":"Parfum de linge Lenor Fraîcheur florale - 235g - x19","p":7.57,"u":"32,21 €/KG","img":"https://fd13-photos.leclercdrive.fr/image.ashx?id=2912692&use=l&cat=p&typeid=i","cat":325302},{"id":265799,"n":"Désodorisant Febreze Linge frais - x3 recharges","p":7.86,"u":"Dont 0,05 € d'éco-part.","img":"https://fd13-photos.leclercdrive.fr/image.ashx?id=2912680&use=l&cat=p&typeid=i","cat":311629},{"id":265800,"n":"Recharges désodorisant Febreze Linge frais - x3 - 20ml","p":5.49,"u":"274,50 €/L","img":"https://fd13-photos.leclercdrive.fr/image.ashx?id=2912683&use=l&cat=p&typeid=i","cat":311629},{"id":265803,"n":"Dentifrice Elmex Email Clinical Expert - Soin email - 2x75ml","p":12.75,"u":"85,00 €/L","img":"https://fd13-photos.leclercdrive.fr/image.ashx?id=2911597&use=l&cat=p&typeid=i","cat":284612},{"id":265832,"n":"Rasoir Hydro 5 - Wilkinson Face Groomer","p":23.47,"img":"https://fd13-photos.leclercdrive.fr/image.ashx?id=2963853&use=l&cat=p&typeid=i","cat":284616},{"id":265862,"n":"Pâtes coquillage Panzani 3x500g","p":3.48,"u":"2,32 €/KG","img":"https://fd13-photos.leclercdrive.fr/image.ashx?id=2911187&use=l&cat=p&typeid=i","cat":284427},{"id":265865,"n":"Boisson végétale bio Bjorg  Coco 2x1L","p":6.65,"u":"3,33 €/L","img":"https://fd13-photos.leclercdrive.fr/image.ashx?id=2911306&use=l&cat=p&typeid=i","cat":313736},{"id":265866,"n":"Boisson végétale bio Bjorg Noisette 2x1L","p":7.44,"u":"3,72 €/L","img":"https://fd13-photos.leclercdrive.fr/image.ashx?id=2913868&use=l&cat=p&typeid=i","cat":313736},{"id":265868,"n":"Lessive liquide Dash 2 en 1 Envolée d'air 40 lavages - 1.8L","p":10.17,"u":"5,65 €/L","img":"https://fd13-photos.leclercdrive.fr/image.ashx?id=2914858&use=l&cat=p&typeid=i","cat":284640},{"id":265886,"n":"Bière blonde 5 Lager Speciale 5% 6x25cl","p":3.42,"u":"2,28 €/L","img":"https://fd13-photos.leclercdrive.fr/image.ashx?id=2910768&use=l&cat=p&typeid=i","cat":334873},{"id":265913,"n":"Lessive en capsule Dash 2 en 1 Fraîcheur de coton - 696g","p":14.88,"u":"21,38 €/KG","img":"https://fd13-photos.leclercdrive.fr/image.ashx?id=2914873&use=l&cat=p&typeid=i","cat":284641},{"id":265920,"n":"Tablette lave-vaisselle Fairy  Platinium Anti-terne - 388g","p":10.0,"u":"25,77 €/KG","img":"https://fd13-photos.leclercdrive.fr/image.ashx?id=2914879&use=l&cat=p&typeid=i","cat":284656},{"id":265921,"n":"Capsules lave-vaisselle Fairy Platinium Plus anti-terne 388g","p":8.35,"u":"21,52 €/KG","img":"https://fd13-photos.leclercdrive.fr/image.ashx?id=2914189&use=l&cat=p&typeid=i","cat":284656},{"id":265931,"n":"Tablettes lave-vaisselle Fairy  Original Tout en 1 x34 - 473g","p":10.99,"u":"23,23 €/KG","img":"https://fd13-photos.leclercdrive.fr/image.ashx?id=2914198&use=l&cat=p&typeid=i","cat":284656},{"id":265941,"n":"Dentifrice Sensodyne Soin gencives 3x75ml","p":9.83,"pp":5.9,"u":"26,22 €/L","img":"https://fd13-photos.leclercdrive.fr/image.ashx?id=3009020&use=l&cat=p&typeid=i","cat":284612},{"id":265947,"n":"Dentifrice Sensodyne  Soin complet 3x75ml","p":9.83,"pp":5.9,"u":"26,22 €/L","img":"https://fd13-photos.leclercdrive.fr/image.ashx?id=3009023&use=l&cat=p&typeid=i","cat":284612},{"id":265950,"n":"Dentifrice Sensodyne Soin blancheur 3x75ml","p":9.83,"pp":5.9,"u":"26,22 €/L","img":"https://fd13-photos.leclercdrive.fr/image.ashx?id=3009026&use=l&cat=p&typeid=i","cat":284612},{"id":266093,"n":"Adoucissant Lenor Envolée d'air - x55 - 1.155L","p":4.53,"u":"3,92 €/L","img":"https://fd13-photos.leclercdrive.fr/image.ashx?id=2914171&use=l&cat=p&typeid=i","cat":284650},{"id":266107,"n":"Gel WC Harpic Power Plus 750ml","p":2.13,"u":"2,84 €/L","img":"https://fd13-photos.leclercdrive.fr/image.ashx?id=2914027&use=l&cat=p&typeid=i","cat":284662},{"id":266108,"n":"Bloc WC Harpic Hygienic & Fresh Pin Eucalyptus - x2","p":2.45,"img":"https://fd13-photos.leclercdrive.fr/image.ashx?id=2914636&use=l&cat=p&typeid=i","cat":284662},{"id":266110,"n":"Bloc WC Harpic Hygienic & Fresh 2.0 Agrume - x2","p":2.45,"img":"https://fd13-photos.leclercdrive.fr/image.ashx?id=2914633&use=l&cat=p&typeid=i","cat":284662},{"id":266111,"n":"Bloc WC Harpic Hygienic & Fresh 2.0 Marine - x2","p":2.55,"img":"https://fd13-photos.leclercdrive.fr/image.ashx?id=2914024&use=l&cat=p&typeid=i","cat":284662},{"id":266112,"n":"Lessive liquide Ariel Peaux sensibles - 1.575L x35","p":9.88,"u":"6,27 €/L","img":"https://fd13-photos.leclercdrive.fr/image.ashx?id=2914819&use=l&cat=p&typeid=i","cat":284640},{"id":266113,"n":"Lessive liquide Ariel Unstoppable - x30 1.350L","p":9.88,"u":"7,32 €/L","img":"https://fd13-photos.leclercdrive.fr/image.ashx?id=2914144&use=l&cat=p&typeid=i","cat":284640},{"id":266114,"n":"Lessive liquide Ariel Alpine - x35 - 1.575L","p":9.88,"u":"6,27 €/L","img":"https://fd13-photos.leclercdrive.fr/image.ashx?id=2914822&use=l&cat=p&typeid=i","cat":284640},{"id":266123,"n":"Jambon Sec fines et fondantes Aoste nature 4 tranches - 67g","p":3.16,"u":"47,16 €/KG","img":"https://fd13-photos.leclercdrive.fr/image.ashx?id=2937196&use=l&cat=p&typeid=i","cat":316007},{"id":266139,"n":"Gel WC Harpic Power Plus Marine - 750ml","p":2.46,"u":"3,28 €/L","img":"https://fd13-photos.leclercdrive.fr/image.ashx?id=2914021&use=l&cat=p&typeid=i","cat":284662},{"id":266140,"n":"Capsules lave-vaisselle Finish Ultimate Plus - x47 - 573g","p":11.88,"pp":7.13,"u":"12,44 €/KG","img":"https://fd13-photos.leclercdrive.fr/image.ashx?id=2914630&use=l&cat=p&typeid=i","cat":284656},{"id":266143,"n":"Adoucissant Lenor Fresh Air Rayons soleil - 504ml - x36D","p":4.53,"u":"8,99 €/L","img":"https://fd13-photos.leclercdrive.fr/image.ashx?id=2914153&use=l&cat=p&typeid=i","cat":284650},{"id":266145,"n":"Adoucissant Lenor Fresh Air Soleil tropical - 504ml - x36","p":4.53,"u":"8,99 €/L","img":"https://fd13-photos.leclercdrive.fr/image.ashx?id=2914156&use=l&cat=p&typeid=i","cat":284650},{"id":266147,"n":"Parfum de linge Lenor Parfum d'Ariel - x13 - 155g","p":4.53,"u":"29,23 €/KG","img":"https://fd13-photos.leclercdrive.fr/image.ashx?id=2914159&use=l&cat=p&typeid=i","cat":325302},{"id":266149,"n":"Adoucissant Lenor Fresh Air Fraîcheur matinale 504ml - x36","p":4.53,"u":"8,99 €/L","img":"https://fd13-photos.leclercdrive.fr/image.ashx?id=2914150&use=l&cat=p&typeid=i","cat":284650},{"id":266156,"n":"Lessive capsuleS Ariel Pods+ Unstoppable - 515g - x26","p":15.87,"u":"30,82 €/KG","img":"https://fd13-photos.leclercdrive.fr/image.ashx?id=2914852&use=l&cat=p&typeid=i","cat":284641},{"id":266157,"n":"Lessive capsules Ariel Pods Grandiose Original 762g x21","p":13.07,"u":"17,15 €/KG","img":"https://fd13-photos.leclercdrive.fr/image.ashx?id=2914180&use=l&cat=p&typeid=i","cat":284641},{"id":266162,"n":"Capsules lave-vaisselle Finish Quantum - 707g - x68","p":11.88,"pp":7.13,"u":"10,08 €/KG","img":"https://fd13-photos.leclercdrive.fr/image.ashx?id=2914627&use=l&cat=p&typeid=i","cat":284656},{"id":266163,"n":"Parfum de linge Lenor Jasmin & Rose de mai 155g x13","p":4.53,"u":"29,23 €/KG","img":"https://fd13-photos.leclercdrive.fr/image.ashx?id=2914162&use=l&cat=p&typeid=i","cat":325302},{"id":266166,"n":"Lessive capsules Ariel 3en1 Pods - Alpine - 546g - x30","p":13.13,"u":"24,05 €/KG","img":"https://fd13-photos.leclercdrive.fr/image.ashx?id=2914177&use=l&cat=p&typeid=i","cat":284641},{"id":266177,"n":"Adoucissant Soupline Lenor Ambre & orchidée - 1.155L x55","p":4.53,"u":"3,92 €/L","img":"https://fd13-photos.leclercdrive.fr/image.ashx?id=2914165&use=l&cat=p&typeid=i","cat":284650},{"id":266178,"n":"Adoucissant Lenor Envolée air - 882ml x42","p":3.68,"u":"4,17 €/L","img":"https://fd13-photos.leclercdrive.fr/image.ashx?id=2914168&use=l&cat=p&typeid=i","cat":284650},{"id":266181,"n":"Adoucissant Lenor Bouquet floral - 1.155L - x55","p":4.53,"u":"3,92 €/L","img":"https://fd13-photos.leclercdrive.fr/image.ashx?id=2914174&use=l&cat=p&typeid=i","cat":284650},{"id":266182,"n":"Adoucissant Lenor Ambre & orchidée - 882ml - x42","p":4.48,"u":"5,08 €/L","img":"https://fd13-photos.leclercdrive.fr/image.ashx?id=2914864&use=l&cat=p&typeid=i","cat":284650},{"id":266183,"n":"Adoucissant Lenor Jasmin & Rose de mai 882ml x42","p":4.49,"u":"5,09 €/L","img":"https://fd13-photos.leclercdrive.fr/image.ashx?id=2914861&use=l&cat=p&typeid=i","cat":284650},{"id":266199,"n":"Adoucissant Soupline Ultra Fraîcheur infinie rosée 800ml","p":5.89,"u":"7,36 €/L","img":"https://fd13-photos.leclercdrive.fr/image.ashx?id=2991027&use=l&cat=p&typeid=i","cat":284650},{"id":266201,"n":"Adoucissant Soupline Ultra Fraîcheur infinie lagon 800ml","p":6.23,"u":"7,79 €/L","img":"https://fd13-photos.leclercdrive.fr/image.ashx?id=2991024&use=l&cat=p&typeid=i","cat":284650},{"id":266203,"n":"Adoucissant Soupline Ultra concentré Rose éclatante 800 ml","p":8.41,"u":"10,51 €/L","img":"https://fd13-photos.leclercdrive.fr/image.ashx?id=2914210&use=l&cat=p&typeid=i","cat":284650},{"id":266204,"n":"Adoucissant Soupline Ultra Emotion vanille - 1800ml","p":11.79,"u":"6,55 €/L","img":"https://fd13-photos.leclercdrive.fr/image.ashx?id=2914207&use=l&cat=p&typeid=i","cat":284650},{"id":266206,"n":"Adoucissant Soupline Ultra concentré Fraicheur Azur 800 ml","p":5.93,"u":"7,41 €/L","img":"https://fd13-photos.leclercdrive.fr/image.ashx?id=2991030&use=l&cat=p&typeid=i","cat":284650},{"id":266208,"n":"Adoucissant Soupline Ultra concentré Soin Expert 800 ml","p":6.37,"u":"7,96 €/L","img":"https://fd13-photos.leclercdrive.fr/image.ashx?id=2914222&use=l&cat=p&typeid=i","cat":284650},{"id":266213,"n":"Adoucissant Soupline Emotion ambré - 1260ml","p":6.69,"u":"5,31 €/L","img":"https://fd13-photos.leclercdrive.fr/image.ashx?id=2914231&use=l&cat=p&typeid=i","cat":284650},{"id":266225,"n":"Lessive liquide Ariel Original - 1980ml - x44","p":13.99,"u":"7,07 €/L","img":"https://fd13-photos.leclercdrive.fr/image.ashx?id=2914816&use=l&cat=p&typeid=i","cat":284640},{"id":266232,"n":"Riz risotto Taureau Ailé 1kg","p":4.32,"u":"4,32 €/KG","img":"https://fd13-photos.leclercdrive.fr/image.ashx?id=2914696&use=l&cat=p&typeid=i","cat":284428},{"id":266238,"n":"Bonbons La Vosgienne  Cassis sans sucres -  49g","p":1.85,"u":"37,76 €/KG","img":"https://fd13-photos.leclercdrive.fr/image.ashx?id=2971900&use=l&cat=p&typeid=i","cat":304252},{"id":266239,"n":"Bonbons La Vosgienne Menthe citron sans sucres - 49g","p":2.01,"u":"41,02 €/KG","img":"https://fd13-photos.leclercdrive.fr/image.ashx?id=2991190&use=l&cat=p&typeid=i","cat":304252},{"id":266244,"n":"Bonbons La Vosgienne Menthol Eucalyptus - 46g","p":2.28,"u":"49,57 €/KG","img":"https://fd13-photos.leclercdrive.fr/image.ashx?id=2979054&use=l&cat=p&typeid=i","cat":304252},{"id":266249,"n":"Bonbons La Vosgienne Sève de pin sans sucres - 46g","p":2.01,"u":"43,70 €/KG","img":"https://fd13-photos.leclercdrive.fr/image.ashx?id=2991193&use=l&cat=p&typeid=i","cat":304252},{"id":266252,"n":"Sardines Parmentier A l'huile de tournesol - 2x135g","p":2.95,"u":"10,93 €/KG","img":"https://fd13-photos.leclercdrive.fr/image.ashx?id=2913829&use=l&cat=p&typeid=i","cat":305146},{"id":266253,"n":"Sardines Parmentier A l'huile Tournesol vierge extra Bio 120g","p":1.79,"u":"14,92 €/KG","img":"https://fd13-photos.leclercdrive.fr/image.ashx?id=2913832&use=l&cat=p&typeid=i","cat":305146},{"id":266436,"n":"Lessive liquide Ariel Original - 1.575L - x35","p":9.88,"u":"6,27 €/L","img":"https://fd13-photos.leclercdrive.fr/image.ashx?id=2914813&use=l&cat=p&typeid=i","cat":284640},{"id":266438,"n":"Lessive liquide Ariel Protection fibres - 1.350ml x30","p":9.88,"u":"7,32 €/L","img":"https://fd13-photos.leclercdrive.fr/image.ashx?id=2914825&use=l&cat=p&typeid=i","cat":284640},{"id":266440,"n":"Lessive liquide Ariel Active - 1350ml x30","p":9.88,"u":"7,32 €/L","img":"https://fd13-photos.leclercdrive.fr/image.ashx?id=2914828&use=l&cat=p&typeid=i","cat":284640},{"id":266444,"n":"Lessive capsules Ariel 3en1 Original - 546g - x30","p":11.22,"u":"20,55 €/KG","img":"https://fd13-photos.leclercdrive.fr/image.ashx?id=2914834&use=l&cat=p&typeid=i","cat":284641},{"id":266445,"n":"Lessive capsules Ariel Pods+ Active - 554g - x26","p":13.06,"u":"23,57 €/KG","img":"https://fd13-photos.leclercdrive.fr/image.ashx?id=2914843&use=l&cat=p&typeid=i","cat":284641},{"id":266446,"n":"Lessive capsules Ariel Pods+ Active - 405g - x19","p":10.66,"u":"26,32 €/KG","img":"https://fd13-photos.leclercdrive.fr/image.ashx?id=2914849&use=l&cat=p&typeid=i","cat":284641},{"id":266448,"n":"Lessive capsules Ariel Pods Original - 346g - x19","p":9.12,"u":"26,36 €/KG","img":"https://fd13-photos.leclercdrive.fr/image.ashx?id=2914855&use=l&cat=p&typeid=i","cat":284641},{"id":266449,"n":"Lessive capsules Ariel Pods Grandiose Alpine x21 - 762g","p":12.9,"u":"16,93 €/KG","img":"https://fd13-photos.leclercdrive.fr/image.ashx?id=2970245&use=l&cat=p&typeid=i","cat":284641},{"id":266450,"n":"Lessive capsules Ariel Pods+ Ultra détachant - 443g x19","p":10.66,"u":"24,06 €/KG","img":"https://fd13-photos.leclercdrive.fr/image.ashx?id=2914837&use=l&cat=p&typeid=i","cat":284641},{"id":266452,"n":"Lessive capsules Ariel Pods+ Unstoppable - 376g x19","p":10.66,"u":"28,35 €/KG","img":"https://fd13-photos.leclercdrive.fr/image.ashx?id=2914840&use=l&cat=p&typeid=i","cat":284641},{"id":266466,"n":"Lessive capsules Ariel Pods+ Ultra détachant - 606g x26","p":15.87,"u":"26,19 €/KG","img":"https://fd13-photos.leclercdrive.fr/image.ashx?id=2914846&use=l&cat=p&typeid=i","cat":284641},{"id":266470,"n":"Recharges diffuseur électrique Airwick - Cannelle - 19ml","p":4.2,"u":"221,05 €/L","img":"https://fd13-photos.leclercdrive.fr/image.ashx?id=2914624&use=l&cat=p&typeid=i","cat":311629},{"id":266635,"n":"Dentrifrice Oral-B Pro Expert Dents Sensibles - 2x75ml","p":6.7,"u":"44,67 €/L","img":"https://fd13-photos.leclercdrive.fr/image.ashx?id=2966155&use=l&cat=p&typeid=i","cat":284612},{"id":266637,"n":"Oral B Pro Expert Blancheur Saine - 2x75ml","p":6.7,"u":"44,67 €/L","img":"https://fd13-photos.leclercdrive.fr/image.ashx?id=2938289&use=l&cat=p&typeid=i","cat":284612},{"id":266638,"n":"Dentifrice Oral-B 3D White Charbon - 2x75ml","p":6.7,"u":"44,67 €/L","img":"https://fd13-photos.leclercdrive.fr/image.ashx?id=2916483&use=l&cat=p&typeid=i","cat":284612},{"id":266665,"n":"Biscuits Gullon Goûter fourré Méga Duo - 300g","p":1.35,"u":"4,50 €/KG","img":"https://fd13-photos.leclercdrive.fr/image.ashx?id=2914795&use=l&cat=p&typeid=i","cat":284488},{"id":266685,"n":"Mélanges herbes épices Cholula Fajita Paprika Coriandre 490g","p":3.83,"u":"7,82 €/KG","img":"https://fd13-photos.leclercdrive.fr/image.ashx?id=2915862&use=l&cat=p&typeid=i","cat":288993},{"id":266705,"n":"Pain de mie La Boulangère Toastiligne Complet - 330g","p":1.7,"u":"5,15 €/KG","img":"https://fd13-photos.leclercdrive.fr/image.ashx?id=2926657&use=l&cat=p&typeid=i","cat":284477},{"id":266706,"n":"Pain de mie La Boulangère Complet & graines - 500g","p":1.97,"u":"3,94 €/KG","img":"https://fd13-photos.leclercdrive.fr/image.ashx?id=2926693&use=l&cat=p&typeid=i","cat":284477},{"id":266737,"n":"Carottes des sables des Landes de Gascogne NRT - 1kg","p":1.99,"u":"1,99 €/KG","img":"https://fd13-photos.leclercdrive.fr/image.ashx?id=2928342&use=l&cat=p&typeid=i","cat":284352},{"id":266755,"n":"Gel détartrant Canard WC Ecolabel - 750ml","p":2.47,"pp":1.63,"u":"2,17 €/L","img":"https://fd13-photos.leclercdrive.fr/image.ashx?id=2916390&use=l&cat=p&typeid=i","cat":284662},{"id":266757,"n":"Gel nettoyant Canard Action rapide - 750ml","p":2.47,"pp":1.63,"u":"2,17 €/L","img":"https://fd13-photos.leclercdrive.fr/image.ashx?id=2916393&use=l&cat=p&typeid=i","cat":284662},{"id":267004,"n":"Soda Coca Cola Cherry Canette 6x20cl","p":4.2,"u":"3,50 €/L","img":"https://fd13-photos.leclercdrive.fr/image.ashx?id=2916438&use=l&cat=p&typeid=i","cat":284530},{"id":267005,"n":"Soda Coca-Cola Lemon Bouteille - 1,25L","p":2.22,"u":"1,78 €/L","img":"https://fd13-photos.leclercdrive.fr/image.ashx?id=2916435&use=l&cat=p&typeid=i","cat":284530},{"id":267013,"n":"Quesadilla Cholula Oignon cumin persil 490g","p":4.2,"u":"8,57 €/KG","img":"https://fd13-photos.leclercdrive.fr/image.ashx?id=2915865&use=l&cat=p&typeid=i","cat":288993},{"id":267014,"n":"Tortillas de blé Old El Paso Complet x10 - 580g","p":4.57,"u":"7,88 €/KG","img":"https://fd13-photos.leclercdrive.fr/image.ashx?id=2916492&use=l&cat=p&typeid=i","cat":288993},{"id":267199,"n":"Huile lavante La Roche Posay Lipikar AP - 1L","p":18.38,"u":"18,38 €/L","img":"https://fd13-photos.leclercdrive.fr/image.ashx?id=2919313&use=l&cat=p&typeid=i","cat":290422},{"id":267224,"n":"Complément alimentaire Granions Décontractant musculaire - 288g","p":29.84,"u":"103,61 €/KG","img":"https://fd13-photos.leclercdrive.fr/image.ashx?id=2916947&use=l&cat=p&typeid=i","cat":301268},{"id":267225,"n":"Complément alimentaire Granions Sublimlift - Citron - 330g","p":43.77,"u":"132,64 €/KG","img":"https://fd13-photos.leclercdrive.fr/image.ashx?id=2916950&use=l&cat=p&typeid=i","cat":301266},{"id":267238,"n":"Huile prodigieuse Or Nuxe 60ml","p":30.95,"u":"515,83 €/L","img":"https://fd13-photos.leclercdrive.fr/image.ashx?id=2920075&use=l&cat=p&typeid=i","cat":290422},{"id":267240,"n":"Soin sans rinçage Nuxe Hair Prodigieux - 100ml","p":17.9,"u":"179,00 €/L","img":"https://fd13-photos.leclercdrive.fr/image.ashx?id=2919286&use=l&cat=p&typeid=i","cat":290399},{"id":267247,"n":"Huile prodigieuse Nuxe 60ml","p":25.31,"u":"421,83 €/L","img":"https://fd13-photos.leclercdrive.fr/image.ashx?id=2919295&use=l&cat=p&typeid=i","cat":290422},{"id":267332,"n":"Adoucissant Cajoline Créations Souffle de fraîcheur 1.386L x66","p":5.6,"u":"4,04 €/L","img":"https://fd13-photos.leclercdrive.fr/image.ashx?id=2917109&use=l&cat=p&typeid=i","cat":284650},{"id":267333,"n":"Adoucissant Cajoline Créations Fleur de tiaré & Pivoine 1.386L","p":5.52,"u":"3,98 €/L","img":"https://fd13-photos.leclercdrive.fr/image.ashx?id=2917112&use=l&cat=p&typeid=i","cat":284650},{"id":267335,"n":"Adoucissant Cajoline Créations Lavande & Rose blanche 1.386L","p":4.34,"u":"3,13 €/L","img":"https://fd13-photos.leclercdrive.fr/image.ashx?id=2917115&use=l&cat=p&typeid=i","cat":284650},{"id":267336,"n":"Adoucissant Cajoline Doux & Pur L'original - 1.386L x66","p":4.26,"u":"3,07 €/L","img":"https://fd13-photos.leclercdrive.fr/image.ashx?id=2917118&use=l&cat=p&typeid=i","cat":284650},{"id":267339,"n":"Adoucissant Cajoline Origines Fraîcheur Céleste 1.254L x66","p":5.85,"u":"4,67 €/L","img":"https://fd13-photos.leclercdrive.fr/image.ashx?id=2917121&use=l&cat=p&typeid=i","cat":284650},{"id":267341,"n":"Adoucissant Cajoline Elixir Bouquet estival - 460ml","p":6.66,"u":"14,48 €/L","img":"https://fd13-photos.leclercdrive.fr/image.ashx?id=2940672&use=l&cat=p&typeid=i","cat":284650},{"id":267342,"n":"Adoucissant liquide Cajoline Elixir Brise printanière 460ml","p":8.16,"u":"17,74 €/L","img":"https://fd13-photos.leclercdrive.fr/image.ashx?id=3000896&use=l&cat=p&typeid=i","cat":284650},{"id":267345,"n":"Liqueur au rhum orange vanille Dillon - 70cl","p":20.13,"u":"28,76 €/L","img":"https://fd13-photos.leclercdrive.fr/image.ashx?id=2959907&use=l&cat=p&typeid=i","cat":284550},{"id":267346,"n":"Vodka Eristoff passion 18%vol - 70cl","p":11.95,"u":"17,07 €/L","img":"https://fd13-photos.leclercdrive.fr/image.ashx?id=2917058&use=l&cat=p&typeid=i","cat":284550},{"id":267382,"n":"Lingettes bébé Corine de Farme Water essential - x70","p":3.4,"img":"https://fd13-photos.leclercdrive.fr/image.ashx?id=2917873&use=l&cat=p&typeid=i","cat":284738},{"id":267388,"n":"Adoucissant liquide Cajoline Elixir Fraîcheur Céleste 460ml","p":6.87,"u":"14,93 €/L","img":"https://fd13-photos.leclercdrive.fr/image.ashx?id=2918113&use=l&cat=p&typeid=i","cat":284650},{"id":267391,"n":"Adoucissant Cajoline Origines Brise printanière 1.254L x66","p":6.52,"u":"5,20 €/L","img":"https://fd13-photos.leclercdrive.fr/image.ashx?id=2918110&use=l&cat=p&typeid=i","cat":284650},{"id":267404,"n":"Bière Kwak Rouge - 50cl","p":2.15,"u":"4,30 €/L","img":"https://fd13-photos.leclercdrive.fr/image.ashx?id=2918023&use=l&cat=p&typeid=i","cat":334853},{"id":267412,"n":"Matin+ Pamplemousse Framboise - 90cl","p":2.64,"u":"2,93 €/L","img":"https://fd13-photos.leclercdrive.fr/image.ashx?id=2917735&use=l&cat=p&typeid=i","cat":284914},{"id":267414,"n":"Couches T2 bébé Extra Care Huggies - x58","p":16.65,"u":"0,29 €/P","img":"https://fd13-photos.leclercdrive.fr/image.ashx?id=2917999&use=l&cat=p&typeid=i","cat":284737},{"id":267415,"n":"Couches bébé Huggies Extra Care T3- x50","p":16.83,"u":"0,34 €/P","img":"https://fd13-photos.leclercdrive.fr/image.ashx?id=2924728&use=l&cat=p&typeid=i","cat":284737},{"id":267422,"n":"Couches T6 bébé little movers Huggies - x34","p":17.06,"u":"0,50 €/P","img":"https://fd13-photos.leclercdrive.fr/image.ashx?id=2917996&use=l&cat=p&typeid=i","cat":284737},{"id":267429,"n":"Bière blonde Tripel Karmeliet 50cl","p":2.7,"u":"5,40 €/L","img":"https://fd13-photos.leclercdrive.fr/image.ashx?id=2918029&use=l&cat=p&typeid=i","cat":334853},{"id":267433,"n":"Matin+ Mandarine, Kaki Passion - 90cl","p":2.64,"u":"2,93 €/L","img":"https://fd13-photos.leclercdrive.fr/image.ashx?id=2917729&use=l&cat=p&typeid=i","cat":284915},{"id":267435,"n":"Matin+ Mandarine, Mangue Banane - 90cl","p":2.64,"u":"2,93 €/L","img":"https://fd13-photos.leclercdrive.fr/image.ashx?id=2917732&use=l&cat=p&typeid=i","cat":284915},{"id":267988,"n":"Jus de clémentine Innocent 750ml","p":2.89,"u":"3,85 €/L","img":"https://fd13-photos.leclercdrive.fr/image.ashx?id=2926066&use=l&cat=p&typeid=i","cat":284354},{"id":267991,"n":"Jus d'orange sanguine Innocent 750ml","p":3.45,"u":"4,60 €/L","img":"https://fd13-photos.leclercdrive.fr/image.ashx?id=2935020&use=l&cat=p&typeid=i","cat":284521},{"id":268005,"n":"Jambon cru Serrano Aoste  4 tranches - 67g","p":3.02,"u":"45,07 €/KG","img":"https://fd13-photos.leclercdrive.fr/image.ashx?id=2939844&use=l&cat=p&typeid=i","cat":316007},{"id":268029,"n":"Culottes Pampers Baby-dry Pants Taille 7 - x29","p":12.99,"u":"0,45 €/P","img":"https://fd13-photos.leclercdrive.fr/image.ashx?id=2919934&use=l&cat=p&typeid=i","cat":290633},{"id":268033,"n":"Couches Pampers Harmonie Taille 2 - x50","p":17.75,"u":"0,36 €/P","img":"https://fd13-photos.leclercdrive.fr/image.ashx?id=2919940&use=l&cat=p&typeid=i","cat":284737},{"id":268037,"n":"Couches Pampers Harmonie Taille 5 - x31","p":17.26,"u":"0,56 €/P","img":"https://fd13-photos.leclercdrive.fr/image.ashx?id=2941973&use=l&cat=p&typeid=i","cat":284737},{"id":268039,"n":"Couches Pampers Baby-Dry Taille 5 - x38","p":16.61,"u":"0,44 €/P","img":"https://fd13-photos.leclercdrive.fr/image.ashx?id=2919976&use=l&cat=p&typeid=i","cat":284737},{"id":268041,"n":"Couches Pampers Baby-Dry Taille 2 - x56","p":15.9,"u":"0,28 €/P","img":"https://fd13-photos.leclercdrive.fr/image.ashx?id=2919982&use=l&cat=p&typeid=i","cat":284737},{"id":268042,"n":"Culottes Pampers Baby-Dry Pants Taille 5 - x36","p":17.0,"u":"0,47 €/P","img":"https://fd13-photos.leclercdrive.fr/image.ashx?id=2920006&use=l&cat=p&typeid=i","cat":290633},{"id":268050,"n":"Couches Pampers Baby-Dry Taille 6 - x33","p":17.05,"u":"0,52 €/P","img":"https://fd13-photos.leclercdrive.fr/image.ashx?id=2941994&use=l&cat=p&typeid=i","cat":284737},{"id":268052,"n":"Couches Pampers Baby-Dry Taille 5+ - x35","p":17.1,"u":"0,49 €/P","img":"https://fd13-photos.leclercdrive.fr/image.ashx?id=2942006&use=l&cat=p&typeid=i","cat":284737},{"id":268054,"n":"Couches Pampers Baby-Dry Taille 3 - x50","p":14.25,"u":"0,29 €/P","img":"https://fd13-photos.leclercdrive.fr/image.ashx?id=2919988&use=l&cat=p&typeid=i","cat":284737},{"id":268057,"n":"Couches Pampers Premium Protection Taille 2 - x54","p":16.63,"u":"0,31 €/P","img":"https://fd13-photos.leclercdrive.fr/image.ashx?id=2957392&use=l&cat=p&typeid=i","cat":284737},{"id":268059,"n":"Couches Pampers Harmonie Taille 4 - x36","p":17.68,"u":"0,49 €/P","img":"https://fd13-photos.leclercdrive.fr/image.ashx?id=2941976&use=l&cat=p&typeid=i","cat":284737},{"id":268063,"n":"Culottes Pampers Night Pants Taille 4 - x40","p":18.25,"u":"0,46 €/P","img":"https://fd13-photos.leclercdrive.fr/image.ashx?id=2919949&use=l&cat=p&typeid=i","cat":290633},{"id":268175,"n":"Culottes Pampers Night Pants Taille 5 - x35","p":17.84,"u":"0,51 €/P","img":"https://fd13-photos.leclercdrive.fr/image.ashx?id=2919955&use=l&cat=p&typeid=i","cat":290633},{"id":268179,"n":"Culottes Pampers Premium Protection Pants - Taille 5 x29","p":16.43,"u":"0,57 €/P","img":"https://fd13-photos.leclercdrive.fr/image.ashx?id=3009245&use=l&cat=p&typeid=i","cat":290633},{"id":268180,"n":"Culottes Pampers Premium Protection Pants - Taille 6 x27","p":17.0,"u":"0,63 €/P","img":"https://fd13-photos.leclercdrive.fr/image.ashx?id=3009248&use=l&cat=p&typeid=i","cat":290633},{"id":268185,"n":"Couches Pampers Baby-Dry Taille 4+ - x39","p":17.5,"u":"0,45 €/P","img":"https://fd13-photos.leclercdrive.fr/image.ashx?id=2941997&use=l&cat=p&typeid=i","cat":284737},{"id":268186,"n":"Couches Pmapers Premium Protection - Taille 4 x38","p":15.95,"u":"0,42 €/P","img":"https://fd13-photos.leclercdrive.fr/image.ashx?id=2919994&use=l&cat=p&typeid=i","cat":284737},{"id":268187,"n":"Couches Pampers Premium Protection - Taille 6 x29","p":15.99,"u":"0,55 €/P","img":"https://fd13-photos.leclercdrive.fr/image.ashx?id=2919997&use=l&cat=p&typeid=i","cat":284737},{"id":268191,"n":"Culottes Pampers Baby-Dry Pants Taille 6 - x31","p":16.79,"u":"0,54 €/P","img":"https://fd13-photos.leclercdrive.fr/image.ashx?id=2920009&use=l&cat=p&typeid=i","cat":290633},{"id":268192,"n":"Culottes Pampers Baby-Dry Pants Taille 4 - x41","p":16.7,"u":"0,41 €/P","img":"https://fd13-photos.leclercdrive.fr/image.ashx?id=2920012&use=l&cat=p&typeid=i","cat":290633},{"id":268231,"n":"Penne Rigate Barilla  Protein + - 400g","p":2.01,"u":"5,03 €/KG","img":"https://fd13-photos.leclercdrive.fr/image.ashx?id=2919928&use=l&cat=p&typeid=i","cat":284427},{"id":268234,"n":"Spaghetti Barilla  Protein + - 400g","p":2.01,"u":"5,03 €/KG","img":"https://fd13-photos.leclercdrive.fr/image.ashx?id=2919931&use=l&cat=p&typeid=i","cat":284427},{"id":268236,"n":"Fusilli Barilla  Protein + - 400g","p":2.2,"u":"5,50 €/KG","img":"https://fd13-photos.leclercdrive.fr/image.ashx?id=2919925&use=l&cat=p&typeid=i","cat":284427},{"id":268345,"n":"Biscuits fourrés BN Chocolat caramel - x3 - 855g","p":6.44,"u":"7,53 €/KG","img":"https://fd13-photos.leclercdrive.fr/image.ashx?id=2921474&use=l&cat=p&typeid=i","cat":284488},{"id":268346,"n":"Biscuits BN fourrés chocolat à la pâte à tartiner- x3 - 855g","p":6.44,"u":"7,53 €/KG","img":"https://fd13-photos.leclercdrive.fr/image.ashx?id=2921477&use=l&cat=p&typeid=i","cat":284488},{"id":268347,"n":"Pétales snacks Tokapi Goût crème oignon - 75g","p":0.89,"u":"11,87 €/KG","img":"https://fd13-photos.leclercdrive.fr/image.ashx?id=2920241&use=l&cat=p&typeid=i","cat":284449},{"id":268385,"n":"Côte première de porc L'Atelier Boucherie x5 - 700g","p":5.59,"u":"7,99 €/KG","img":"https://fd13-photos.leclercdrive.fr/image.ashx?id=2930576&use=l&cat=p&typeid=i","cat":284331},{"id":268389,"n":"Poitrine de porc L'Atelier Boucherie x7 - 600g","p":6.55,"u":"10,92 €/KG","img":"https://fd13-photos.leclercdrive.fr/image.ashx?id=2930579&use=l&cat=p&typeid=i","cat":284331},{"id":268473,"n":"Chips Lay's Paysanne Tapenade 120g","p":1.92,"u":"16,00 €/KG","img":"https://fd13-photos.leclercdrive.fr/image.ashx?id=2921543&use=l&cat=p&typeid=i","cat":284447},{"id":268481,"n":"Paic Liquide vaisselle  Citron Agrumes 500ml","p":2.93,"u":"5,86 €/L","img":"https://fd13-photos.leclercdrive.fr/image.ashx?id=2922311&use=l&cat=p&typeid=i","cat":284655},{"id":268757,"n":"Couches Pampers Harmonie Taille 4 - x78 9kg","p":45.98,"u":"5,11 €/KG","img":"https://fd13-photos.leclercdrive.fr/image.ashx?id=2920963&use=l&cat=p&typeid=i","cat":284737},{"id":268762,"n":"Dentifrice Oral B Expert  75ml","p":3.75,"u":"50,00 €/L","img":"https://fd13-photos.leclercdrive.fr/image.ashx?id=2920883&use=l&cat=p&typeid=i","cat":284612},{"id":268774,"n":"Dentifrice Oral B Pro Expert 75ml","p":3.18,"u":"42,40 €/L","img":"https://fd13-photos.leclercdrive.fr/image.ashx?id=2920960&use=l&cat=p&typeid=i","cat":284612},{"id":268818,"n":"Pampers Baby Dry Taille 4 - x94","p":34.9,"u":"0,37 €/P","img":"https://fd13-photos.leclercdrive.fr/image.ashx?id=2922272&use=l&cat=p&typeid=i","cat":290633},{"id":268821,"n":"Couches Pampers Baby Dry x98","p":35.26,"u":"0,36 €/P","img":"https://fd13-photos.leclercdrive.fr/image.ashx?id=2922278&use=l&cat=p&typeid=i","cat":284737},{"id":268832,"n":"Couches Pampers Premium Taille 3 - x112","p":45.98,"u":"0,41 €/P","img":"https://fd13-photos.leclercdrive.fr/image.ashx?id=2922251&use=l&cat=p&typeid=i","cat":284737},{"id":268835,"n":"Couches Pampers  Premium protection Taille 5 x80","p":32.19,"u":"0,40 €/P","img":"https://fd13-photos.leclercdrive.fr/image.ashx?id=2922257&use=l&cat=p&typeid=i","cat":284737},{"id":268837,"n":"Couches Pampers Protection Taille 4 - x90","p":32.19,"u":"0,36 €/P","img":"https://fd13-photos.leclercdrive.fr/image.ashx?id=2922260&use=l&cat=p&typeid=i","cat":284737},{"id":269044,"n":"Capsules de café Espresso  L'OR Supremo x40+10 - 260g","p":11.33,"u":"43,58 €/KG","img":"https://fd13-photos.leclercdrive.fr/image.ashx?id=2924932&use=l&cat=p&typeid=i","cat":284749},{"id":269137,"n":"Roquefort AOP Société douceur 100g","p":2.55,"u":"25,50 €/KG","img":"https://fd13-photos.leclercdrive.fr/image.ashx?id=2922539&use=l&cat=p&typeid=i","cat":314032},{"id":269146,"n":"Bâtonnet Côte d'Or vanille Chocolat noir Amandes x4 260g","p":4.62,"u":"17,77 €/KG","img":"https://fd13-photos.leclercdrive.fr/image.ashx?id=2923864&use=l&cat=p&typeid=i","cat":284265},{"id":269147,"n":"Bâtonnet Côte d'Or vanille Sauce caramel x4 - 276g","p":4.79,"u":"17,36 €/KG","img":"https://fd13-photos.leclercdrive.fr/image.ashx?id=2923867&use=l&cat=p&typeid=i","cat":284265},{"id":269150,"n":"Capsules de Café KitKat Dolce Gusto x16","p":5.64,"u":"0,35 €/P","img":"https://fd13-photos.leclercdrive.fr/image.ashx?id=2924893&use=l&cat=p&typeid=i","cat":293239},{"id":269166,"n":"Lessive liquide Persil  Bouquet de Provence - 2,565L","p":10.82,"u":"4,22 €/L","img":"https://fd13-photos.leclercdrive.fr/image.ashx?id=2924980&use=l&cat=p&typeid=i","cat":284640},{"id":269266,"n":"Stilos bille BIC Cristal Noir  X5","p":1.46,"u":"0,29 €/P","img":"https://fd13-photos.leclercdrive.fr/image.ashx?id=2972928&use=l&cat=p&typeid=i","cat":284696},{"id":269270,"n":"Stylos bille BIC Cristal Bleus x5","p":1.46,"u":"0,29 €/P","img":"https://fd13-photos.leclercdrive.fr/image.ashx?id=2972925&use=l&cat=p&typeid=i","cat":284696},{"id":269337,"n":"Spray repulsif Primoplast Moustiques - 100ml","p":4.5,"u":"45,00 €/L","img":"https://fd13-photos.leclercdrive.fr/image.ashx?id=2989712&use=l&cat=p&typeid=i","cat":299654},{"id":269342,"n":"Cocktail Venezzio Spritz Lemon sans alcool - 4x20cl","p":4.09,"u":"5,11 €/L","img":"https://fd13-photos.leclercdrive.fr/image.ashx?id=2923429&use=l&cat=p&typeid=i","cat":284549},{"id":269352,"n":"Piles Energizer Lithium 2450  Bouton x2","p":5.7,"u":"2,85 €/P","img":"https://fd13-photos.leclercdrive.fr/image.ashx?id=2924809&use=l&cat=p&typeid=i","cat":300572},{"id":269353,"n":"Pile Energizer Lithium 2025 Bouton x2","p":5.87,"u":"2,94 €/P","img":"https://fd13-photos.leclercdrive.fr/image.ashx?id=2924821&use=l&cat=p&typeid=i","cat":300572},{"id":269354,"n":"Piles Energizer Lithium 2032 Bouton x4","p":9.99,"u":"2,50 €/P","img":"https://fd13-photos.leclercdrive.fr/image.ashx?id=2924824&use=l&cat=p&typeid=i","cat":300572},{"id":269356,"n":"Piles Energizer Lithium CR 2032 Bouton","p":6.99,"img":"https://fd13-photos.leclercdrive.fr/image.ashx?id=2924827&use=l&cat=p&typeid=i","cat":300572},{"id":269359,"n":"Pile Alcaline Energizer 9V Max plus","p":5.95,"img":"https://fd13-photos.leclercdrive.fr/image.ashx?id=2940489&use=l&cat=p&typeid=i","cat":300572},{"id":269362,"n":"Piles Alcalines Enegizer Power AAA/LR03 x6","p":5.25,"u":"0,88 €/P","img":"https://fd13-photos.leclercdrive.fr/image.ashx?id=2924812&use=l&cat=p&typeid=i","cat":300572},{"id":269386,"n":"Lessive Liquide Persil Peaux Sensibles 43 lavages","p":8.81,"u":"4,88 €/L","img":"https://fd13-photos.leclercdrive.fr/image.ashx?id=2945838&use=l&cat=p&typeid=i","cat":284640},{"id":269504,"n":"Fromage Leerdammer Croque Gourmand 8 tranches - 200g","p":1.95,"u":"9,75 €/KG","img":"https://fd13-photos.leclercdrive.fr/image.ashx?id=3004858&use=l&cat=p&typeid=i","cat":314028},{"id":269553,"n":"Rouge à lèvres Maybelline Superstay Vynil Ink N°20","p":12.02,"img":"https://fd13-photos.leclercdrive.fr/image.ashx?id=2925301&use=l&cat=p&typeid=i","cat":287029},{"id":269564,"n":"Rouge à lèvres Maybelline Superstay Vynil Ink N°15","p":12.55,"img":"https://fd13-photos.leclercdrive.fr/image.ashx?id=2925304&use=l&cat=p&typeid=i","cat":287029},{"id":269571,"n":"Comté AOP affiné 10 mois Nos Régions ont du Talent 200g","p":3.69,"u":"18,45 €/KG","img":"https://fd13-photos.leclercdrive.fr/image.ashx?id=2923408&use=l&cat=p&typeid=i","cat":314034},{"id":269572,"n":"Mascara Maybelline Sky high Blue mist 7.2ml","p":8.95,"pp":5.91,"u":"844,29 €/L","img":"https://fd13-photos.leclercdrive.fr/image.ashx?id=2925307&use=l&cat=p&typeid=i","cat":287029},{"id":269578,"n":"Poudre bronzante L'Oréal  Terra 01 - x1","p":16.9,"img":"https://fd13-photos.leclercdrive.fr/image.ashx?id=2925430&use=l&cat=p&typeid=i","cat":287029},{"id":269591,"n":"Poudre de teint L'Oréal  Infaillible Fresh wear x1","p":16.58,"img":"https://fd13-photos.leclercdrive.fr/image.ashx?id=2925436&use=l&cat=p&typeid=i","cat":287029},{"id":269593,"n":"Poudre de teint L'Oréal  Infaillible Fresh wear x1","p":15.99,"pp":10.55,"img":"https://fd13-photos.leclercdrive.fr/image.ashx?id=2925439&use=l&cat=p&typeid=i","cat":287029},{"id":269596,"n":"Spray fixateur L'Oréal  Infaillible 75ml","p":10.55,"u":"140,67 €/L","img":"https://fd13-photos.leclercdrive.fr/image.ashx?id=2992146&use=l&cat=p&typeid=i","cat":287029},{"id":269599,"n":"Illuminateur Lumi Glotion  902 light - 40ml","p":12.46,"u":"311,50 €/L","img":"https://fd13-photos.leclercdrive.fr/image.ashx?id=2925445&use=l&cat=p&typeid=i","cat":287029},{"id":269603,"n":"Encre à lèvres Maybelline Super Stay Mate","p":12.55,"img":"https://fd13-photos.leclercdrive.fr/image.ashx?id=2925454&use=l&cat=p&typeid=i","cat":287029},{"id":269798,"n":"Boisson energisante Red Bull Zéro - 4x250ml","p":4.75,"u":"4,75 €/L","img":"https://fd13-photos.leclercdrive.fr/image.ashx?id=3011998&use=l&cat=p&typeid=i","cat":284533},{"id":269801,"n":"Correcteur Effaceur Maybelline Multi-usage Teinte sable 22","p":9.29,"img":"https://fd13-photos.leclercdrive.fr/image.ashx?id=2925460&use=l&cat=p&typeid=i","cat":287029},{"id":269803,"n":"Perfecteur de teint Maybelline  4 en 1 Léger 01","p":13.02,"img":"https://fd13-photos.leclercdrive.fr/image.ashx?id=2925469&use=l&cat=p&typeid=i","cat":287029},{"id":269812,"n":"Gel nettoyant Garnier  Booster d'éclat - 250ml","p":6.37,"u":"25,48 €/L","img":"https://fd13-photos.leclercdrive.fr/image.ashx?id=2954241&use=l&cat=p&typeid=i","cat":284603},{"id":270170,"n":"Bâtonnet Oasis So Fruiz Exotique coeur vanille x6 282g","p":2.96,"u":"10,50 €/KG","img":"https://fd13-photos.leclercdrive.fr/image.ashx?id=2927396&use=l&cat=p&typeid=i","cat":284265},{"id":270172,"n":"Bâtonnet Oasis So Fruiz Fruits rouges coeur vanille x6 282g","p":2.76,"u":"9,79 €/KG","img":"https://fd13-photos.leclercdrive.fr/image.ashx?id=2927399&use=l&cat=p&typeid=i","cat":284265},{"id":270198,"n":"Barres enfants P'tit Déli  Petales chocolats - 120g","p":1.48,"u":"12,33 €/KG","img":"https://fd13-photos.leclercdrive.fr/image.ashx?id=2926173&use=l&cat=p&typeid=i","cat":300032},{"id":270212,"n":"Bâtonnets Nuii chocolat noir Noix du Brésil x4 276g","p":4.89,"u":"17,72 €/KG","img":"https://fd13-photos.leclercdrive.fr/image.ashx?id=3000396&use=l&cat=p&typeid=i","cat":284265},{"id":270238,"n":"Filets  maquereaux Petit Navire Moutarde - 338g","p":4.38,"u":"12,96 €/KG","img":"https://fd13-photos.leclercdrive.fr/image.ashx?id=2928369&use=l&cat=p&typeid=i","cat":303868},{"id":270434,"n":"Rhum Captain Morgan Spiced Gold Sans Alcool - 70cl","p":11.5,"u":"16,43 €/L","img":"https://fd13-photos.leclercdrive.fr/image.ashx?id=2928074&use=l&cat=p&typeid=i","cat":284549},{"id":270473,"n":"Dessert lacté Nestlé Biscuit dès 6mois - 4x100g","p":1.6,"u":"4,00 €/KG","img":"https://fd13-photos.leclercdrive.fr/image.ashx?id=2934914&use=l&cat=p&typeid=i","cat":312392},{"id":270487,"n":"Cocktail Venezzio Spritz Hugo Sans alcool - 4x20cl","p":4.11,"u":"5,14 €/L","img":"https://fd13-photos.leclercdrive.fr/image.ashx?id=2929299&use=l&cat=p&typeid=i","cat":284549},{"id":270661,"n":"Ferments lactiques Vahiné Pour yahourt maison -20g","p":3.91,"u":"195,50 €/KG","img":"https://fd13-photos.leclercdrive.fr/image.ashx?id=2930069&use=l&cat=p&typeid=i","cat":284505},{"id":270768,"n":"Eau aromatisée Vittel Aro Pêche abricot - 1L","p":1.28,"u":"1,28 €/L","img":"https://fd13-photos.leclercdrive.fr/image.ashx?id=2940627&use=l&cat=p&typeid=i","cat":284537},{"id":270900,"n":"Fromager saumon fumé Savour 140g","p":2.39,"u":"17,07 €/KG","img":"https://fd13-photos.leclercdrive.fr/image.ashx?id=2992612&use=l&cat=p&typeid=i","cat":315999},{"id":270988,"n":"Capsules café L'Or Espresso Brésil N°8 x30","p":11.28,"u":"72,31 €/KG","img":"https://fd13-photos.leclercdrive.fr/image.ashx?id=2938295&use=l&cat=p&typeid=i","cat":284749},{"id":270989,"n":"Barre P'tit Déli Boules choco - 120g","p":1.48,"u":"12,33 €/KG","img":"https://fd13-photos.leclercdrive.fr/image.ashx?id=2930132&use=l&cat=p&typeid=i","cat":300032},{"id":270993,"n":"Petit salé Céréal Bio  260g","p":2.5,"u":"9,62 €/KG","img":"https://fd13-photos.leclercdrive.fr/image.ashx?id=2936107&use=l&cat=p&typeid=i","cat":328010},{"id":270996,"n":"Pané de courgettes Céréal Bio Emmental - 160g","p":2.86,"u":"17,88 €/KG","img":"https://fd13-photos.leclercdrive.fr/image.ashx?id=2936110&use=l&cat=p&typeid=i","cat":328010},{"id":271003,"n":"Tofu aux herbes Céréal Bio 250g","p":2.82,"u":"11,28 €/KG","img":"https://fd13-photos.leclercdrive.fr/image.ashx?id=2936113&use=l&cat=p&typeid=i","cat":328010},{"id":271010,"n":"Barre protéinée Gerlinéa Cacahuète et chocolat - 45g","p":1.92,"u":"42,67 €/KG","img":"https://fd13-photos.leclercdrive.fr/image.ashx?id=2936092&use=l&cat=p&typeid=i","cat":318652},{"id":271016,"n":"Biscuit Gerblé Amande - 210g","p":1.94,"u":"9,24 €/KG","img":"https://fd13-photos.leclercdrive.fr/image.ashx?id=2936101&use=l&cat=p&typeid=i","cat":284487},{"id":271017,"n":"Barre matin Gerblé Abricot sésame -120g","p":2.0,"u":"16,67 €/KG","img":"https://fd13-photos.leclercdrive.fr/image.ashx?id=2999249&use=l&cat=p&typeid=i","cat":300032},{"id":271239,"n":"Chocolat Rocher Poulain Lait - 7x32g","p":3.63,"u":"16,21 €/KG","img":"https://fd13-photos.leclercdrive.fr/image.ashx?id=2937409&use=l&cat=p&typeid=i","cat":284499},{"id":271240,"n":"Rocher Poulain Chocolat noir - x7 - 224g","p":3.7,"u":"16,52 €/KG","img":"https://fd13-photos.leclercdrive.fr/image.ashx?id=2963463&use=l&cat=p&typeid=i","cat":284499},{"id":271245,"n":"Ramette de papier A4 75g Eco+ - 500 feuilles","p":3.57,"u":"0,01 €/P","img":"https://fd13-photos.leclercdrive.fr/image.ashx?id=2943142&use=l&cat=p&typeid=i","cat":284697},{"id":271275,"n":"Croquette Edgard & Cooper  Naturelle et sans céréales 750g","p":7.8,"u":"10,40 €/KG","img":"https://fd13-photos.leclercdrive.fr/image.ashx?id=2967947&use=l&cat=p&typeid=i","cat":284680},{"id":271277,"n":"Preparation crème glacée Vanille bourbon - 200g","p":1.94,"u":"9,70 €/KG","img":"https://fd13-photos.leclercdrive.fr/image.ashx?id=2936332&use=l&cat=p&typeid=i","cat":284505},{"id":271278,"n":"Arrangé vanille bourbon  Isautier 37° - 50cl","p":16.84,"u":"33,68 €/L","img":"https://fd13-photos.leclercdrive.fr/image.ashx?id=2938433&use=l&cat=p&typeid=i","cat":284551},{"id":271284,"n":"Préparation creme glacée Vahiné Chocolat noir - 210g","p":1.94,"u":"9,24 €/KG","img":"https://fd13-photos.leclercdrive.fr/image.ashx?id=2936335&use=l&cat=p&typeid=i","cat":284505},{"id":271285,"n":"Pepites de chocolat Vahiné  Brownies - 310g","p":3.57,"u":"11,52 €/KG","img":"https://fd13-photos.leclercdrive.fr/image.ashx?id=2936320&use=l&cat=p&typeid=i","cat":284505},{"id":271437,"n":"Feuilles simples Clairefontaine 90g - x300 - 21x29.7cm","p":2.92,"img":"https://fd13-photos.leclercdrive.fr/image.ashx?id=3008032&use=l&cat=p&typeid=i","cat":284697},{"id":271449,"n":"Cookies chunks Vahiné 3 chocolats - 330g","p":3.83,"u":"11,61 €/KG","img":"https://fd13-photos.leclercdrive.fr/image.ashx?id=2936329&use=l&cat=p&typeid=i","cat":284505},{"id":271465,"n":"Préparation Vahiné  gaufres pancakes crepes - 240g","p":2.67,"u":"11,13 €/KG","img":"https://fd13-photos.leclercdrive.fr/image.ashx?id=2936323&use=l&cat=p&typeid=i","cat":284505},{"id":271466,"n":"Préparation Vahiné Cookies muffins cake - 300g","p":2.64,"u":"8,80 €/KG","img":"https://fd13-photos.leclercdrive.fr/image.ashx?id=2936326&use=l&cat=p&typeid=i","cat":284505},{"id":271512,"n":"Gourdes Babybio Bio Multipack 7- 20g","p":7.27,"u":"10,10 €/KG","img":"https://fd13-photos.leclercdrive.fr/image.ashx?id=2936887&use=l&cat=p&typeid=i","cat":284508},{"id":271513,"n":"Ramen Tables du Monde 362g","p":2.47,"u":"6,82 €/KG","img":"https://fd13-photos.leclercdrive.fr/image.ashx?id=2931974&use=l&cat=p&typeid=i","cat":288992},{"id":271547,"n":"Martini Bitter  25° - 1 L","p":21.36,"u":"21,36 €/L","img":"https://fd13-photos.leclercdrive.fr/image.ashx?id=2938085&use=l&cat=p&typeid=i","cat":284913},{"id":271616,"n":"Bière blonde Corona Extra Canette 50cl","p":1.6,"u":"0,53 €/L","img":"https://fd13-photos.leclercdrive.fr/image.ashx?id=2937841&use=l&cat=p&typeid=i","cat":334853},{"id":271681,"n":"Bière triple Belge  St Feuillien - 75cl 8.5% vol.","p":5.58,"u":"7,44 €/L","img":"https://fd13-photos.leclercdrive.fr/image.ashx?id=2937854&use=l&cat=p&typeid=i","cat":334872},{"id":271838,"n":"Biberon MAM - Easy Active Débit X - Colorés - 330ml x2","p":14.45,"u":"7,23 €/P","img":"https://fd13-photos.leclercdrive.fr/image.ashx?id=2940735&use=l&cat=p&typeid=i","cat":290386},{"id":271839,"n":"Biberon MAM - Easy Active Débit X - Colorés - 330ml x2","p":14.4,"u":"7,20 €/P","img":"https://fd13-photos.leclercdrive.fr/image.ashx?id=2940732&use=l&cat=p&typeid=i","cat":290386},{"id":271840,"n":"Boisson orange  Pago Sans pulpe - 75cl","p":2.24,"u":"2,99 €/L","img":"https://fd13-photos.leclercdrive.fr/image.ashx?id=2940738&use=l&cat=p&typeid=i","cat":284521},{"id":271881,"n":"Crème dessert Vahiné à la  vanille de Bourbon - 300g","p":2.16,"u":"7,20 €/KG","img":"https://fd13-photos.leclercdrive.fr/image.ashx?id=2936338&use=l&cat=p&typeid=i","cat":284505},{"id":271913,"n":"Bière aromatisée Slash Fruits rouges - 50cl 8% vol.","p":2.3,"u":"4,60 €/L","img":"https://fd13-photos.leclercdrive.fr/image.ashx?id=2936452&use=l&cat=p&typeid=i","cat":334853},{"id":271971,"n":"Déodorant bille Sanex Natur  Protect Aloe vera 50ml","p":4.41,"u":"88,20 €/L","img":"https://fd13-photos.leclercdrive.fr/image.ashx?id=2938310&use=l&cat=p&typeid=i","cat":284595},{"id":271976,"n":"Brosse à dent Elmex Sensitive x1","p":3.14,"img":"https://fd13-photos.leclercdrive.fr/image.ashx?id=2938307&use=l&cat=p&typeid=i","cat":284614},{"id":271995,"n":"Dentifrice Sensodyne  Sensibilité & gencives 75ml","p":5.09,"u":"67,87 €/L","img":"https://fd13-photos.leclercdrive.fr/image.ashx?id=2937799&use=l&cat=p&typeid=i","cat":284612},{"id":271998,"n":"Dentifrice Sensodyne Multi-protection 75ml","p":4.45,"u":"59,33 €/L","img":"https://fd13-photos.leclercdrive.fr/image.ashx?id=2937802&use=l&cat=p&typeid=i","cat":284612},{"id":271999,"n":"Soin douche Le Petit  Marseillais Lait d'avoine 400ml","p":3.19,"u":"7,98 €/L","img":"https://fd13-photos.leclercdrive.fr/image.ashx?id=2937298&use=l&cat=p&typeid=i","cat":284594},{"id":272001,"n":"Soin douche Le Petit Marseillais Lait de riz 400ml","p":3.02,"u":"7,55 €/L","img":"https://fd13-photos.leclercdrive.fr/image.ashx?id=2937301&use=l&cat=p&typeid=i","cat":284594},{"id":272116,"n":"Chips Savour Poivre noir - 120g","p":1.65,"u":"13,75 €/KG","img":"https://fd13-photos.leclercdrive.fr/image.ashx?id=2933470&use=l&cat=p&typeid=i","cat":284447},{"id":272145,"n":"Latté Kitkat Nescafé  273g","p":4.95,"u":"18,13 €/KG","img":"https://fd13-photos.leclercdrive.fr/image.ashx?id=2952178&use=l&cat=p&typeid=i","cat":284843},{"id":272351,"n":"Masque Sérum Garnier Hyaluron+  Répare tissus x1","p":2.96,"img":"https://fd13-photos.leclercdrive.fr/image.ashx?id=2986657&use=l&cat=p&typeid=i","cat":325346},{"id":272699,"n":"Barres céréales Kellogg's Choco Corn Flakes x6 - 144g","p":2.06,"u":"14,31 €/KG","img":"https://fd13-photos.leclercdrive.fr/image.ashx?id=2941071&use=l&cat=p&typeid=i","cat":300032},{"id":272702,"n":"Céréales Trésor Kellogg's  Choco Brownie - 375g","p":3.38,"u":"9,01 €/KG","img":"https://fd13-photos.leclercdrive.fr/image.ashx?id=2938821&use=l&cat=p&typeid=i","cat":309513},{"id":272976,"n":"Copies doubles Clairefontaine Perforées  21x29.7cm- 300 pages","p":2.92,"img":"https://fd13-photos.leclercdrive.fr/image.ashx?id=2938632&use=l&cat=p&typeid=i","cat":284697},{"id":273066,"n":"Kit 2 Oreillers carré Tissaïa +Couette unie Blanc - 200x200cm","p":16.95,"img":"https://fd13-photos.leclercdrive.fr/image.ashx?id=2941279&use=l&cat=p&typeid=i","cat":288835},{"id":273414,"n":"Ramen Cup Oyakata Yakisoba poulet yakitori - 180g","p":2.2,"u":"12,22 €/KG","img":"https://fd13-photos.leclercdrive.fr/image.ashx?id=2941901&use=l&cat=p&typeid=i","cat":288992},{"id":273426,"n":"Boisson énergisante Crazy Tiger 35cl","p":0.99,"u":"2,83 €/L","img":"https://fd13-photos.leclercdrive.fr/image.ashx?id=2955032&use=l&cat=p&typeid=i","cat":284533},{"id":273431,"n":"Couches Pampers Harmonie Trio pack Taille 2 - x100p","p":29.98,"pp":19.79,"u":"0,20 €/P","img":"https://fd13-photos.leclercdrive.fr/image.ashx?id=2964183&use=l&cat=p&typeid=i","cat":284737},{"id":273443,"n":"Dentifrice Colgate Total  Prevention 24h active 150ml","p":6.63,"u":"44,20 €/L","img":"https://fd13-photos.leclercdrive.fr/image.ashx?id=2952181&use=l&cat=p&typeid=i","cat":284612},{"id":273444,"n":"Riz Taureau Ailé 2x500g","p":3.15,"u":"3,15 €/KG","img":"https://fd13-photos.leclercdrive.fr/image.ashx?id=2963745&use=l&cat=p&typeid=i","cat":284428},{"id":273449,"n":"Riz basmati Taureau Ailé  2x500g","p":3.15,"u":"3,15 €/KG","img":"https://fd13-photos.leclercdrive.fr/image.ashx?id=2963748&use=l&cat=p&typeid=i","cat":284428},{"id":273464,"n":"Culotte Tena Silhouette Plus noir - 12p","p":6.94,"u":"0,58 €/P","img":"https://fd13-photos.leclercdrive.fr/image.ashx?id=2951037&use=l&cat=p&typeid=i","cat":284628},{"id":273538,"n":"Rhum Vieux Clément VO Prestique - 40° - 35cl","p":15.6,"u":"44,57 €/L","img":"https://fd13-photos.leclercdrive.fr/image.ashx?id=2962146&use=l&cat=p&typeid=i","cat":284550},{"id":273539,"n":"Rhum Ron Zacapa Solera Gran Reserva - 40% - 70cl","p":51.82,"u":"74,03 €/L","img":"https://fd13-photos.leclercdrive.fr/image.ashx?id=2991334&use=l&cat=p&typeid=i","cat":284550},{"id":273545,"n":"Biberon Easy Active Mama Pearl - 330ml","p":8.08,"img":"https://fd13-photos.leclercdrive.fr/image.ashx?id=2964354&use=l&cat=p&typeid=i","cat":290386},{"id":273630,"n":"Oignon jaune tube filière Panier du Primeur x4","p":1.79,"u":"0,45 €/P","img":"https://fd13-photos.leclercdrive.fr/image.ashx?id=2942260&use=l&cat=p&typeid=i","cat":284352},{"id":273729,"n":"Crêpes cola Whaou! Crazy x6 - 180g","p":1.1,"u":"6,11 €/KG","img":"https://fd13-photos.leclercdrive.fr/image.ashx?id=2962872&use=l&cat=p&typeid=i","cat":284494},{"id":273822,"n":"Oignon rouge Eco+ 500g","p":0.99,"u":"1,98 €/KG","img":"https://fd13-photos.leclercdrive.fr/image.ashx?id=2942048&use=l&cat=p&typeid=i","cat":284352},{"id":273864,"n":"Capsules lave-vaisselle Finish Ultimate - x57 - 735g","p":11.88,"pp":7.13,"u":"9,70 €/KG","img":"https://fd13-photos.leclercdrive.fr/image.ashx?id=3011593&use=l&cat=p&typeid=i","cat":284656},{"id":273870,"n":"Mini ruban correcteur Esquisse Rouge, Bleu, Gris - x3","p":1.99,"img":"https://fd13-photos.leclercdrive.fr/image.ashx?id=2943331&use=l&cat=p&typeid=i","cat":334133},{"id":274035,"n":"Bière rouge Jenlain 75cl","p":4.22,"u":"5,63 €/L","img":"https://fd13-photos.leclercdrive.fr/image.ashx?id=2944002&use=l&cat=p&typeid=i","cat":334852},{"id":274036,"n":"Bière La Trappe Isid'or 33cl","p":2.15,"u":"6,52 €/L","img":"https://fd13-photos.leclercdrive.fr/image.ashx?id=2944464&use=l&cat=p&typeid=i","cat":334872},{"id":274040,"n":"Bière blonde Cornet 75cl","p":3.56,"u":"4,75 €/L","img":"https://fd13-photos.leclercdrive.fr/image.ashx?id=2944380&use=l&cat=p&typeid=i","cat":334872},{"id":274079,"n":"Martini Bianco 1.5L","p":14.26,"u":"9,51 €/L","img":"https://fd13-photos.leclercdrive.fr/image.ashx?id=2997265&use=l&cat=p&typeid=i","cat":286032},{"id":274080,"n":"Martini Rosso 1.5L","p":14.23,"u":"9,49 €/L","img":"https://fd13-photos.leclercdrive.fr/image.ashx?id=2997268&use=l&cat=p&typeid=i","cat":286032},{"id":274090,"n":"Café en grains L'OR Absolu N° 13 1kg","p":19.06,"u":"19,06 €/KG","img":"https://fd13-photos.leclercdrive.fr/image.ashx?id=2944458&use=l&cat=p&typeid=i","cat":293237},{"id":274091,"n":"Café en grains L'OR Absolu N° 10 1kg","p":19.1,"u":"19,10 €/KG","img":"https://fd13-photos.leclercdrive.fr/image.ashx?id=2944455&use=l&cat=p&typeid=i","cat":293237},{"id":274147,"n":"Couches Pampers Harmonie Taille 1 - x23","p":7.77,"img":"https://fd13-photos.leclercdrive.fr/image.ashx?id=2944446&use=l&cat=p&typeid=i","cat":284737},{"id":274343,"n":"Café dosettes Tassimo Milka x10","p":5.15,"u":"32,19 €/KG","img":"https://fd13-photos.leclercdrive.fr/image.ashx?id=2944461&use=l&cat=p&typeid=i","cat":293240},{"id":274347,"n":"Sauté de veau William Saurin Legumes - 280g","p":3.23,"u":"11,54 €/KG","img":"https://fd13-photos.leclercdrive.fr/image.ashx?id=2943984&use=l&cat=p&typeid=i","cat":284953},{"id":274384,"n":"Pâtée pour chien Lily's Kitchen Poulet et légumes - 400g","p":3.77,"u":"9,43 €/KG","img":"https://fd13-photos.leclercdrive.fr/image.ashx?id=2944927&use=l&cat=p&typeid=i","cat":288578},{"id":274386,"n":"Friandises Lily's Kitchen au poulet - 70g","p":4.12,"u":"58,86 €/KG","img":"https://fd13-photos.leclercdrive.fr/image.ashx?id=2944933&use=l&cat=p&typeid=i","cat":294527},{"id":274403,"n":"Friandises Lily's Kitchen  au Canard - 70g","p":4.09,"u":"58,43 €/KG","img":"https://fd13-photos.leclercdrive.fr/image.ashx?id=2944939&use=l&cat=p&typeid=i","cat":294527},{"id":274409,"n":"Pâtée pour chien Lily's Kitchen Chevreuil, Faisan Saumon - 400g","p":3.78,"u":"9,45 €/KG","img":"https://fd13-photos.leclercdrive.fr/image.ashx?id=2944942&use=l&cat=p&typeid=i","cat":288578},{"id":274410,"n":"Terrine Lily's Kitchen  Boeuf et légumes - 150g","p":1.77,"u":"11,80 €/KG","img":"https://fd13-photos.leclercdrive.fr/image.ashx?id=2944945&use=l&cat=p&typeid=i","cat":284673},{"id":274505,"n":"Yaourt à la Grecque Danone Vanille -4x110g","p":2.39,"u":"5,43 €/KG","img":"https://fd13-photos.leclercdrive.fr/image.ashx?id=2992738&use=l&cat=p&typeid=i","cat":314999},{"id":274506,"n":"Yaourt à la Grecque Danone Nature  - 4x110g","p":1.86,"u":"4,23 €/KG","img":"https://fd13-photos.leclercdrive.fr/image.ashx?id=2992732&use=l&cat=p&typeid=i","cat":314999},{"id":274509,"n":"Yaourt à la Grecque Danone Fraise - 4x110g","p":2.42,"u":"5,50 €/KG","img":"https://fd13-photos.leclercdrive.fr/image.ashx?id=2992729&use=l&cat=p&typeid=i","cat":314999},{"id":274526,"n":"Capsules lave-vaisselle Finish Ultimate Plus - Citron - 573g","p":11.88,"pp":7.13,"u":"12,44 €/KG","img":"https://fd13-photos.leclercdrive.fr/image.ashx?id=2945646&use=l&cat=p&typeid=i","cat":284656},{"id":274528,"n":"Capsules lave-vaisselle Finish Quantum - Citron - 707g x68","p":11.88,"pp":7.13,"u":"10,08 €/KG","img":"https://fd13-photos.leclercdrive.fr/image.ashx?id=2945643&use=l&cat=p&typeid=i","cat":284656},{"id":274530,"n":"Capsules lave-vaisselle Finish Ultimate - Citron - 735g x57","p":11.88,"pp":7.13,"u":"9,70 €/KG","img":"https://fd13-photos.leclercdrive.fr/image.ashx?id=2945649&use=l&cat=p&typeid=i","cat":284656},{"id":274531,"n":"Capsules lave-vaisselle Finish Ultimate Plus Bicarbonate 268g","p":6.59,"u":"24,59 €/KG","img":"https://fd13-photos.leclercdrive.fr/image.ashx?id=2945652&use=l&cat=p&typeid=i","cat":284656},{"id":274541,"n":"Yaourt à la Grecque Danone Stracciatella - 4x110g","p":2.41,"u":"5,48 €/KG","img":"https://fd13-photos.leclercdrive.fr/image.ashx?id=2992735&use=l&cat=p&typeid=i","cat":314999},{"id":274554,"n":"Yaourt à la Grecque Danone Citron - 4x110g","p":2.43,"u":"5,52 €/KG","img":"https://fd13-photos.leclercdrive.fr/image.ashx?id=2992744&use=l&cat=p&typeid=i","cat":314999},{"id":274555,"n":"Yaourt à la Grecque Danone Caramel - 4x110g","p":2.49,"u":"5,66 €/KG","img":"https://fd13-photos.leclercdrive.fr/image.ashx?id=2992741&use=l&cat=p&typeid=i","cat":314999},{"id":274559,"n":"Yaourt à la Grecque Danone Coco - 4x110g","p":2.48,"u":"5,64 €/KG","img":"https://fd13-photos.leclercdrive.fr/image.ashx?id=3010990&use=l&cat=p&typeid=i","cat":314999},{"id":274571,"n":"Skyr protéiné Danone nature 0% MG - 825g","p":5.32,"u":"6,45 €/KG","img":"https://fd13-photos.leclercdrive.fr/image.ashx?id=2951028&use=l&cat=p&typeid=i","cat":315000},{"id":274593,"n":"Danone Skyr nature  x4 - 400g","p":2.08,"u":"5,20 €/KG","img":"https://fd13-photos.leclercdrive.fr/image.ashx?id=2960654&use=l&cat=p&typeid=i","cat":315000},{"id":274596,"n":"Danone Skyr nature  x8 - 800g","p":3.19,"u":"3,99 €/KG","img":"https://fd13-photos.leclercdrive.fr/image.ashx?id=2960657&use=l&cat=p&typeid=i","cat":315000},{"id":275019,"n":"Pain Pinsa La Boulangère 230g","p":2.83,"u":"12,30 €/KG","img":"https://fd13-photos.leclercdrive.fr/image.ashx?id=2946607&use=l&cat=p&typeid=i","cat":284359},{"id":275024,"n":"Lingettes serpillières Carolin  Tous types de sols - x15","p":3.31,"u":"0,22 €/P","img":"https://fd13-photos.leclercdrive.fr/image.ashx?id=2946970&use=l&cat=p&typeid=i","cat":284907},{"id":275025,"n":"Lingettes serpillières Carolin  pour parquets - x15","p":4.2,"u":"0,28 €/P","img":"https://fd13-photos.leclercdrive.fr/image.ashx?id=2946973&use=l&cat=p&typeid=i","cat":284907},{"id":275220,"n":"Dahl de lentilles Cassegrain A l'indienne - 435g","p":2.78,"u":"6,39 €/KG","img":"https://fd13-photos.leclercdrive.fr/image.ashx?id=2946904&use=l&cat=p&typeid=i","cat":287599},{"id":275222,"n":"Trio de poivrons Cassegrain Sarrasin - 375g","p":4.84,"u":"12,91 €/KG","img":"https://fd13-photos.leclercdrive.fr/image.ashx?id=2953459&use=l&cat=p&typeid=i","cat":287599},{"id":275225,"n":"Barre de céréales Chocapic 8x25g","p":2.95,"u":"14,75 €/KG","img":"https://fd13-photos.leclercdrive.fr/image.ashx?id=2947198&use=l&cat=p&typeid=i","cat":285869},{"id":275244,"n":"Dentifrice Sensodyne  Sensibilité et gencives -75ml","p":5.09,"u":"67,87 €/L","img":"https://fd13-photos.leclercdrive.fr/image.ashx?id=2947180&use=l&cat=p&typeid=i","cat":284612},{"id":275245,"n":"Dentifrice Sensodyne Blancheur - 75ml","p":4.79,"u":"63,87 €/L","img":"https://fd13-photos.leclercdrive.fr/image.ashx?id=2947183&use=l&cat=p&typeid=i","cat":284612},{"id":275260,"n":"Déodorant spray Sanex Aloe vera Bio Sensitive - 200ml","p":4.21,"u":"21,05 €/L","img":"https://fd13-photos.leclercdrive.fr/image.ashx?id=2948537&use=l&cat=p&typeid=i","cat":284595},{"id":275379,"n":"Masque nutrition Le Petit Marseillais - Intense - 370ml","p":5.75,"u":"15,54 €/L","img":"https://fd13-photos.leclercdrive.fr/image.ashx?id=2966439&use=l&cat=p&typeid=i","cat":284608},{"id":275381,"n":"Gel douche Dop Lait végétal Pyrénées - 480ml","p":3.13,"u":"6,52 €/L","img":"https://fd13-photos.leclercdrive.fr/image.ashx?id=2955348&use=l&cat=p&typeid=i","cat":284594},{"id":275382,"n":"Gel douche Dop Amande - 480ml","p":3.12,"u":"6,50 €/L","img":"https://fd13-photos.leclercdrive.fr/image.ashx?id=2955351&use=l&cat=p&typeid=i","cat":284594},{"id":275398,"n":"Saucisse Knacki Herta Sel réduit - x6 - 210g","p":2.57,"u":"12,24 €/KG","img":"https://fd13-photos.leclercdrive.fr/image.ashx?id=2948824&use=l&cat=p&typeid=i","cat":316012},{"id":275401,"n":"Knacki Gourmande Herta  100% pur porc x4 - 280g","p":2.72,"u":"9,71 €/KG","img":"https://fd13-photos.leclercdrive.fr/image.ashx?id=2948827&use=l&cat=p&typeid=i","cat":316012},{"id":275415,"n":"Gel douche enfance Dop Barbe à papa - 310ml","p":2.39,"u":"7,71 €/L","img":"https://fd13-photos.leclercdrive.fr/image.ashx?id=2955357&use=l&cat=p&typeid=i","cat":284594},{"id":275418,"n":"Gel douche enfance Dop Bonbons - 310ml","p":2.47,"u":"7,97 €/L","img":"https://fd13-photos.leclercdrive.fr/image.ashx?id=2955360&use=l&cat=p&typeid=i","cat":284594},{"id":275506,"n":"Lait Le Petit Marseillais Nutrition Amande Argan 250ml","p":4.14,"u":"16,56 €/L","img":"https://fd13-photos.leclercdrive.fr/image.ashx?id=2950330&use=l&cat=p&typeid=i","cat":325349},{"id":275507,"n":"Lait Le Petit Marseillais Nutrition Argan 400ml","p":5.08,"u":"12,70 €/L","img":"https://fd13-photos.leclercdrive.fr/image.ashx?id=2950333&use=l&cat=p&typeid=i","cat":325349},{"id":275608,"n":"Dentifrice Sensodyne Sensibilité quotidienne 2x75ml","p":6.09,"u":"40,60 €/L","img":"https://fd13-photos.leclercdrive.fr/image.ashx?id=2949571&use=l&cat=p&typeid=i","cat":284612},{"id":275609,"n":"Dentifrice Sensodyne Haleine extra fresh - 2x75ml","p":6.09,"u":"40,60 €/L","img":"https://fd13-photos.leclercdrive.fr/image.ashx?id=2949574&use=l&cat=p&typeid=i","cat":284612},{"id":275613,"n":"Lait hydratant Noix de coco Bio 400ml","p":4.96,"u":"12,40 €/L","img":"https://fd13-photos.leclercdrive.fr/image.ashx?id=2950327&use=l&cat=p&typeid=i","cat":325349},{"id":275614,"n":"Lait apaisant hydratation Aloe vera Bio - 400ml","p":7.81,"u":"19,53 €/L","img":"https://fd13-photos.leclercdrive.fr/image.ashx?id=2949535&use=l&cat=p&typeid=i","cat":325349},{"id":275615,"n":"Gel douche Ushuaïa Minéraux marins - 280ml","p":2.64,"u":"9,43 €/L","img":"https://fd13-photos.leclercdrive.fr/image.ashx?id=3008791&use=l&cat=p&typeid=i","cat":284594},{"id":275616,"n":"Gel douche délassante Ushuaïa Huile essentielle d'Ylang 280ml","p":2.64,"u":"9,43 €/L","img":"https://fd13-photos.leclercdrive.fr/image.ashx?id=2949544&use=l&cat=p&typeid=i","cat":284594},{"id":275618,"n":"Gel douche hydratant Ushuaïa Grenade - 280ml","p":2.64,"u":"9,43 €/L","img":"https://fd13-photos.leclercdrive.fr/image.ashx?id=2949550&use=l&cat=p&typeid=i","cat":284594},{"id":275620,"n":"Gel douche tonifiant Ushuaïa Extrait de cèdre - 280ml","p":2.6,"u":"9,29 €/L","img":"https://fd13-photos.leclercdrive.fr/image.ashx?id=2949556&use=l&cat=p&typeid=i","cat":284594},{"id":275657,"n":"Bain de bouche Elmex Soin protecteur douceur 400ml","p":6.21,"u":"15,53 €/L","img":"https://fd13-photos.leclercdrive.fr/image.ashx?id=2950897&use=l&cat=p&typeid=i","cat":284613},{"id":275659,"n":"Soin visage Garnier BHA+ Niacinamide SPF50+ - 40ml","p":8.85,"u":"221,25 €/L","img":"https://fd13-photos.leclercdrive.fr/image.ashx?id=3000797&use=l&cat=p&typeid=i","cat":325345},{"id":275661,"n":"Soin visage Garnier Aloe vera Hyaluronique 250ml","p":5.17,"u":"20,68 €/L","img":"https://fd13-photos.leclercdrive.fr/image.ashx?id=2954244&use=l&cat=p&typeid=i","cat":325345},{"id":275662,"n":"Soin hydratant Garnier Hyaluron Liquide quotidien - 120ml","p":9.91,"u":"82,58 €/L","img":"https://fd13-photos.leclercdrive.fr/image.ashx?id=2986654&use=l&cat=p&typeid=i","cat":325345},{"id":275663,"n":"Lotion exfoliante Garnier Salicylique - 120ml","p":8.99,"u":"74,92 €/L","img":"https://fd13-photos.leclercdrive.fr/image.ashx?id=2954253&use=l&cat=p&typeid=i","cat":325346},{"id":275665,"n":"Fluide Garnier hyaluronique Anti-uv quotidien SPF50+ 40ml","p":12.28,"u":"307,00 €/L","img":"https://fd13-photos.leclercdrive.fr/image.ashx?id=2954256&use=l&cat=p&typeid=i","cat":325345},{"id":275666,"n":"Dentifrice Sanogyl Multiprotection Gencives 75ml","p":4.07,"u":"54,27 €/L","img":"https://fd13-photos.leclercdrive.fr/image.ashx?id=2950204&use=l&cat=p&typeid=i","cat":284612},{"id":275668,"n":"Dentifrice Sanogyl Multiprotection blancheur 75ml","p":4.07,"u":"54,27 €/L","img":"https://fd13-photos.leclercdrive.fr/image.ashx?id=2950207&use=l&cat=p&typeid=i","cat":284612},{"id":275669,"n":"Dentifrice Sanogyl Soin global - 75ml","p":2.81,"u":"37,47 €/L","img":"https://fd13-photos.leclercdrive.fr/image.ashx?id=2950201&use=l&cat=p&typeid=i","cat":284612},{"id":275671,"n":"Dentifrice Sanogyl Soin gencives - 75ml","p":3.21,"u":"42,80 €/L","img":"https://fd13-photos.leclercdrive.fr/image.ashx?id=2950195&use=l&cat=p&typeid=i","cat":284612},{"id":275673,"n":"Dentifrice Sanogyl Soin blancheur - 75ml","p":3.2,"u":"42,67 €/L","img":"https://fd13-photos.leclercdrive.fr/image.ashx?id=2950198&use=l&cat=p&typeid=i","cat":284612},{"id":275690,"n":"Dentifrice Sensodyne Eclat blancheur - 75ml","p":7.35,"u":"98,00 €/L","img":"https://fd13-photos.leclercdrive.fr/image.ashx?id=2997781&use=l&cat=p&typeid=i","cat":284612},{"id":275692,"n":"Dentifrice Sensodyne Nettoyage intense - 75ml","p":7.3,"u":"97,33 €/L","img":"https://fd13-photos.leclercdrive.fr/image.ashx?id=2998047&use=l&cat=p&typeid=i","cat":284612},{"id":275695,"n":"Dentifrice Sensodyne Rapide Action extra-fresh - 75ml","p":5.09,"u":"67,87 €/L","img":"https://fd13-photos.leclercdrive.fr/image.ashx?id=2950717&use=l&cat=p&typeid=i","cat":284612},{"id":275706,"n":"Dentifrice Sensodyne Multi-protection Blancheur 75ml","p":4.69,"u":"62,53 €/L","img":"https://fd13-photos.leclercdrive.fr/image.ashx?id=2950723&use=l&cat=p&typeid=i","cat":284612},{"id":275708,"n":"Dentifrice Sensodyne Sensibilité Gencives Email 75ml","p":5.09,"u":"67,87 €/L","img":"https://fd13-photos.leclercdrive.fr/image.ashx?id=2950720&use=l&cat=p&typeid=i","cat":284612},{"id":275816,"n":"Mini Caprice des Dieux Filet 6x50g","p":5.09,"u":"16,97 €/KG","img":"https://fd13-photos.leclercdrive.fr/image.ashx?id=2949916&use=l&cat=p&typeid=i","cat":314033},{"id":276029,"n":"Spray nettoyant Cillit Bang  Expert Dégraissant Familial 1L","p":4.98,"u":"4,98 €/L","img":"https://fd13-photos.leclercdrive.fr/image.ashx?id=2950387&use=l&cat=p&typeid=i","cat":325357},{"id":276030,"n":"Spray nettoyant Cillit Bang  Expert Anti-moisissures - 1L","p":4.98,"u":"4,98 €/L","img":"https://fd13-photos.leclercdrive.fr/image.ashx?id=2950381&use=l&cat=p&typeid=i","cat":325357},{"id":276126,"n":"Whisky Jack Daniel's Bonded 70cL","p":33.9,"pp":29.9,"u":"42,71 €/L","img":"https://fd13-photos.leclercdrive.fr/image.ashx?id=2952001&use=l&cat=p&typeid=i","cat":284547},{"id":276231,"n":"Mini Carambar  Team - 350g","p":3.55,"u":"10,14 €/KG","img":"https://fd13-photos.leclercdrive.fr/image.ashx?id=2951869&use=l&cat=p&typeid=i","cat":304250},{"id":276269,"n":"Fromage cremeux Coeur de Lion 8 tranches 150g","p":2.53,"u":"16,87 €/KG","img":"https://fd13-photos.leclercdrive.fr/image.ashx?id=2952493&use=l&cat=p&typeid=i","cat":314028},{"id":276550,"n":"Biscuit sésame GERBLE - 5x4 220g","p":1.52,"u":"6,91 €/KG","img":"https://fd13-photos.leclercdrive.fr/image.ashx?id=2953803&use=l&cat=p&typeid=i","cat":318651},{"id":276584,"n":"Yaourt à la Grecque Délisse Nature sucré 4x150g","p":1.69,"u":"2,82 €/KG","img":"https://fd13-photos.leclercdrive.fr/image.ashx?id=2952436&use=l&cat=p&typeid=i","cat":314999},{"id":276946,"n":"Badoit bulles de fruits  Pamplemousse - 6x33cl","p":4.46,"u":"2,25 €/L","img":"https://fd13-photos.leclercdrive.fr/image.ashx?id=2954208&use=l&cat=p&typeid=i","cat":284537},{"id":276947,"n":"Badoit bulles de fruits  Fruits rouges - 6x33cl","p":5.31,"u":"2,68 €/L","img":"https://fd13-photos.leclercdrive.fr/image.ashx?id=2954205&use=l&cat=p&typeid=i","cat":284537},{"id":276948,"n":"Badoit bulles de fruits  Citron et citron vert - 6x33cl","p":4.46,"u":"2,25 €/L","img":"https://fd13-photos.leclercdrive.fr/image.ashx?id=2954202&use=l&cat=p&typeid=i","cat":284537},{"id":277075,"n":"Cocktail Ginger mule Old Nick 16° - 70cl","p":6.06,"u":"8,66 €/L","img":"https://fd13-photos.leclercdrive.fr/image.ashx?id=2961807&use=l&cat=p&typeid=i","cat":284551},{"id":277161,"n":"Bâtonnets Côté chocolat au lait Noisettes - x4 - 260g","p":4.94,"u":"19,00 €/KG","img":"https://fd13-photos.leclercdrive.fr/image.ashx?id=2962665&use=l&cat=p&typeid=i","cat":284265},{"id":277163,"n":"Bâtonnets Côte d'or pistache Chocolat amande - x4 - 260g","p":5.0,"u":"19,23 €/KG","img":"https://fd13-photos.leclercdrive.fr/image.ashx?id=2962662&use=l&cat=p&typeid=i","cat":284265},{"id":277377,"n":"Roller Pilot Frixion Ball  x4 + surligneur - Gris","p":6.94,"img":"https://fd13-photos.leclercdrive.fr/image.ashx?id=2956268&use=l&cat=p&typeid=i","cat":284696},{"id":277378,"n":"Roller Pilot Frixion Ball  x4 + surligneur - Bleu clair","p":6.94,"img":"https://fd13-photos.leclercdrive.fr/image.ashx?id=2956271&use=l&cat=p&typeid=i","cat":284696},{"id":277469,"n":"Céréales Special K Kellogg's  Fibre - 360g","p":3.28,"u":"9,11 €/KG","img":"https://fd13-photos.leclercdrive.fr/image.ashx?id=2963898&use=l&cat=p&typeid=i","cat":309512},{"id":277473,"n":"Kéfir Yaourt Activia Fraise, framboise - 2x150g","p":2.37,"u":"7,90 €/KG","img":"https://fd13-photos.leclercdrive.fr/image.ashx?id=2972388&use=l&cat=p&typeid=i","cat":315000},{"id":277474,"n":"Kéfir Yaourt Activia nature - 2x150g","p":2.27,"u":"7,57 €/KG","img":"https://fd13-photos.leclercdrive.fr/image.ashx?id=2972385&use=l&cat=p&typeid=i","cat":315000},{"id":277476,"n":"Activia Kéfir Nature 345g","p":2.29,"u":"6,64 €/KG","img":"https://fd13-photos.leclercdrive.fr/image.ashx?id=2966164&use=l&cat=p&typeid=i","cat":315000},{"id":277478,"n":"Liégeois Pâtissier Danette  Paris Brest 4x90g","p":2.76,"u":"7,67 €/KG","img":"https://fd13-photos.leclercdrive.fr/image.ashx?id=2965930&use=l&cat=p&typeid=i","cat":285042},{"id":277479,"n":"Liégeois Pâtissier Danette Framboisier 4x90g","p":2.76,"u":"7,67 €/KG","img":"https://fd13-photos.leclercdrive.fr/image.ashx?id=2965924&use=l&cat=p&typeid=i","cat":285042},{"id":277480,"n":"Liégeois Pâtissier Danette Tiramisu 4x90g","p":2.76,"u":"7,67 €/KG","img":"https://fd13-photos.leclercdrive.fr/image.ashx?id=2965927&use=l&cat=p&typeid=i","cat":285042},{"id":277483,"n":"Skyr nature Danone 0% MG - 450g","p":2.32,"u":"5,16 €/KG","img":"https://fd13-photos.leclercdrive.fr/image.ashx?id=2966279&use=l&cat=p&typeid=i","cat":284409},{"id":277484,"n":"Danone Skyr fraise 4x100g","p":2.15,"u":"5,38 €/KG","img":"https://fd13-photos.leclercdrive.fr/image.ashx?id=2965903&use=l&cat=p&typeid=i","cat":315000},{"id":277485,"n":"Danone Skyr fruits jaunes 4x100g","p":2.15,"u":"5,38 €/KG","img":"https://fd13-photos.leclercdrive.fr/image.ashx?id=2965906&use=l&cat=p&typeid=i","cat":315000},{"id":277493,"n":"Yaourt protéiné Hipro nature 480g","p":2.92,"u":"6,08 €/KG","img":"https://fd13-photos.leclercdrive.fr/image.ashx?id=2965945&use=l&cat=p&typeid=i","cat":284409},{"id":277508,"n":"Bière blonde Summer Ninkasi 75cl","p":5.87,"u":"7,83 €/L","img":"https://fd13-photos.leclercdrive.fr/image.ashx?id=2956828&use=l&cat=p&typeid=i","cat":334872},{"id":277589,"n":"Rhum The Kraken Roast Coffee  40° - 70cl","p":33.64,"u":"48,06 €/L","img":"https://fd13-photos.leclercdrive.fr/image.ashx?id=2956298&use=l&cat=p&typeid=i","cat":284550},{"id":277632,"n":"Huile de douche Ushuaïa Monoï & fleur de tiaré - 280ml","p":2.17,"u":"7,75 €/L","img":"https://fd13-photos.leclercdrive.fr/image.ashx?id=2958146&use=l&cat=p&typeid=i","cat":284594},{"id":277643,"n":"Gel douche Sanex Prebiotic surgras - 2x425ml","p":10.11,"u":"11,89 €/L","img":"https://fd13-photos.leclercdrive.fr/image.ashx?id=2957317&use=l&cat=p&typeid=i","cat":284594},{"id":278034,"n":"Agrafeuse Esquisse Gris - +400 agrafes n°10","p":1.49,"img":"https://fd13-photos.leclercdrive.fr/image.ashx?id=2958065&use=l&cat=p&typeid=i","cat":334133},{"id":278070,"n":"IGP Côtes Catalanes Les Vignes Du vent - Blanc - 75cl","p":5.57,"u":"7,43 €/L","img":"https://fd13-photos.leclercdrive.fr/image.ashx?id=2958092&use=l&cat=p&typeid=i","cat":289557},{"id":278076,"n":"AOC Bordeaux Grand vin de Reignac - Rouge - 75cl","p":20.78,"u":"27,71 €/L","img":"https://fd13-photos.leclercdrive.fr/image.ashx?id=2958128&use=l&cat=p&typeid=i","cat":289556},{"id":278078,"n":"AOP Fronsac Château de la Rivière - Rouge - 75cl","p":14.56,"u":"19,41 €/L","img":"https://fd13-photos.leclercdrive.fr/image.ashx?id=2958143&use=l&cat=p&typeid=i","cat":289556},{"id":278267,"n":"Red Bull winter 2025 250ml","p":1.27,"u":"5,08 €/L","img":"https://fd13-photos.leclercdrive.fr/image.ashx?id=2960117&use=l&cat=p&typeid=i","cat":284533},{"id":278361,"n":"Tequila Izamal Silver - 35%vol - 70cl","p":12.9,"u":"18,43 €/L","img":"https://fd13-photos.leclercdrive.fr/image.ashx?id=2979574&use=l&cat=p&typeid=i","cat":284550},{"id":278376,"n":"Crème lavante Calendula Corps et cheveyx - 400ml","p":9.7,"u":"24,25 €/L","img":"https://fd13-photos.leclercdrive.fr/image.ashx?id=2961032&use=l&cat=p&typeid=i","cat":290425},{"id":278570,"n":"Lessive liquide Le Chat  L'expert Bicarbonate - 1,8L","p":10.39,"u":"5,77 €/L","img":"https://fd13-photos.leclercdrive.fr/image.ashx?id=2962290&use=l&cat=p&typeid=i","cat":284640},{"id":278573,"n":"Gel douche Ushuaïa Grenade - 490ml","p":4.21,"u":"8,59 €/L","img":"https://fd13-photos.leclercdrive.fr/image.ashx?id=3011566&use=l&cat=p&typeid=i","cat":284594},{"id":278575,"n":"Gel douche Ushuaïa Ylang - Relaxe - 490ml","p":4.21,"u":"8,59 €/L","img":"https://fd13-photos.leclercdrive.fr/image.ashx?id=3011560&use=l&cat=p&typeid=i","cat":284594},{"id":278578,"n":"Gel douche Ushuaïa Minéraux marins - 490ml","p":4.2,"u":"8,57 €/L","img":"https://fd13-photos.leclercdrive.fr/image.ashx?id=3011563&use=l&cat=p&typeid=i","cat":284594},{"id":278579,"n":"Gel douche Ushuaïa Eucalyptus - 280ml","p":2.38,"u":"8,50 €/L","img":"https://fd13-photos.leclercdrive.fr/image.ashx?id=2974408&use=l&cat=p&typeid=i","cat":284594},{"id":278582,"n":"Gel douche Ushuaïa Roche volcanique - 280ml","p":2.5,"u":"8,93 €/L","img":"https://fd13-photos.leclercdrive.fr/image.ashx?id=2974411&use=l&cat=p&typeid=i","cat":284594},{"id":278583,"n":"Gel douche Ushuaïa Vanille - 280ml","p":2.43,"u":"8,68 €/L","img":"https://fd13-photos.leclercdrive.fr/image.ashx?id=2974402&use=l&cat=p&typeid=i","cat":284594},{"id":278584,"n":"Gel douche Ecopack Ushuaïa Ylang - Relaxe - 500ml","p":3.6,"u":"7,20 €/L","img":"https://fd13-photos.leclercdrive.fr/image.ashx?id=3011575&use=l&cat=p&typeid=i","cat":284594},{"id":278618,"n":"Shampooing Nuxe Hair Brillance miroir - 400ML","p":21.38,"u":"53,45 €/MT","img":"https://fd13-photos.leclercdrive.fr/image.ashx?id=2970966&use=l&cat=p&typeid=i","cat":290400},{"id":278619,"n":"Brossettes interdentaires TEPE Originales - x6","p":3.59,"img":"https://fd13-photos.leclercdrive.fr/image.ashx?id=2971356&use=l&cat=p&typeid=i","cat":290417},{"id":278680,"n":"Crème extra légère Bridélice Semi-épaisse 4%MG - 3x20cl","p":2.38,"u":"3,97 €/L","img":"https://fd13-photos.leclercdrive.fr/image.ashx?id=2996581&use=l&cat=p&typeid=i","cat":284381},{"id":278725,"n":"Saucisses knacki Herta Sel réduit x4 - 140g","p":1.77,"u":"12,64 €/KG","img":"https://fd13-photos.leclercdrive.fr/image.ashx?id=2965016&use=l&cat=p&typeid=i","cat":316012},{"id":278726,"n":"Saucisses charcutières Herta L'Originale x4 - 280g","p":3.5,"u":"12,50 €/KG","img":"https://fd13-photos.leclercdrive.fr/image.ashx?id=2965010&use=l&cat=p&typeid=i","cat":316012},{"id":278729,"n":"Croque-Monsieur Herta Maxi Mozzarella x2 - 310g","p":2.59,"u":"8,35 €/KG","img":"https://fd13-photos.leclercdrive.fr/image.ashx?id=2965013&use=l&cat=p&typeid=i","cat":333671},{"id":278909,"n":"Dentifrice blancheur Sanogyl  Revitalisation 75ml x2","p":5.56,"u":"37,07 €/L","img":"https://fd13-photos.leclercdrive.fr/image.ashx?id=2966436&use=l&cat=p&typeid=i","cat":284612},{"id":278910,"n":"Boisson Crazy Tiger Cerise - 35cl","p":0.98,"u":"2,80 €/L","img":"https://fd13-photos.leclercdrive.fr/image.ashx?id=2967262&use=l&cat=p&typeid=i","cat":284533},{"id":278911,"n":"Boisson Crazy Tiger Tiki Mango - 35cl","p":0.98,"u":"2,80 €/L","img":"https://fd13-photos.leclercdrive.fr/image.ashx?id=2967259&use=l&cat=p&typeid=i","cat":284533},{"id":278912,"n":"Boisson Crazy Tiger Pomme - 35cl","p":1.0,"u":"2,86 €/L","img":"https://fd13-photos.leclercdrive.fr/image.ashx?id=3011524&use=l&cat=p&typeid=i","cat":284533},{"id":279003,"n":"Apéri'chaud Richesmonts 140g","p":2.88,"u":"20,57 €/KG","img":"https://fd13-photos.leclercdrive.fr/image.ashx?id=2990484&use=l&cat=p&typeid=i","cat":314027},{"id":279009,"n":"Fromage à tartiner Tartare  Ail & fines herbes 90g","p":1.43,"u":"15,89 €/KG","img":"https://fd13-photos.leclercdrive.fr/image.ashx?id=2967130&use=l&cat=p&typeid=i","cat":314029},{"id":279022,"n":"Dentifrice gencives Sanogyl Lot de 2 - 75ml","p":5.59,"u":"37,27 €/L","img":"https://fd13-photos.leclercdrive.fr/image.ashx?id=2967160&use=l&cat=p&typeid=i","cat":284612},{"id":279027,"n":"Cheddar râpé British Heritage Extra mature 12 mois - 150g","p":3.19,"u":"21,27 €/KG","img":"https://fd13-photos.leclercdrive.fr/image.ashx?id=2968418&use=l&cat=p&typeid=i","cat":314035},{"id":279028,"n":"Sauce fromagère Saint-Agur 150g","p":2.67,"u":"17,80 €/KG","img":"https://fd13-photos.leclercdrive.fr/image.ashx?id=2968556&use=l&cat=p&typeid=i","cat":284382},{"id":279032,"n":"Gel douche Ushuaia Gingembre - 280ml","p":2.21,"u":"7,89 €/L","img":"https://fd13-photos.leclercdrive.fr/image.ashx?id=2968337&use=l&cat=p&typeid=i","cat":284594},{"id":279035,"n":"Savon de Marseille Le Chat 1,7L","p":9.8,"u":"5,76 €/L","img":"https://fd13-photos.leclercdrive.fr/image.ashx?id=2966569&use=l&cat=p&typeid=i","cat":284640},{"id":279036,"n":"Gel douche Ecopack Ushuaïa Minéraux Marins - 500ml","p":3.59,"u":"7,18 €/L","img":"https://fd13-photos.leclercdrive.fr/image.ashx?id=3011581&use=l&cat=p&typeid=i","cat":284594},{"id":279037,"n":"Gel douche Ushuaïa Café vert - 280ml","p":2.21,"u":"7,89 €/L","img":"https://fd13-photos.leclercdrive.fr/image.ashx?id=2966584&use=l&cat=p&typeid=i","cat":284594},{"id":279046,"n":"Lait coprs Le Petit Marseillais L'Original - 250ml","p":3.92,"u":"15,68 €/L","img":"https://fd13-photos.leclercdrive.fr/image.ashx?id=2966581&use=l&cat=p&typeid=i","cat":325349},{"id":279047,"n":"Dentifrice Sanogyl Soin duo sensibilité - 75ml","p":3.02,"u":"40,27 €/L","img":"https://fd13-photos.leclercdrive.fr/image.ashx?id=2966575&use=l&cat=p&typeid=i","cat":284612},{"id":279201,"n":"Nouilles japonaises Nissin Hot Chili piment, Sésame - 66g","p":1.76,"u":"26,67 €/KG","img":"https://fd13-photos.leclercdrive.fr/image.ashx?id=2966779&use=l&cat=p&typeid=i","cat":288992},{"id":279202,"n":"Nouilles japonaises Nissin Hot Spicy Curry - 67g","p":1.49,"u":"22,24 €/KG","img":"https://fd13-photos.leclercdrive.fr/image.ashx?id=2966782&use=l&cat=p&typeid=i","cat":325094},{"id":279238,"n":"Cubes McCain Airfryer 600g","p":2.9,"u":"4,83 €/KG","img":"https://fd13-photos.leclercdrive.fr/image.ashx?id=2988734&use=l&cat=p&typeid=i","cat":319792},{"id":279246,"n":"Dentifrice Sanogyl  Lot de 2 - Revitalisation 75ml","p":5.63,"u":"37,53 €/L","img":"https://fd13-photos.leclercdrive.fr/image.ashx?id=2968283&use=l&cat=p&typeid=i","cat":284612},{"id":279257,"n":"Macaroni tomate mozza Panzani - 400g","p":2.45,"u":"6,13 €/KG","img":"https://fd13-photos.leclercdrive.fr/image.ashx?id=2968211&use=l&cat=p&typeid=i","cat":284442},{"id":279403,"n":"Macaroni cheese Panzani - 400g","p":2.46,"u":"6,15 €/KG","img":"https://fd13-photos.leclercdrive.fr/image.ashx?id=2967762&use=l&cat=p&typeid=i","cat":284442},{"id":279412,"n":"Spaghetti carbonara Panzani - 400g","p":2.47,"u":"6,18 €/KG","img":"https://fd13-photos.leclercdrive.fr/image.ashx?id=2967759&use=l&cat=p&typeid=i","cat":284442},{"id":279413,"n":"Baume masque Nuxe Hair Prodigieux - Réparation - 200ml","p":33.87,"u":"169,35 €/L","img":"https://fd13-photos.leclercdrive.fr/image.ashx?id=2970969&use=l&cat=p&typeid=i","cat":290399},{"id":279415,"n":"Eau florale Haut-Ségala Bio - Rose - 250ml","p":8.99,"u":"35,96 €/L","img":"https://fd13-photos.leclercdrive.fr/image.ashx?id=2967878&use=l&cat=p&typeid=i","cat":301587},{"id":279416,"n":"Brossettes interdentaires TEPE® Originale - Rose- 0.4mx6","p":3.77,"img":"https://fd13-photos.leclercdrive.fr/image.ashx?id=2971359&use=l&cat=p&typeid=i","cat":290417},{"id":279417,"n":"Brossettes interdentaires TEPE® Originale - Bleu - 0.4mx6","p":3.77,"img":"https://fd13-photos.leclercdrive.fr/image.ashx?id=2971362&use=l&cat=p&typeid=i","cat":290417},{"id":279418,"n":"Brossettes interdentaires TEPE® Originale - Jaune - 0.7mmx6","p":3.74,"img":"https://fd13-photos.leclercdrive.fr/image.ashx?id=2971365&use=l&cat=p&typeid=i","cat":290417},{"id":279419,"n":"Kit orthodontie TEPE","p":6.23,"img":"https://fd13-photos.leclercdrive.fr/image.ashx?id=2971368&use=l&cat=p&typeid=i","cat":290417},{"id":279420,"n":"Fil dentaire TEPE A expansion - 40M","p":3.15,"img":"https://fd13-photos.leclercdrive.fr/image.ashx?id=2974018&use=l&cat=p&typeid=i","cat":301595},{"id":279422,"n":"Huile de soin Vinoclean Démaquillante - 150ml","p":16.21,"u":"108,07 €/L","img":"https://fd13-photos.leclercdrive.fr/image.ashx?id=2967869&use=l&cat=p&typeid=i","cat":301587},{"id":279430,"n":"Traitement antichute Phytocyane Femme - Cheveux - 12x5ml","p":33.99,"u":"566,50 €/L","img":"https://fd13-photos.leclercdrive.fr/image.ashx?id=2967908&use=l&cat=p&typeid=i","cat":290399},{"id":279508,"n":"Complément alimentaire Gestarelle G3+ - x90","p":30.21,"img":"https://fd13-photos.leclercdrive.fr/image.ashx?id=2969212&use=l&cat=p&typeid=i","cat":301268},{"id":279514,"n":"Stick solaire visage SVR Sun Secure Easy stick SPF50+ - 10g","p":17.02,"img":"https://fd13-photos.leclercdrive.fr/image.ashx?id=2969224&use=l&cat=p&typeid=i","cat":290396},{"id":279680,"n":"Spaghetti carbonara Panzani 800g","p":3.95,"u":"4,94 €/KG","img":"https://fd13-photos.leclercdrive.fr/image.ashx?id=2970957&use=l&cat=p&typeid=i","cat":284442},{"id":279681,"n":"Liqueur Disaronno Originale Edition 500 ans 28% - 70cl","p":26.45,"u":"37,79 €/L","img":"https://fd13-photos.leclercdrive.fr/image.ashx?id=2970234&use=l&cat=p&typeid=i","cat":286032},{"id":279682,"n":"Macaroni tomate Panzani 800g","p":3.95,"u":"4,94 €/KG","img":"https://fd13-photos.leclercdrive.fr/image.ashx?id=2970960&use=l&cat=p&typeid=i","cat":284442},{"id":279906,"n":"Sauce ponzu Kikkoman 15Oml","p":3.82,"u":"25,47 €/L","img":"https://fd13-photos.leclercdrive.fr/image.ashx?id=2971446&use=l&cat=p&typeid=i","cat":318430},{"id":279907,"n":"Assaisonnement Kikkoman Pour sushi - 125ml","p":2.75,"u":"22,00 €/L","img":"https://fd13-photos.leclercdrive.fr/image.ashx?id=2971449&use=l&cat=p&typeid=i","cat":288992},{"id":280019,"n":"Œuf Kinder Joy Mario - 3x20g","p":3.2,"u":"53,33 €/KG","img":"https://fd13-photos.leclercdrive.fr/image.ashx?id=2970753&use=l&cat=p&typeid=i","cat":284958},{"id":280033,"n":"Dentifrice Sanogyl Haleine fraîche - 75ml","p":3.54,"u":"47,20 €/L","img":"https://fd13-photos.leclercdrive.fr/image.ashx?id=2971050&use=l&cat=p&typeid=i","cat":284612},{"id":280035,"n":"Nettoyant gel La Croix Multi-usage Citron - 750ml","p":2.34,"u":"3,12 €/L","img":"https://fd13-photos.leclercdrive.fr/image.ashx?id=2971455&use=l&cat=p&typeid=i","cat":325357},{"id":280252,"n":"Filets de maquereaux Petit  Navire - Au vin blanc - 2x175g","p":4.09,"u":"11,69 €/KG","img":"https://fd13-photos.leclercdrive.fr/image.ashx?id=2972850&use=l&cat=p&typeid=i","cat":303868},{"id":280254,"n":"Filets de maquereaux Vin Blanc Citron Romarin 2x175g","p":4.09,"u":"11,69 €/KG","img":"https://fd13-photos.leclercdrive.fr/image.ashx?id=2972853&use=l&cat=p&typeid=i","cat":303868},{"id":280270,"n":"Dessert lacté Vanille Blédina dès 6 mois Mini Lactés - 6x55g","p":2.06,"u":"37,45 €/KG","img":"https://fd13-photos.leclercdrive.fr/image.ashx?id=2972862&use=l&cat=p&typeid=i","cat":312392},{"id":280276,"n":"Dessert lacté Fruits Blédina dès 6 mois Mini Lactés - 12x55g","p":4.07,"u":"6,17 €/KG","img":"https://fd13-photos.leclercdrive.fr/image.ashx?id=2972865&use=l&cat=p&typeid=i","cat":312392},{"id":280418,"n":"Dessert lacté Nature Blédina dès 6 mois - 4x95g","p":1.76,"u":"4,63 €/KG","img":"https://fd13-photos.leclercdrive.fr/image.ashx?id=2972868&use=l&cat=p&typeid=i","cat":312392},{"id":280419,"n":"Dessert lacté Fraise Blédina dès 6 mois - 4x95g","p":1.9,"u":"5,00 €/KG","img":"https://fd13-photos.leclercdrive.fr/image.ashx?id=2972871&use=l&cat=p&typeid=i","cat":312392},{"id":280420,"n":"Dessert lacté Blédina Vanille dès 6 mois - 4x95g","p":1.72,"u":"4,53 €/KG","img":"https://fd13-photos.leclercdrive.fr/image.ashx?id=2972874&use=l&cat=p&typeid=i","cat":312392},{"id":280425,"n":"Dessert lacté Blédina Mangue Pêche dès 6 mois - 4x95g","p":1.91,"u":"5,03 €/KG","img":"https://fd13-photos.leclercdrive.fr/image.ashx?id=2972877&use=l&cat=p&typeid=i","cat":312392},{"id":280460,"n":"Kit Old El Paso Street Vibes 257g","p":4.65,"u":"18,09 €/KG","img":"https://fd13-photos.leclercdrive.fr/image.ashx?id=2974048&use=l&cat=p&typeid=i","cat":288993},{"id":280474,"n":"Gnocchi à poêler Lustucru Extra moelleux 300g","p":1.77,"u":"5,90 €/KG","img":"https://fd13-photos.leclercdrive.fr/image.ashx?id=2973655&use=l&cat=p&typeid=i","cat":333682},{"id":280480,"n":"Tortilla Old El Paso Nachips BBQ - 185g","p":2.76,"u":"14,92 €/KG","img":"https://fd13-photos.leclercdrive.fr/image.ashx?id=2974051&use=l&cat=p&typeid=i","cat":288993},{"id":280483,"n":"Gnocchi à poêler Lustucru Extra chorizo 280g","p":2.47,"u":"8,82 €/KG","img":"https://fd13-photos.leclercdrive.fr/image.ashx?id=2973646&use=l&cat=p&typeid=i","cat":333682},{"id":280717,"n":"Chocolat Lindt Excellence Fusion sel Noir 85% & Lait-100g","p":3.49,"u":"34,90 €/KG","img":"https://fd13-photos.leclercdrive.fr/image.ashx?id=2975810&use=l&cat=p&typeid=i","cat":284956},{"id":280746,"n":"Chocolat Lindt Excellence  Fusion Noir 70% & Lait - 100g","p":3.5,"u":"35,00 €/KG","img":"https://fd13-photos.leclercdrive.fr/image.ashx?id=2975819&use=l&cat=p&typeid=i","cat":284958},{"id":280750,"n":"Chocolat Lindt Excellence Fusion Noir 70% & Blanc - 100g","p":3.5,"u":"35,00 €/KG","img":"https://fd13-photos.leclercdrive.fr/image.ashx?id=2975822&use=l&cat=p&typeid=i","cat":284956},{"id":280754,"n":"Gel douche Sanex Derma Thérapie Anti-démangeaison - 850ml","p":9.78,"u":"11,51 €/L","img":"https://fd13-photos.leclercdrive.fr/image.ashx?id=2987026&use=l&cat=p&typeid=i","cat":284594},{"id":280758,"n":"Gel douche Sanex Derma Thérapie Anti-dessechement - 850ml","p":9.78,"u":"11,51 €/L","img":"https://fd13-photos.leclercdrive.fr/image.ashx?id=2987029&use=l&cat=p&typeid=i","cat":284594},{"id":280761,"n":"Gel douche Sanex Derma Thérapie 850ml","p":9.78,"u":"11,51 €/L","img":"https://fd13-photos.leclercdrive.fr/image.ashx?id=2987032&use=l&cat=p&typeid=i","cat":284594},{"id":280777,"n":"Préparation Banana Bread Vahiné 300g","p":3.29,"u":"10,97 €/KG","img":"https://fd13-photos.leclercdrive.fr/image.ashx?id=2975873&use=l&cat=p&typeid=i","cat":284505},{"id":280778,"n":"Ketchup tomato Heinz cornichon - 250g","p":1.91,"u":"7,64 €/KG","img":"https://fd13-photos.leclercdrive.fr/image.ashx?id=2976176&use=l&cat=p&typeid=i","cat":284455},{"id":280782,"n":"Sauce sweet chili Heinz 260g","p":2.25,"u":"8,65 €/KG","img":"https://fd13-photos.leclercdrive.fr/image.ashx?id=2976101&use=l&cat=p&typeid=i","cat":318431},{"id":280783,"n":"Sauce korean barbecue Heinz 265g","p":2.06,"u":"7,77 €/KG","img":"https://fd13-photos.leclercdrive.fr/image.ashx?id=2976137&use=l&cat=p&typeid=i","cat":318431},{"id":280784,"n":"Mayonnaise  Heinz Srirachamix - 400g","p":3.88,"u":"9,70 €/KG","img":"https://fd13-photos.leclercdrive.fr/image.ashx?id=2976140&use=l&cat=p&typeid=i","cat":318431},{"id":280786,"n":"Poulet curry Tables du Monde 300g","p":2.69,"u":"8,97 €/KG","img":"https://fd13-photos.leclercdrive.fr/image.ashx?id=2974282&use=l&cat=p&typeid=i","cat":284254},{"id":280878,"n":"Bowl Bonduelle A la mexicaine - 250g","p":2.4,"u":"9,60 €/KG","img":"https://fd13-photos.leclercdrive.fr/image.ashx?id=2996533&use=l&cat=p&typeid=i","cat":328010},{"id":280908,"n":"Pizza DR. Oetker Suprema 5 fromages - 424g","p":4.99,"u":"11,77 €/KG","img":"https://fd13-photos.leclercdrive.fr/image.ashx?id=2993095&use=l&cat=p&typeid=i","cat":284256},{"id":280909,"n":"Pizza DR. Oetker Suprema Salami à la romaine - 425g","p":4.99,"u":"11,74 €/KG","img":"https://fd13-photos.leclercdrive.fr/image.ashx?id=2993092&use=l&cat=p&typeid=i","cat":284256},{"id":280919,"n":"Taboulé Cassegrain Courgettes et poivrons 250g","p":2.71,"u":"10,84 €/KG","img":"https://fd13-photos.leclercdrive.fr/image.ashx?id=2978646&use=l&cat=p&typeid=i","cat":333657},{"id":280922,"n":"Whisky Ballantine's Sweet  Blend 30% - 70cl","p":14.9,"pp":11.92,"u":"17,03 €/L","img":"https://fd13-photos.leclercdrive.fr/image.ashx?id=2981289&use=l&cat=p&typeid=i","cat":284547},{"id":280929,"n":"Brassé végétal Andros Framboise lait de coco 6x100g","p":2.37,"u":"3,95 €/KG","img":"https://fd13-photos.leclercdrive.fr/image.ashx?id=2975662&use=l&cat=p&typeid=i","cat":316071},{"id":280997,"n":"Bowl à l'orientale 250g","p":2.42,"u":"9,68 €/KG","img":"https://fd13-photos.leclercdrive.fr/image.ashx?id=2991921&use=l&cat=p&typeid=i","cat":325094},{"id":281250,"n":"Vinaigre de riz Mizkan 150ml","p":2.82,"u":"18,80 €/L","img":"https://fd13-photos.leclercdrive.fr/image.ashx?id=2978889&use=l&cat=p&typeid=i","cat":288992},{"id":281331,"n":"Bonbons Têtes Brûlées Horror Mix 450g","p":5.91,"u":"13,13 €/KG","img":"https://fd13-photos.leclercdrive.fr/image.ashx?id=2978772&use=l&cat=p&typeid=i","cat":304250},{"id":281332,"n":"bonbons Têtes Brûlées Mini mix 480g","p":5.91,"u":"12,31 €/KG","img":"https://fd13-photos.leclercdrive.fr/image.ashx?id=2978775&use=l&cat=p&typeid=i","cat":304250},{"id":281334,"n":"Bonbons Têtes Brûlées Des bonbons ou un sort 500g","p":5.91,"u":"11,82 €/KG","img":"https://fd13-photos.leclercdrive.fr/image.ashx?id=2978781&use=l&cat=p&typeid=i","cat":304250},{"id":281339,"n":"Bonbons Lutti Giantfeet Fizz 280g","p":2.4,"u":"8,57 €/KG","img":"https://fd13-photos.leclercdrive.fr/image.ashx?id=2978820&use=l&cat=p&typeid=i","cat":304250},{"id":281346,"n":"Bonbons Lutti  Luciver Fizz 280g","p":2.4,"u":"8,57 €/KG","img":"https://fd13-photos.leclercdrive.fr/image.ashx?id=2978838&use=l&cat=p&typeid=i","cat":304250},{"id":281347,"n":"Bonbons Lutti  Papillot' Gummy 200g","p":2.4,"u":"12,00 €/KG","img":"https://fd13-photos.leclercdrive.fr/image.ashx?id=2978841&use=l&cat=p&typeid=i","cat":304250},{"id":281355,"n":"Sucettes Chupa Chups  Fraise Love x16 - 192g","p":2.85,"u":"14,84 €/KG","img":"https://fd13-photos.leclercdrive.fr/image.ashx?id=3009209&use=l&cat=p&typeid=i","cat":304250},{"id":281359,"n":"Sucettes Chupa Chups  Bubble Gum x12 - 144g","p":2.39,"u":"16,60 €/KG","img":"https://fd13-photos.leclercdrive.fr/image.ashx?id=2980167&use=l&cat=p&typeid=i","cat":304250},{"id":281377,"n":"Ketchup Heinz  zéro sel ajouté - 230g","p":1.88,"u":"8,17 €/KG","img":"https://fd13-photos.leclercdrive.fr/image.ashx?id=2978904&use=l&cat=p&typeid=i","cat":284455},{"id":281412,"n":"Pep's recette Manhattan Burger Box - 380g","p":6.32,"u":"16,63 €/KG","img":"https://fd13-photos.leclercdrive.fr/image.ashx?id=2979397&use=l&cat=p&typeid=i","cat":333685},{"id":281420,"n":"Pep's recette Mexico Tacos Box 380g","p":6.32,"u":"16,63 €/KG","img":"https://fd13-photos.leclercdrive.fr/image.ashx?id=2979400&use=l&cat=p&typeid=i","cat":333685},{"id":281422,"n":"Pep's recette Roma Pizza Box 380g","p":6.32,"u":"16,63 €/KG","img":"https://fd13-photos.leclercdrive.fr/image.ashx?id=2979403&use=l&cat=p&typeid=i","cat":333685},{"id":281468,"n":"Boisson énergisante Monster VR46 Canette sans sucre - 50cl","p":1.52,"u":"3,04 €/L","img":"https://fd13-photos.leclercdrive.fr/image.ashx?id=2986825&use=l&cat=p&typeid=i","cat":284533},{"id":281475,"n":"Boisson énergisante Monster Ultra Fantasy sans sucre - 50cl","p":1.65,"u":"3,30 €/L","img":"https://fd13-photos.leclercdrive.fr/image.ashx?id=2986822&use=l&cat=p&typeid=i","cat":284533},{"id":281522,"n":"Boisson végétale Alpro Barista Coco 750ml","p":2.21,"u":"2,95 €/L","img":"https://fd13-photos.leclercdrive.fr/image.ashx?id=2979430&use=l&cat=p&typeid=i","cat":316067},{"id":281524,"n":"Boisson végétale Alpro Avoine 500ml","p":1.66,"u":"3,32 €/L","img":"https://fd13-photos.leclercdrive.fr/image.ashx?id=2986855&use=l&cat=p&typeid=i","cat":316067},{"id":282322,"n":"Thermomètre de bain 2 couleurs panachées","p":3.85,"img":"https://fd13-photos.leclercdrive.fr/image.ashx?id=2983180&use=l&cat=p&typeid=i","cat":289435},{"id":282326,"n":"Tétines plates autonomie+ Tigex +6 mois 4g Lait infantile","p":3.95,"img":"https://fd13-photos.leclercdrive.fr/image.ashx?id=2983186&use=l&cat=p&typeid=i","cat":284743},{"id":282327,"n":"Goupillon Tigex Bout éponge 2en1 - x1","p":3.58,"img":"https://fd13-photos.leclercdrive.fr/image.ashx?id=2983189&use=l&cat=p&typeid=i","cat":284742},{"id":282330,"n":"Biberon col large Poignées Autonomie+ Tigex 300ml +6mois","p":8.1,"img":"https://fd13-photos.leclercdrive.fr/image.ashx?id=2983192&use=l&cat=p&typeid=i","cat":284742},{"id":282332,"n":"Biberon col large Poignées Autonomie+ Tigex 300ml +6mois","p":8.1,"img":"https://fd13-photos.leclercdrive.fr/image.ashx?id=2983195&use=l&cat=p&typeid=i","cat":284742},{"id":282338,"n":"Veilleuse murale Badabulle Gouttes bleues","p":13.9,"u":"Dont 0,05 € d'éco-part.","img":"https://fd13-photos.leclercdrive.fr/image.ashx?id=2983396&use=l&cat=p&typeid=i","cat":289435},{"id":282364,"n":"Ariel grandiose pods couleurs  éclatantes 21lav - 0,762kg","p":12.09,"u":"15,87 €/KG","img":"https://fd13-photos.leclercdrive.fr/image.ashx?id=2985642&use=l&cat=p&typeid=i","cat":284641},{"id":282421,"n":"Veilleuse automatique Safety 1st - Arctic","p":9.99,"u":"Dont 0,02 € d'éco-part.","img":"https://fd13-photos.leclercdrive.fr/image.ashx?id=2983691&use=l&cat=p&typeid=i","cat":289435},{"id":282424,"n":"Goupillon Bébé Confort Avec ventouse","p":4.9,"u":"4,90 €/PRT","img":"https://fd13-photos.leclercdrive.fr/image.ashx?id=2983943&use=l&cat=p&typeid=i","cat":284742},{"id":282440,"n":"Thermomètre de bain bebeconfort Pingouin - Lovely Donkey +0mois","p":4.29,"img":"https://fd13-photos.leclercdrive.fr/image.ashx?id=2984389&use=l&cat=p&typeid=i","cat":289435},{"id":282446,"n":"Sucettes Bebeconfort Eco reversible 6+ - Terra - x2","p":4.9,"img":"https://fd13-photos.leclercdrive.fr/image.ashx?id=2983712&use=l&cat=p&typeid=i","cat":284743},{"id":282676,"n":"Jouets de bain Bebeconfort Splitto - x5 +10mois","p":6.9,"img":"https://fd13-photos.leclercdrive.fr/image.ashx?id=2984209&use=l&cat=p&typeid=i","cat":289435},{"id":283243,"n":"Boxer homme Tissaïa Marine/ Gris/ Vert - T3 x3","p":9.95,"img":"https://fd13-photos.leclercdrive.fr/image.ashx?id=2993871&use=l&cat=p&typeid=i","cat":291524},{"id":283263,"n":"Adoucissant dilué Soupline Grand Air - 1500ml","p":5.55,"u":"3,70 €/L","img":"https://fd13-photos.leclercdrive.fr/image.ashx?id=3004450&use=l&cat=p&typeid=i","cat":284650},{"id":283524,"n":"Poivrons tricolores Panier du Primeur x3","p":2.49,"u":"0,83 €/P","img":"https://fd13-photos.leclercdrive.fr/image.ashx?id=2987653&use=l&cat=p&typeid=i","cat":284352},{"id":283537,"n":"Dahl de lentilles Fleury Michon Sauce coco et riz - 300g","p":3.23,"u":"10,77 €/KG","img":"https://fd13-photos.leclercdrive.fr/image.ashx?id=2988448&use=l&cat=p&typeid=i","cat":333665},{"id":283711,"n":"T-shirt Col rond Homme Tissaïa Blanc Bio T3 - x2","p":10.95,"img":"https://fd13-photos.leclercdrive.fr/image.ashx?id=2993778&use=l&cat=p&typeid=i","cat":291524},{"id":283831,"n":"Oranges Eco+ 1.5kg","p":1.99,"u":"1,33 €/KG","img":"https://fd13-photos.leclercdrive.fr/image.ashx?id=2987650&use=l&cat=p&typeid=i","cat":284356},{"id":284008,"n":"Nestlé I Love Kefir à boire Nature - 500g","p":1.99,"pp":1.31,"u":"2,62 €/KG","img":"https://fd13-photos.leclercdrive.fr/image.ashx?id=2991828&use=l&cat=p&typeid=i","cat":284415},{"id":284009,"n":"Nestlé I Love Kefir à boire Nature - 6x100g","p":2.59,"pp":1.71,"u":"2,85 €/KG","img":"https://fd13-photos.leclercdrive.fr/image.ashx?id=2991831&use=l&cat=p&typeid=i","cat":284415},{"id":284010,"n":"Nestlé I Love Kefir Yaourt Nature - 2x150g","p":2.19,"pp":1.42,"u":"4,73 €/KG","img":"https://fd13-photos.leclercdrive.fr/image.ashx?id=2991834&use=l&cat=p&typeid=i","cat":284409},{"id":284137,"n":"Gel douche Tahiti  Vanille & amande - 3x250ml","p":5.76,"u":"7,68 €/L","img":"https://fd13-photos.leclercdrive.fr/image.ashx?id=2993170&use=l&cat=p&typeid=i","cat":284594},{"id":284140,"n":"Gel douche Tahiti Coco et jasmin - 3x250ml","p":5.76,"u":"7,68 €/L","img":"https://fd13-photos.leclercdrive.fr/image.ashx?id=2993167&use=l&cat=p&typeid=i","cat":284594},{"id":284152,"n":"AOP vin rouge Antoine Barrier  Beaujolais Village nouveau 75cl","p":4.49,"u":"5,99 €/L","img":"https://fd13-photos.leclercdrive.fr/image.ashx?id=2992624&use=l&cat=p&typeid=i","cat":289556},{"id":284155,"n":"AOP vin rouge Antoine Barrier Beaujolais nouveau - 75cl","p":4.75,"u":"6,33 €/L","img":"https://fd13-photos.leclercdrive.fr/image.ashx?id=2993316&use=l&cat=p&typeid=i","cat":289556},{"id":284173,"n":"Boxer homme Tissaïa Noir T2 - x2","p":7.95,"img":"https://fd13-photos.leclercdrive.fr/image.ashx?id=2993760&use=l&cat=p&typeid=i","cat":291524},{"id":284224,"n":"Gateau marbré Schar 250g","p":4.07,"u":"16,28 €/KG","img":"https://fd13-photos.leclercdrive.fr/image.ashx?id=2992338&use=l&cat=p&typeid=i","cat":318654},{"id":284697,"n":"Caleçon jersey homme Tissaïa Noir/Anthracite/Noir T4 - x3","p":9.95,"u":"9,95 €/PRT","img":"https://fd13-photos.leclercdrive.fr/image.ashx?id=2993751&use=l&cat=p&typeid=i","cat":291524},{"id":285014,"n":"Boisson énergisante Monster Ultra Lando Norris - 50cl","p":1.57,"u":"3,14 €/L","img":"https://fd13-photos.leclercdrive.fr/image.ashx?id=3000387&use=l&cat=p&typeid=i","cat":284533},{"id":285719,"n":"Masque Elseve huile  Extraordinaire Coco - 2x310ml","p":14.04,"u":"22,65 €/L","img":"https://fd13-photos.leclercdrive.fr/image.ashx?id=2997811&use=l&cat=p&typeid=i","cat":284608},{"id":285723,"n":"Soin sans rincer Elseve  Cheveux longs - 2x200ml","p":14.63,"u":"36,58 €/L","img":"https://fd13-photos.leclercdrive.fr/image.ashx?id=2997814&use=l&cat=p&typeid=i","cat":284608},{"id":285735,"n":"Masque Elseve Hyaluronic  2x310ml","p":14.04,"u":"22,65 €/L","img":"https://fd13-photos.leclercdrive.fr/image.ashx?id=2997817&use=l&cat=p&typeid=i","cat":284608},{"id":286200,"n":"Pack Nettoyant ménager et  Recharge Cif 870ml","p":7.24,"u":"8,32 €/L","img":"https://fd13-photos.leclercdrive.fr/image.ashx?id=2999601&use=l&cat=p&typeid=i","cat":325357},{"id":286205,"n":"Pack nettoyant ménager et  Recharge Cif 870ml","p":7.24,"u":"8,32 €/L","img":"https://fd13-photos.leclercdrive.fr/image.ashx?id=2999604&use=l&cat=p&typeid=i","cat":325357},{"id":286220,"n":"Pack nettoyant ménager et Recharge Cif 870ml","p":7.24,"u":"8,32 €/L","img":"https://fd13-photos.leclercdrive.fr/image.ashx?id=2999607&use=l&cat=p&typeid=i","cat":325357},{"id":286245,"n":"Bûche glacée Pilpa Vanille caramel spéculoos 534g","p":5.27,"u":"9,87 €/KG","img":"https://fd13-photos.leclercdrive.fr/image.ashx?id=3000039&use=l&cat=p&typeid=i","cat":284266},{"id":286871,"n":"Soda Coca-Cola 4x1.75L","p":7.1,"u":"1,01 €/L","img":"https://fd13-photos.leclercdrive.fr/image.ashx?id=3014865&use=l&cat=p&typeid=i","cat":284530},{"id":286890,"n":"Mini quiches Côté Table x15 - 270g","p":5.5,"u":"20,37 €/KG","img":"https://fd13-photos.leclercdrive.fr/image.ashx?id=3001903&use=l&cat=p&typeid=i","cat":319774},{"id":287549,"n":"Couches naturelles Carryboo Taille 1 - 2 à 5 kg - x24","p":7.2,"u":"0,30 €/P","img":"https://fd13-photos.leclercdrive.fr/image.ashx?id=3005793&use=l&cat=p&typeid=i","cat":284737},{"id":287557,"n":"Dentifrice Sensodyne  Professional blancheur 150ml","p":12.89,"pp":7.73,"u":"51,53 €/L","img":"https://fd13-photos.leclercdrive.fr/image.ashx?id=3009029&use=l&cat=p&typeid=i","cat":284612},{"id":287558,"n":"Déodorant Axe Supreme black 48h fraîcheur 2x200ml","p":6.97,"pp":4.88,"u":"12,20 €/L","img":"https://fd13-photos.leclercdrive.fr/image.ashx?id=3006202&use=l&cat=p&typeid=i","cat":284618},{"id":287560,"n":"Déodorant Axe Supreme Dark Temptation 2x200ml","p":6.97,"pp":4.88,"u":"12,20 €/L","img":"https://fd13-photos.leclercdrive.fr/image.ashx?id=3006205&use=l&cat=p&typeid=i","cat":284618},{"id":287563,"n":"Déodorant Axe Supreme  Ice Cool 2x200ml","p":6.97,"pp":4.88,"u":"12,20 €/L","img":"https://fd13-photos.leclercdrive.fr/image.ashx?id=3006208&use=l&cat=p&typeid=i","cat":284618},{"id":287564,"n":"Déodorant Axe Supreme Provocation 2x200ml","p":6.97,"pp":4.88,"u":"12,20 €/L","img":"https://fd13-photos.leclercdrive.fr/image.ashx?id=3006211&use=l&cat=p&typeid=i","cat":284618},{"id":287566,"n":"Déodorant Axe Supreme  Apollo 2x200ml","p":6.97,"pp":4.88,"u":"12,20 €/L","img":"https://fd13-photos.leclercdrive.fr/image.ashx?id=3006214&use=l&cat=p&typeid=i","cat":284618},{"id":287568,"n":"Délice végétal Andros Chocolat lait d'amande 4+2x100g","p":2.88,"u":"4,80 €/KG","img":"https://fd13-photos.leclercdrive.fr/image.ashx?id=3008797&use=l&cat=p&typeid=i","cat":316071},{"id":287847,"n":"Café L'Or Ouganda kenya en grains - 500g","p":12.48,"u":"24,96 €/KG","img":"https://fd13-photos.leclercdrive.fr/image.ashx?id=3009272&use=l&cat=p&typeid=i","cat":293237},{"id":287850,"n":"Café en grains L'Or Bresil colombie - 500g","p":12.48,"u":"24,96 €/KG","img":"https://fd13-photos.leclercdrive.fr/image.ashx?id=3009269&use=l&cat=p&typeid=i","cat":293237}]}