{"id":"032511-032511","dt":"2025-12-15","p":[{"id":2,"n":"Haricots verts Notre Jardin Extra fins - 345g","p":2.39,"u":"6,93 €/KG","img":"https://fd3-photos.leclercdrive.fr/image.ashx?id=2050624&use=l&cat=p&typeid=i","cat":312606},{"id":3,"n":"Haricots verts Notre Jardin Très fins - 220g","p":0.86,"u":"3,91 €/KG","img":"https://fd3-photos.leclercdrive.fr/image.ashx?id=1993164&use=l&cat=p&typeid=i","cat":312606},{"id":4,"n":"Haricots verts Notre Jardin Très fins - 440g","p":1.15,"u":"2,61 €/KG","img":"https://fd3-photos.leclercdrive.fr/image.ashx?id=2468822&use=l&cat=p&typeid=i","cat":312606},{"id":5,"n":"Haricots verts Notre Jardin Extra fins - 440g","p":1.2,"u":"2,73 €/KG","img":"https://fd3-photos.leclercdrive.fr/image.ashx?id=2291393&use=l&cat=p&typeid=i","cat":312606},{"id":6,"n":"Haricots verts Notre Jardin Extra fins - 220g","p":0.88,"u":"4,00 €/KG","img":"https://fd3-photos.leclercdrive.fr/image.ashx?id=2988003&use=l&cat=p&typeid=i","cat":312606},{"id":7,"n":"Haricots beurre Notre Jardin Très fins - 220g","p":1.11,"u":"5,05 €/KG","img":"https://fd3-photos.leclercdrive.fr/image.ashx?id=2988027&use=l&cat=p&typeid=i","cat":312606},{"id":8,"n":"Haricots beurre Notre Jardin Très fins - 440g","p":1.55,"u":"3,52 €/KG","img":"https://fd3-photos.leclercdrive.fr/image.ashx?id=2988030&use=l&cat=p&typeid=i","cat":312606},{"id":9,"n":"Petits pois Notre Jardin A l'étuvée - Extra fins - 280g","p":0.9,"u":"3,21 €/KG","img":"https://fd3-photos.leclercdrive.fr/image.ashx?id=2375947&use=l&cat=p&typeid=i","cat":312607},{"id":10,"n":"Petits pois Notre Jardin A l'étuvée - Très fins - 280g","p":0.89,"u":"3,18 €/KG","img":"https://fd3-photos.leclercdrive.fr/image.ashx?id=2375950&use=l&cat=p&typeid=i","cat":312607},{"id":11,"n":"Petits pois carottes  Notre Jardin -Extra fins - 530g","p":1.22,"u":"2,30 €/KG","img":"https://fd3-photos.leclercdrive.fr/image.ashx?id=2987961&use=l&cat=p&typeid=i","cat":312607},{"id":12,"n":"Petits pois carottes extra-fins Notre Jardin à l'étuvée 260g","p":0.99,"u":"3,74 €/KG","img":"https://fd3-photos.leclercdrive.fr/image.ashx?id=2987964&use=l&cat=p&typeid=i","cat":312607},{"id":13,"n":"Petits pois carottes Très fins Notre Jardin -A l'étuvée -530g","p":1.33,"u":"2,51 €/KG","img":"https://fd3-photos.leclercdrive.fr/image.ashx?id=2987970&use=l&cat=p&typeid=i","cat":312607},{"id":14,"n":"Carottes Notre Jardin Extra-fines - 265g","p":0.85,"u":"3,21 €/KG","img":"https://fd3-photos.leclercdrive.fr/image.ashx?id=2399150&use=l&cat=p&typeid=i","cat":312607},{"id":15,"n":"Champignons Paris Notre Jardin Entiers - 230g","p":1.47,"u":"6,39 €/KG","img":"https://fd3-photos.leclercdrive.fr/image.ashx?id=2553890&use=l&cat=p&typeid=i","cat":312610},{"id":16,"n":"Champignons Paris Notre Jardin Pieds et morceaux - 230g","p":1.49,"u":"6,48 €/KG","img":"https://fd3-photos.leclercdrive.fr/image.ashx?id=2553896&use=l&cat=p&typeid=i","cat":312610},{"id":17,"n":"Champignons Paris Notre Jardin Emincés - 230g","p":1.07,"u":"4,65 €/KG","img":"https://fd3-photos.leclercdrive.fr/image.ashx?id=2551960&use=l&cat=p&typeid=i","cat":312610},{"id":19,"n":"Flageolets verts Notre Jardin Extra fins - 265g","p":0.99,"u":"3,74 €/KG","img":"https://fd3-photos.leclercdrive.fr/image.ashx?id=1993161&use=l&cat=p&typeid=i","cat":312606},{"id":20,"n":"Macédoine légumes Notre Jardin 265g","p":0.71,"u":"2,68 €/KG","img":"https://fd3-photos.leclercdrive.fr/image.ashx?id=2913648&use=l&cat=p&typeid=i","cat":312612},{"id":21,"n":"Macédoine légumes Notre Jardin - 530g","p":1.23,"u":"2,32 €/KG","img":"https://fd3-photos.leclercdrive.fr/image.ashx?id=2526276&use=l&cat=p&typeid=i","cat":312612},{"id":22,"n":"Garniture de 4 légumes  Notre Jardin - 510g","p":1.74,"u":"3,41 €/KG","img":"https://fd3-photos.leclercdrive.fr/image.ashx?id=2526279&use=l&cat=p&typeid=i","cat":312612},{"id":26,"n":"Pois chiches Notre Jardin 265g","p":0.75,"u":"2,83 €/KG","img":"https://fd3-photos.leclercdrive.fr/image.ashx?id=2988009&use=l&cat=p&typeid=i","cat":312609},{"id":27,"n":"Lentilles préparées Notre  Jardin - 265g","p":0.67,"u":"2,53 €/KG","img":"https://fd3-photos.leclercdrive.fr/image.ashx?id=2987985&use=l&cat=p&typeid=i","cat":312609},{"id":28,"n":"Lentilles Préparées Notre  Jardin - 530g","p":1.15,"u":"2,17 €/KG","img":"https://fd3-photos.leclercdrive.fr/image.ashx?id=2987982&use=l&cat=p&typeid=i","cat":312609},{"id":29,"n":"Haricots rouges Notre Jardin 250g","p":0.84,"u":"3,36 €/KG","img":"https://fd3-photos.leclercdrive.fr/image.ashx?id=2988024&use=l&cat=p&typeid=i","cat":312606},{"id":30,"n":"Pommes de terre Notre Jardin 530g","p":1.29,"u":"2,43 €/KG","img":"https://fd3-photos.leclercdrive.fr/image.ashx?id=2696250&use=l&cat=p&typeid=i","cat":312612},{"id":32,"n":"Coeurs de céleri Notre Jardin - 500g PNE","p":2.99,"u":"5,64 €/KG","img":"https://fd3-photos.leclercdrive.fr/image.ashx?id=2483602&use=l&cat=p&typeid=i","cat":312612},{"id":34,"n":"Garniture de céleris Notre Jardin - 500g","p":1.89,"u":"3,78 €/KG","img":"https://fd3-photos.leclercdrive.fr/image.ashx?id=2526282&use=l&cat=p&typeid=i","cat":312612},{"id":36,"n":"Epinards hâchés Notre Jardin 795g","p":1.65,"u":"2,08 €/KG","img":"https://fd3-photos.leclercdrive.fr/image.ashx?id=2468807&use=l&cat=p&typeid=i","cat":312612},{"id":37,"n":"Epinards hâchés Notre Jardin 395g","p":1.09,"u":"2,76 €/KG","img":"https://fd3-photos.leclercdrive.fr/image.ashx?id=1993152&use=l&cat=p&typeid=i","cat":312612},{"id":39,"n":"Epinards branches Notre Jardin 530g","p":1.69,"u":"3,19 €/KG","img":"https://fd3-photos.leclercdrive.fr/image.ashx?id=2913651&use=l&cat=p&typeid=i","cat":312612},{"id":40,"n":"Coeurs de palmiers Notre Jardin Extra tendres - 500g","p":3.85,"u":"7,70 €/KG","img":"https://fd3-photos.leclercdrive.fr/image.ashx?id=2072698&use=l&cat=p&typeid=i","cat":312611},{"id":42,"n":"Haricots Mungo Notre Jardin 180g","p":1.0,"u":"5,56 €/KG","img":"https://fd3-photos.leclercdrive.fr/image.ashx?id=2072431&use=l&cat=p&typeid=i","cat":312611},{"id":43,"n":"Asperges blanches miniatures Notre Jardin - 110g","p":1.55,"u":"14,09 €/KG","img":"https://fd3-photos.leclercdrive.fr/image.ashx?id=2049019&use=l&cat=p&typeid=i","cat":312611},{"id":44,"n":"Maïs Notre Jardin Tendre - 285g","p":0.96,"u":"3,37 €/KG","img":"https://fd3-photos.leclercdrive.fr/image.ashx?id=3005658&use=l&cat=p&typeid=i","cat":312611},{"id":48,"n":"Thon Saupiquet A la Catalane - 252g","p":1.84,"u":"7,30 €/KG","img":"https://fd3-photos.leclercdrive.fr/image.ashx?id=2860892&use=l&cat=p&typeid=i","cat":303867},{"id":50,"n":"Miettes de thon Pêche Océan Huile de tournesol - 160g","p":1.7,"u":"10,63 €/KG","img":"https://fd3-photos.leclercdrive.fr/image.ashx?id=2941366&use=l&cat=p&typeid=i","cat":303867},{"id":51,"n":"Miettes de thon Pêche Océan Tomate - 160g","p":1.13,"u":"7,06 €/KG","img":"https://fd3-photos.leclercdrive.fr/image.ashx?id=2941378&use=l&cat=p&typeid=i","cat":303867},{"id":52,"n":"Miettes de thon Pêche Océan Tomate - 3x80g","p":1.56,"u":"6,50 €/KG","img":"https://fd3-photos.leclercdrive.fr/image.ashx?id=2941363&use=l&cat=p&typeid=i","cat":303867},{"id":54,"n":"Sardines tomate Pêche Océan 135g","p":1.32,"u":"9,78 €/KG","img":"https://fd3-photos.leclercdrive.fr/image.ashx?id=2694097&use=l&cat=p&typeid=i","cat":305146},{"id":55,"n":"Filets sardines Pêche Océan Huile d'olive Sans arête - 100g","p":1.35,"u":"13,50 €/KG","img":"https://fd3-photos.leclercdrive.fr/image.ashx?id=1986231&use=l&cat=p&typeid=i","cat":305146},{"id":58,"n":"Filets maquereaux Pêche Océan Arômates et Muscadet 176g","p":1.45,"u":"8,24 €/KG","img":"https://fd3-photos.leclercdrive.fr/image.ashx?id=2476948&use=l&cat=p&typeid=i","cat":303868},{"id":59,"n":"Maquereaux Pêche Océan Moutarde de Dijon - 169g","p":1.65,"u":"9,76 €/KG","img":"https://fd3-photos.leclercdrive.fr/image.ashx?id=2488350&use=l&cat=p&typeid=i","cat":303868},{"id":66,"n":"Terrine de campagne Côté Table Cèpes - 180g","p":1.55,"u":"8,61 €/KG","img":"https://fd3-photos.leclercdrive.fr/image.ashx?id=2519414&use=l&cat=p&typeid=i","cat":305149},{"id":68,"n":"Cassoulet Côté Table Saucisses et saucissons - 420g","p":1.15,"u":"2,74 €/KG","img":"https://fd3-photos.leclercdrive.fr/image.ashx?id=2977099&use=l&cat=p&typeid=i","cat":284440},{"id":74,"n":"Choucroute Côté Table garnie 800g","p":2.69,"u":"3,36 €/KG","img":"https://fd3-photos.leclercdrive.fr/image.ashx?id=1847409&use=l&cat=p&typeid=i","cat":284441},{"id":75,"n":"Choucroute Côté Table garnie 400g","p":1.75,"u":"4,38 €/KG","img":"https://fd3-photos.leclercdrive.fr/image.ashx?id=1993170&use=l&cat=p&typeid=i","cat":284441},{"id":76,"n":"Gratin dauphinois Côté Table 850g","p":1.67,"u":"1,96 €/KG","img":"https://fd3-photos.leclercdrive.fr/image.ashx?id=2977117&use=l&cat=p&typeid=i","cat":284441},{"id":77,"n":"Petit salé Côté Table lentilles A l'Auvergnate 840g","p":2.75,"u":"3,27 €/KG","img":"https://fd3-photos.leclercdrive.fr/image.ashx?id=2977108&use=l&cat=p&typeid=i","cat":284441},{"id":78,"n":"Saucisses lentilles Côté Table 840g","p":1.99,"u":"2,37 €/KG","img":"https://fd3-photos.leclercdrive.fr/image.ashx?id=2977102&use=l&cat=p&typeid=i","cat":284441},{"id":79,"n":"Saucisses lentilles Côté Table 420g","p":1.15,"u":"2,74 €/KG","img":"https://fd3-photos.leclercdrive.fr/image.ashx?id=2977105&use=l&cat=p&typeid=i","cat":284441},{"id":80,"n":"Gésiers de canard du Sud-Ouest NRT - 215g","p":6.99,"u":"32,51 €/KG","img":"https://fd3-photos.leclercdrive.fr/image.ashx?id=2723204&use=l&cat=p&typeid=i","cat":284440},{"id":92,"n":"Chips Pom'lisse Nature - 6x30g","p":1.37,"u":"7,61 €/KG","img":"https://fd3-photos.leclercdrive.fr/image.ashx?id=2917317&use=l&cat=p&typeid=i","cat":284447},{"id":97,"n":"Pétales salées Tokapi Soufflés - 75g","p":0.69,"u":"9,20 €/KG","img":"https://fd3-photos.leclercdrive.fr/image.ashx?id=2751874&use=l&cat=p&typeid=i","cat":284449},{"id":104,"n":"Mélange Grillé et salé Tokapi Cacahuètes et noisettes - 120g","p":1.46,"u":"12,17 €/KG","img":"https://fd3-photos.leclercdrive.fr/image.ashx?id=2794100&use=l&cat=p&typeid=i","cat":284448},{"id":105,"n":"Cacahuètes grillées Tokapi Salées - 250g","p":0.85,"u":"3,40 €/KG","img":"https://fd3-photos.leclercdrive.fr/image.ashx?id=2795529&use=l&cat=p&typeid=i","cat":284448},{"id":108,"n":"Noix de cajou grillées Tokapi Salées - 400g","p":4.78,"u":"11,95 €/KG","img":"https://fd3-photos.leclercdrive.fr/image.ashx?id=2793985&use=l&cat=p&typeid=i","cat":284448},{"id":113,"n":"Crackers Tuc Nature Original - 100g","p":0.54,"u":"5,40 €/KG","img":"https://fd3-photos.leclercdrive.fr/image.ashx?id=3002195&use=l&cat=p&typeid=i","cat":297000},{"id":118,"n":"Huile d'olive Puget 1L","p":12.65,"u":"12,65 €/L","img":"https://fd3-photos.leclercdrive.fr/image.ashx?id=2917750&use=l&cat=p&typeid=i","cat":284453},{"id":121,"n":"Huile Fleur de colza Lesieur  1L","p":2.77,"u":"2,77 €/L","img":"https://fd3-photos.leclercdrive.fr/image.ashx?id=2916848&use=l&cat=p&typeid=i","cat":284453},{"id":122,"n":"Huile de friture Rustica Sans odeur - 2L","p":4.45,"u":"2,23 €/L","img":"https://fd3-photos.leclercdrive.fr/image.ashx?id=2916662&use=l&cat=p&typeid=i","cat":284453},{"id":123,"n":"Huile végétale  Rustica Mélange 4 huiles  - 1L","p":2.65,"u":"2,65 €/L","img":"https://fd3-photos.leclercdrive.fr/image.ashx?id=2538134&use=l&cat=p&typeid=i","cat":284453},{"id":124,"n":"Huile d'olive Rustica Vierge extra - 1L","p":8.99,"u":"8,99 €/L","img":"https://fd3-photos.leclercdrive.fr/image.ashx?id=2898011&use=l&cat=p&typeid=i","cat":284453},{"id":125,"n":"Huile de tournesol Rustica  1L","p":1.99,"u":"1,99 €/L","img":"https://fd3-photos.leclercdrive.fr/image.ashx?id=2900319&use=l&cat=p&typeid=i","cat":284453},{"id":126,"n":"Huile de tournesol Rustica 3L","p":5.89,"u":"1,96 €/L","img":"https://fd3-photos.leclercdrive.fr/image.ashx?id=2900322&use=l&cat=p&typeid=i","cat":284453},{"id":127,"n":"Huile de colza Rustica  1L","p":1.76,"u":"1,76 €/L","img":"https://fd3-photos.leclercdrive.fr/image.ashx?id=2500797&use=l&cat=p&typeid=i","cat":284453},{"id":128,"n":"Vinaigre de vin Rustica 75cl","p":0.99,"u":"1,32 €/L","img":"https://fd3-photos.leclercdrive.fr/image.ashx?id=1061150&use=l&cat=p&typeid=i","cat":298543},{"id":129,"n":"Vinaigre de cidre Rustica  75cl","p":0.87,"u":"1,16 €/L","img":"https://fd3-photos.leclercdrive.fr/image.ashx?id=2657190&use=l&cat=p&typeid=i","cat":298543},{"id":130,"n":"Vinaigrette Rustica  Moutarde - 50cl","p":0.89,"u":"1,78 €/L","img":"https://fd3-photos.leclercdrive.fr/image.ashx?id=1950144&use=l&cat=p&typeid=i","cat":284456},{"id":131,"n":"Jus de citron Rustica Sicile - 2x125ml - 250ml","p":1.08,"u":"4,32 €/L","img":"https://fd3-photos.leclercdrive.fr/image.ashx?id=794011&use=l&cat=p&typeid=i","cat":288383},{"id":137,"n":"Gros sel de Camargue NRT Sachet -1kg","p":1.2,"u":"1,20 €/KG","img":"https://fd3-photos.leclercdrive.fr/image.ashx?id=2819956&use=l&cat=p&typeid=i","cat":284457},{"id":138,"n":"Sel fin de Guérande IGP NRT 250g","p":1.35,"u":"5,40 €/KG","img":"https://fd3-photos.leclercdrive.fr/image.ashx?id=2644900&use=l&cat=p&typeid=i","cat":284457},{"id":147,"n":"Olives vertes Rustica  Dénoyautées - 160g","p":0.92,"u":"5,75 €/KG","img":"https://fd3-photos.leclercdrive.fr/image.ashx?id=2499070&use=l&cat=p&typeid=i","cat":284458},{"id":156,"n":"Moutarde de Dijon Rustica  Fine et forte Verre whisky-280g","p":1.94,"u":"6,93 €/KG","img":"https://fd3-photos.leclercdrive.fr/image.ashx?id=2954337&use=l&cat=p&typeid=i","cat":288850},{"id":157,"n":"Moutarde de Dijon AMORA Fine & Forte - 265g","p":1.72,"u":"6,49 €/KG","img":"https://fd3-photos.leclercdrive.fr/image.ashx?id=3004870&use=l&cat=p&typeid=i","cat":288850},{"id":160,"n":"Mayonnaise Lesieur Huile de colza - 175g","p":0.77,"u":"4,40 €/KG","img":"https://fd3-photos.leclercdrive.fr/image.ashx?id=2917702&use=l&cat=p&typeid=i","cat":298295},{"id":169,"n":"Sauce Pesto Panzani Basilic - 200g","p":1.61,"u":"8,05 €/KG","img":"https://fd3-photos.leclercdrive.fr/image.ashx?id=2989093&use=l&cat=p&typeid=i","cat":287599},{"id":172,"n":"Purée de tomates Turini 720ml","p":1.26,"u":"1,75 €/L","img":"https://fd3-photos.leclercdrive.fr/image.ashx?id=2680539&use=l&cat=p&typeid=i","cat":288384},{"id":173,"n":"Pulpe de tomate Notre Jardin En dés - 3x383g","p":2.06,"u":"1,81 €/KG","img":"https://fd3-photos.leclercdrive.fr/image.ashx?id=2826918&use=l&cat=p&typeid=i","cat":288384},{"id":174,"n":"Tomates pelées Notre Jardin Entières - 476g","p":1.4,"u":"2,94 €/KG","img":"https://fd3-photos.leclercdrive.fr/image.ashx?id=2189999&use=l&cat=p&typeid=i","cat":312608},{"id":175,"n":"Sauce bolognaise Turini 420g","p":1.45,"u":"3,45 €/KG","img":"https://fd3-photos.leclercdrive.fr/image.ashx?id=2634860&use=l&cat=p&typeid=i","cat":287599},{"id":177,"n":"Sauce Tomate Turini 2x190g","p":1.39,"u":"3,66 €/KG","img":"https://fd3-photos.leclercdrive.fr/image.ashx?id=2668117&use=l&cat=p&typeid=i","cat":288384},{"id":178,"n":"Sauce Napolitaine Turini 420g","p":0.88,"u":"2,10 €/KG","img":"https://fd3-photos.leclercdrive.fr/image.ashx?id=2441893&use=l&cat=p&typeid=i","cat":287599},{"id":185,"n":"Pâtes Barilla Pipe Rigate - 500g","p":1.02,"u":"2,04 €/KG","img":"https://fd3-photos.leclercdrive.fr/image.ashx?id=2392209&use=l&cat=p&typeid=i","cat":284427},{"id":186,"n":"Pâtes Barilla Penne rigate - 500g","p":0.98,"u":"1,96 €/KG","img":"https://fd3-photos.leclercdrive.fr/image.ashx?id=2392203&use=l&cat=p&typeid=i","cat":284427},{"id":187,"n":"Pâtes Barilla Fusilli - 500g","p":0.98,"u":"1,96 €/KG","img":"https://fd3-photos.leclercdrive.fr/image.ashx?id=2392212&use=l&cat=p&typeid=i","cat":284427},{"id":191,"n":"Pâtes Collezione Barilla Lasagne aux œufs - 500g","p":2.0,"u":"4,00 €/KG","img":"https://fd3-photos.leclercdrive.fr/image.ashx?id=2990997&use=l&cat=p&typeid=i","cat":284427},{"id":192,"n":"Pâtes Barilla Penne rigate - 1kg","p":1.88,"u":"1,88 €/KG","img":"https://fd3-photos.leclercdrive.fr/image.ashx?id=2392191&use=l&cat=p&typeid=i","cat":284427},{"id":193,"n":"Pâtes vermicelles Panzani  500g","p":1.23,"u":"2,46 €/KG","img":"https://fd3-photos.leclercdrive.fr/image.ashx?id=2896072&use=l&cat=p&typeid=i","cat":284427},{"id":194,"n":"Pâtes Coquillettes Panzani 500g","p":0.91,"u":"1,82 €/KG","img":"https://fd3-photos.leclercdrive.fr/image.ashx?id=2870200&use=l&cat=p&typeid=i","cat":284427},{"id":195,"n":"Pâtes macaroni Panzani 500g","p":0.96,"u":"1,92 €/KG","img":"https://fd3-photos.leclercdrive.fr/image.ashx?id=2884297&use=l&cat=p&typeid=i","cat":284427},{"id":196,"n":"Pâtes nouilles fines Panzani 500g","p":1.07,"u":"2,14 €/KG","img":"https://fd3-photos.leclercdrive.fr/image.ashx?id=2876005&use=l&cat=p&typeid=i","cat":284427},{"id":198,"n":"Pâtes Spaghetti Panzani 500g","p":0.88,"u":"1,76 €/KG","img":"https://fd3-photos.leclercdrive.fr/image.ashx?id=2876023&use=l&cat=p&typeid=i","cat":284427},{"id":199,"n":"Pâtes Tagliatelle Panzani Créatives - 500G","p":1.54,"u":"3,08 €/KG","img":"https://fd3-photos.leclercdrive.fr/image.ashx?id=2902936&use=l&cat=p&typeid=i","cat":284427},{"id":200,"n":"Pâtes lasagnes Turini  500g","p":1.29,"u":"2,58 €/KG","img":"https://fd3-photos.leclercdrive.fr/image.ashx?id=2980779&use=l&cat=p&typeid=i","cat":284427},{"id":201,"n":"Pâtes Etoiles Turini 500g","p":1.05,"u":"2,10 €/KG","img":"https://fd3-photos.leclercdrive.fr/image.ashx?id=2744222&use=l&cat=p&typeid=i","cat":284427},{"id":202,"n":"Pâtes Nouilles Turini 500g","p":0.75,"u":"1,50 €/KG","img":"https://fd3-photos.leclercdrive.fr/image.ashx?id=2980462&use=l&cat=p&typeid=i","cat":284427},{"id":203,"n":"Pâtes Torsades Turini 500g","p":0.65,"u":"1,30 €/KG","img":"https://fd3-photos.leclercdrive.fr/image.ashx?id=2980423&use=l&cat=p&typeid=i","cat":284427},{"id":204,"n":"Pâtes Coquillettes Turini 500g","p":0.75,"u":"1,50 €/KG","img":"https://fd3-photos.leclercdrive.fr/image.ashx?id=2980405&use=l&cat=p&typeid=i","cat":284427},{"id":205,"n":"Pâtes Macaroni Turini 500g","p":0.75,"u":"1,50 €/KG","img":"https://fd3-photos.leclercdrive.fr/image.ashx?id=2980417&use=l&cat=p&typeid=i","cat":284427},{"id":206,"n":"Spaghetti Turini 500g","p":0.69,"u":"1,38 €/KG","img":"https://fd3-photos.leclercdrive.fr/image.ashx?id=2980396&use=l&cat=p&typeid=i","cat":284427},{"id":208,"n":"Pâtes gansettes Turini 500g","p":0.98,"u":"1,96 €/KG","img":"https://fd3-photos.leclercdrive.fr/image.ashx?id=2607422&use=l&cat=p&typeid=i","cat":284427},{"id":210,"n":"Pâtes cheveux d'anges Turini 500g","p":0.85,"u":"1,70 €/KG","img":"https://fd3-photos.leclercdrive.fr/image.ashx?id=2980785&use=l&cat=p&typeid=i","cat":284427},{"id":211,"n":"Pâtes Tagliatelles Turini 500g","p":1.29,"u":"2,58 €/KG","img":"https://fd3-photos.leclercdrive.fr/image.ashx?id=2669693&use=l&cat=p&typeid=i","cat":284427},{"id":217,"n":"Riz Thaï Comptoir du Grain Sélection Riz long - 1kg","p":2.2,"u":"2,20 €/KG","img":"https://fd3-photos.leclercdrive.fr/image.ashx?id=2657084&use=l&cat=p&typeid=i","cat":284428},{"id":218,"n":"Riz Basmati Comptoir du Grain Sélection Riz long - 1kg","p":2.55,"u":"2,55 €/KG","img":"https://fd3-photos.leclercdrive.fr/image.ashx?id=2565613&use=l&cat=p&typeid=i","cat":284428},{"id":219,"n":"Riz long Comptoir du Grain Sachet cuisson rapide x5 - 1kg","p":1.74,"u":"1,74 €/KG","img":"https://fd3-photos.leclercdrive.fr/image.ashx?id=1759876&use=l&cat=p&typeid=i","cat":284428},{"id":220,"n":"Couscous moyen Regia 1kg","p":2.27,"u":"2,27 €/KG","img":"https://fd3-photos.leclercdrive.fr/image.ashx?id=2874856&use=l&cat=p&typeid=i","cat":284429},{"id":221,"n":"Couscous Ferrero fin Graine nature - 1kg","p":2.87,"u":"2,87 €/KG","img":"https://fd3-photos.leclercdrive.fr/image.ashx?id=2862215&use=l&cat=p&typeid=i","cat":284429},{"id":224,"n":"Purée pomme de terre Pom'lisse Nature - 4x125g - 500g","p":1.85,"u":"3,70 €/KG","img":"https://fd3-photos.leclercdrive.fr/image.ashx?id=2949403&use=l&cat=p&typeid=i","cat":284431},{"id":225,"n":"Couscous Comptoir du Grain Grain moyen - 1kg","p":1.44,"u":"1,44 €/KG","img":"https://fd3-photos.leclercdrive.fr/image.ashx?id=3012794&use=l&cat=p&typeid=i","cat":284429},{"id":229,"n":"Blé précuit Comptoir du Grain Cuisson rapide 10 min - 500g","p":1.54,"u":"3,08 €/KG","img":"https://fd3-photos.leclercdrive.fr/image.ashx?id=1986243&use=l&cat=p&typeid=i","cat":284429},{"id":230,"n":"Pois cassés Notre Jardin 500g","p":1.05,"u":"2,10 €/KG","img":"https://fd3-photos.leclercdrive.fr/image.ashx?id=2983772&use=l&cat=p&typeid=i","cat":284430},{"id":231,"n":"Lentilles vertes Notre Jardin 500g","p":1.63,"u":"3,26 €/KG","img":"https://fd3-photos.leclercdrive.fr/image.ashx?id=2983778&use=l&cat=p&typeid=i","cat":284430},{"id":238,"n":"Soupe Velouté Régal Soupe Tomates - 1L","p":1.09,"u":"1,09 €/L","img":"https://fd3-photos.leclercdrive.fr/image.ashx?id=2800234&use=l&cat=p&typeid=i","cat":284462},{"id":239,"n":"Soupe Velouté Régal Soupe 10 légumes - 1L","p":1.19,"u":"1,19 €/L","img":"https://fd3-photos.leclercdrive.fr/image.ashx?id=2983781&use=l&cat=p&typeid=i","cat":284462},{"id":240,"n":"Soupe Régal Soupe Poireaux Pommes de terre - 1L","p":1.19,"u":"1,19 €/L","img":"https://fd3-photos.leclercdrive.fr/image.ashx?id=2983784&use=l&cat=p&typeid=i","cat":284462},{"id":241,"n":"Soupe Mouliné Régal Soupe 10 légumes variés - 1L","p":1.08,"u":"1,08 €/L","img":"https://fd3-photos.leclercdrive.fr/image.ashx?id=2607353&use=l&cat=p&typeid=i","cat":284462},{"id":242,"n":"Soupe Velouté Régal Soupe Potiron - 1L","p":1.35,"u":"1,35 €/L","img":"https://fd3-photos.leclercdrive.fr/image.ashx?id=2983787&use=l&cat=p&typeid=i","cat":284462},{"id":255,"n":"Arôme Saveur Maggi 250g","p":1.86,"u":"7,44 €/KG","img":"https://fd3-photos.leclercdrive.fr/image.ashx?id=2671960&use=l&cat=p&typeid=i","cat":288379},{"id":267,"n":"Biscuits Petit Ecolier LU Chocolat au lait - 120g","p":2.11,"u":"17,58 €/KG","img":"https://fd3-photos.leclercdrive.fr/image.ashx?id=3014404&use=l&cat=p&typeid=i","cat":284488},{"id":270,"n":"Biscuits Petit Ecolier LU Chocolat noir - 150g","p":1.73,"u":"11,53 €/KG","img":"https://fd3-photos.leclercdrive.fr/image.ashx?id=2944359&use=l&cat=p&typeid=i","cat":284488},{"id":274,"n":"Biscuits Pocket Prince Chocolat - 400g","p":2.51,"u":"6,28 €/KG","img":"https://fd3-photos.leclercdrive.fr/image.ashx?id=3002207&use=l&cat=p&typeid=i","cat":284488},{"id":278,"n":"Biscuits La Barquette Lulu LU Chocolat noisettes - 2x120g","p":1.99,"u":"8,29 €/KG","img":"https://fd3-photos.leclercdrive.fr/image.ashx?id=2135740&use=l&cat=p&typeid=i","cat":284488},{"id":280,"n":"Biscuits Petits cœurs LU Chocolat - 180g","p":2.4,"u":"13,33 €/KG","img":"https://fd3-photos.leclercdrive.fr/image.ashx?id=3002024&use=l&cat=p&typeid=i","cat":284488},{"id":281,"n":"Gâteaux moelleux Lulu LU Coqueline Chocolat - 165g","p":1.65,"u":"10,00 €/KG","img":"https://fd3-photos.leclercdrive.fr/image.ashx?id=3001946&use=l&cat=p&typeid=i","cat":284495},{"id":282,"n":"Gâteaux L'Ourson Lulu LU Chocolat - 300g","p":2.82,"u":"9,40 €/KG","img":"https://fd3-photos.leclercdrive.fr/image.ashx?id=2182888&use=l&cat=p&typeid=i","cat":284495},{"id":283,"n":"Biscuit Petit beurre P'tit Déli Chocolat au lait pocket - 250g","p":2.25,"u":"9,00 €/KG","img":"https://fd3-photos.leclercdrive.fr/image.ashx?id=2919589&use=l&cat=p&typeid=i","cat":284488},{"id":284,"n":"Biscuits P'tit Déli ronds Chocolat lait 200g","p":1.2,"u":"6,00 €/KG","img":"https://fd3-photos.leclercdrive.fr/image.ashx?id=2884210&use=l&cat=p&typeid=i","cat":284488},{"id":286,"n":"Biscuits barquette P'tit Déli Chocolat et noisette x18 - 120g","p":0.89,"u":"7,42 €/KG","img":"https://fd3-photos.leclercdrive.fr/image.ashx?id=2705065&use=l&cat=p&typeid=i","cat":284488},{"id":288,"n":"Gaufrettes P'tit Déli  Enrobées chocolat 150g","p":1.59,"u":"10,60 €/KG","img":"https://fd3-photos.leclercdrive.fr/image.ashx?id=2965416&use=l&cat=p&typeid=i","cat":284488},{"id":289,"n":"Mini goûters P'tit Déli Chocolat 168g","p":1.13,"u":"6,73 €/KG","img":"https://fd3-photos.leclercdrive.fr/image.ashx?id=2321941&use=l&cat=p&typeid=i","cat":284488},{"id":290,"n":"Biscuits P'tit Déli Bâtonnets Chocolat 150g","p":1.19,"u":"7,93 €/KG","img":"https://fd3-photos.leclercdrive.fr/image.ashx?id=2470189&use=l&cat=p&typeid=i","cat":284488},{"id":291,"n":"Goûter Moelleux P'tit Déli  Lait et cacao x10 420g","p":2.81,"u":"6,69 €/KG","img":"https://fd3-photos.leclercdrive.fr/image.ashx?id=2610684&use=l&cat=p&typeid=i","cat":284495},{"id":292,"n":"Biscuits fourrés P'tit Déli Coeur fondant chocolat - 225g","p":1.26,"u":"5,60 €/KG","img":"https://fd3-photos.leclercdrive.fr/image.ashx?id=2932393&use=l&cat=p&typeid=i","cat":284488},{"id":296,"n":"Biscuits La Barquette Lulu LU Fraise - 2x120g","p":2.08,"u":"8,67 €/KG","img":"https://fd3-photos.leclercdrive.fr/image.ashx?id=3001952&use=l&cat=p&typeid=i","cat":284489},{"id":298,"n":"Gâteaux moelleux Lulu LU Coqueline Fraise - 165g","p":1.4,"u":"8,48 €/KG","img":"https://fd3-photos.leclercdrive.fr/image.ashx?id=2977252&use=l&cat=p&typeid=i","cat":284495},{"id":304,"n":"Génoises fourrées P'tit Déli - 150g","p":1.39,"u":"9,27 €/KG","img":"https://fd3-photos.leclercdrive.fr/image.ashx?id=2470192&use=l&cat=p&typeid=i","cat":284489},{"id":310,"n":"Biscuits boudoirs P'tit Déli Aux oeufs - 175g","p":1.38,"u":"7,89 €/KG","img":"https://fd3-photos.leclercdrive.fr/image.ashx?id=1947342&use=l&cat=p&typeid=i","cat":284487},{"id":313,"n":"Biscuits palmiers P'tit Déli 100g","p":0.6,"u":"6,00 €/KG","img":"https://fd3-photos.leclercdrive.fr/image.ashx?id=2940896&use=l&cat=p&typeid=i","cat":284487},{"id":314,"n":"Biscuits langue chat P'tit Déli 200g","p":1.28,"u":"6,40 €/KG","img":"https://fd3-photos.leclercdrive.fr/image.ashx?id=1875827&use=l&cat=p&typeid=i","cat":284487},{"id":315,"n":"Biscuits cigarettes P'tit Déli Fines 180g","p":0.95,"u":"5,28 €/KG","img":"https://fd3-photos.leclercdrive.fr/image.ashx?id=2907039&use=l&cat=p&typeid=i","cat":284487},{"id":321,"n":"Cake fruits Brossard 500g","p":4.17,"u":"8,34 €/KG","img":"https://fd3-photos.leclercdrive.fr/image.ashx?id=2983105&use=l&cat=p&typeid=i","cat":284493},{"id":322,"n":"Cake anglais Brossard 400g","p":2.97,"u":"7,43 €/KG","img":"https://fd3-photos.leclercdrive.fr/image.ashx?id=2456795&use=l&cat=p&typeid=i","cat":284493},{"id":323,"n":"Gâteaux Mini roulés Pépito Chocolat - 150g","p":1.75,"u":"11,67 €/KG","img":"https://fd3-photos.leclercdrive.fr/image.ashx?id=2331898&use=l&cat=p&typeid=i","cat":284495},{"id":325,"n":"Galettes Bretonnes P'tit Déli Pur beurre - 125g","p":0.73,"u":"5,84 €/KG","img":"https://fd3-photos.leclercdrive.fr/image.ashx?id=2847943&use=l&cat=p&typeid=i","cat":284487},{"id":327,"n":"Biscuits P'tit Déli Cookies Chocolat nougatine 200g","p":1.35,"u":"6,75 €/KG","img":"https://fd3-photos.leclercdrive.fr/image.ashx?id=2900022&use=l&cat=p&typeid=i","cat":325066},{"id":328,"n":"Biscuits Cookies P'tit Déli Chocolat pépite chocolat - 200g","p":1.35,"u":"6,75 €/KG","img":"https://fd3-photos.leclercdrive.fr/image.ashx?id=2900025&use=l&cat=p&typeid=i","cat":325066},{"id":329,"n":"Biscuits Bastogne LU Originale - 260g","p":1.54,"u":"5,92 €/KG","img":"https://fd3-photos.leclercdrive.fr/image.ashx?id=2346765&use=l&cat=p&typeid=i","cat":284487},{"id":332,"n":"Biscuits petit déjeuner Belvita Céréales & Lait - 400g","p":2.84,"u":"7,10 €/KG","img":"https://fd3-photos.leclercdrive.fr/image.ashx?id=2959841&use=l&cat=p&typeid=i","cat":284491},{"id":345,"n":"Pain de mie Harrys - Nature Longue conservation - 250g","p":0.79,"u":"3,16 €/KG","img":"https://fd3-photos.leclercdrive.fr/image.ashx?id=2507976&use=l&cat=p&typeid=i","cat":284477},{"id":350,"n":"Pain de mie nature Epi d'Or Grandes tranches - 550g","p":1.09,"u":"1,98 €/KG","img":"https://fd3-photos.leclercdrive.fr/image.ashx?id=2860700&use=l&cat=p&typeid=i","cat":284477},{"id":360,"n":"Pains au lait Epi d'Or Pépites chocolat - 350g","p":2.29,"u":"6,54 €/KG","img":"https://fd3-photos.leclercdrive.fr/image.ashx?id=2867895&use=l&cat=p&typeid=i","cat":293505},{"id":361,"n":"Brioche tranchée Epi d'Or Nature - 500g","p":1.65,"u":"3,30 €/KG","img":"https://fd3-photos.leclercdrive.fr/image.ashx?id=2860694&use=l&cat=p&typeid=i","cat":284478},{"id":362,"n":"Briochettes Epi d'Or Nature x12 - 480g","p":1.49,"u":"3,10 €/KG","img":"https://fd3-photos.leclercdrive.fr/image.ashx?id=2860709&use=l&cat=p&typeid=i","cat":284478},{"id":363,"n":"Pains au lait Epi d'Or x10 - 350g","p":1.19,"u":"3,40 €/KG","img":"https://fd3-photos.leclercdrive.fr/image.ashx?id=2860688&use=l&cat=p&typeid=i","cat":293505},{"id":364,"n":"Pains au chocolat Epi d'Or x8 - 360g","p":1.89,"u":"5,25 €/KG","img":"https://fd3-photos.leclercdrive.fr/image.ashx?id=2860691&use=l&cat=p&typeid=i","cat":296366},{"id":367,"n":"Barre patissière P'tit Déli 800g","p":2.2,"u":"2,75 €/KG","img":"https://fd3-photos.leclercdrive.fr/image.ashx?id=2074379&use=l&cat=p&typeid=i","cat":294776},{"id":368,"n":"Madeleine P'tit Déli coquilles Sachet 1kg","p":3.4,"u":"3,40 €/KG","img":"https://fd3-photos.leclercdrive.fr/image.ashx?id=2999493&use=l&cat=p&typeid=i","cat":284492},{"id":369,"n":"Marbré P'tit Déli 300g","p":1.89,"u":"6,30 €/KG","img":"https://fd3-photos.leclercdrive.fr/image.ashx?id=2562698&use=l&cat=p&typeid=i","cat":294776},{"id":373,"n":"Biscottes Plaine Vie Heudebert  Sans sel - 300g","p":1.6,"u":"5,33 €/KG","img":"https://fd3-photos.leclercdrive.fr/image.ashx?id=2870572&use=l&cat=p&typeid=i","cat":284479},{"id":375,"n":"Biscottes fourrées Cracotte LU  Framboise - 200g","p":1.7,"u":"8,50 €/KG","img":"https://fd3-photos.leclercdrive.fr/image.ashx?id=2873844&use=l&cat=p&typeid=i","cat":284479},{"id":376,"n":"Biscottes Cracotte LU  Froment - 250g","p":1.64,"u":"6,56 €/KG","img":"https://fd3-photos.leclercdrive.fr/image.ashx?id=3002006&use=l&cat=p&typeid=i","cat":284479},{"id":377,"n":"Biscottes Cracotte LU Gourmande - 250g","p":1.82,"u":"7,28 €/KG","img":"https://fd3-photos.leclercdrive.fr/image.ashx?id=3002009&use=l&cat=p&typeid=i","cat":284479},{"id":378,"n":"Biscottes Cracotte LU  Céréales complètes - 250g","p":1.88,"u":"7,52 €/KG","img":"https://fd3-photos.leclercdrive.fr/image.ashx?id=3002012&use=l&cat=p&typeid=i","cat":284479},{"id":382,"n":"Biscottes Epi d'Or 6 céréales x36 - 300g","p":1.22,"u":"4,07 €/KG","img":"https://fd3-photos.leclercdrive.fr/image.ashx?id=2532832&use=l&cat=p&typeid=i","cat":284479},{"id":384,"n":"Biscottes Epi d'Or froment x36 - 300g","p":1.37,"u":"4,57 €/KG","img":"https://fd3-photos.leclercdrive.fr/image.ashx?id=2634854&use=l&cat=p&typeid=i","cat":284479},{"id":388,"n":"Tartines craquantes Epi d'Or  Froment - 250g","p":1.05,"u":"4,20 €/KG","img":"https://fd3-photos.leclercdrive.fr/image.ashx?id=2856121&use=l&cat=p&typeid=i","cat":284479},{"id":399,"n":"Café moulu Plantation Intense et aromatique - 2x250g","p":6.8,"u":"13,60 €/KG","img":"https://fd3-photos.leclercdrive.fr/image.ashx?id=2607398&use=l&cat=p&typeid=i","cat":284750},{"id":400,"n":"Café moulu Plantation  Intense et aromatique - 250g","p":3.5,"u":"14,00 €/KG","img":"https://fd3-photos.leclercdrive.fr/image.ashx?id=2555050&use=l&cat=p&typeid=i","cat":284750},{"id":401,"n":"Café moulu Plantation  Brésil - 2x250g","p":7.19,"u":"14,38 €/KG","img":"https://fd3-photos.leclercdrive.fr/image.ashx?id=2824247&use=l&cat=p&typeid=i","cat":284750},{"id":402,"n":"Café moulu Plantation  Tradition - 4x250g","p":9.69,"u":"9,69 €/KG","img":"https://fd3-photos.leclercdrive.fr/image.ashx?id=2824250&use=l&cat=p&typeid=i","cat":284750},{"id":405,"n":"Café Soluble Nescafé Spécial Filtre Original - 200g","p":7.85,"u":"39,25 €/KG","img":"https://fd3-photos.leclercdrive.fr/image.ashx?id=2837154&use=l&cat=p&typeid=i","cat":284843},{"id":406,"n":"Café soluble Nescafé Capuccino - x10 - 140g","p":2.86,"u":"20,43 €/KG","img":"https://fd3-photos.leclercdrive.fr/image.ashx?id=2729929&use=l&cat=p&typeid=i","cat":284843},{"id":407,"n":"Café et Chicorée Soluble Ricoré Lait - 400g","p":6.72,"u":"16,80 €/KG","img":"https://fd3-photos.leclercdrive.fr/image.ashx?id=2979617&use=l&cat=p&typeid=i","cat":284843},{"id":435,"n":"Infusion Tiséa Tilleul Menthe - x25","p":1.05,"u":"26,25 €/KG","img":"https://fd3-photos.leclercdrive.fr/image.ashx?id=2481748&use=l&cat=p&typeid=i","cat":293234},{"id":436,"n":"Infusion Tiséa Verveine - x25","p":0.92,"u":"23,00 €/KG","img":"https://fd3-photos.leclercdrive.fr/image.ashx?id=2900328&use=l&cat=p&typeid=i","cat":293234},{"id":437,"n":"Infusion Tiséa Verveine Orange - x25","p":1.34,"u":"33,50 €/KG","img":"https://fd3-photos.leclercdrive.fr/image.ashx?id=2757915&use=l&cat=p&typeid=i","cat":293234},{"id":444,"n":"Lait en poudre Régilait Demi écrémé - 300g","p":2.68,"u":"8,93 €/KG","img":"https://fd3-photos.leclercdrive.fr/image.ashx?id=2110077&use=l&cat=p&typeid=i","cat":299162},{"id":446,"n":"Lait en poudre Délisse Ecrémé - 300g","p":2.1,"u":"7,00 €/KG","img":"https://fd3-photos.leclercdrive.fr/image.ashx?id=2545467&use=l&cat=p&typeid=i","cat":299162},{"id":451,"n":"Confiture Bonne Maman Abricots - 370g","p":1.64,"u":"4,43 €/KG","img":"https://fd3-photos.leclercdrive.fr/image.ashx?id=3001275&use=l&cat=p&typeid=i","cat":284480},{"id":452,"n":"Confiture Bonne Maman Mûres 370g","p":2.47,"u":"6,68 €/KG","img":"https://fd3-photos.leclercdrive.fr/image.ashx?id=2348379&use=l&cat=p&typeid=i","cat":284480},{"id":453,"n":"Confiture extra figues NRT De Provence - 315g","p":2.64,"u":"8,38 €/KG","img":"https://fd3-photos.leclercdrive.fr/image.ashx?id=2699801&use=l&cat=p&typeid=i","cat":284480},{"id":456,"n":"Céréales Golden Grahams Nestlé 375g","p":2.27,"u":"6,05 €/KG","img":"https://fd3-photos.leclercdrive.fr/image.ashx?id=2979830&use=l&cat=p&typeid=i","cat":309513},{"id":473,"n":"Céréales Lion Nestlé Caramel et Chocolat - 400g","p":2.62,"u":"6,55 €/KG","img":"https://fd3-photos.leclercdrive.fr/image.ashx?id=2927453&use=l&cat=p&typeid=i","cat":309513},{"id":486,"n":"Sucre en poudre Saint Louis 1kg","p":1.81,"u":"1,81 €/KG","img":"https://fd3-photos.leclercdrive.fr/image.ashx?id=2624239&use=l&cat=p&typeid=i","cat":284502},{"id":489,"n":"Tutti Free blanc Morceaux - 290g","p":2.09,"u":"7,21 €/KG","img":"https://fd3-photos.leclercdrive.fr/image.ashx?id=2504302&use=l&cat=p&typeid=i","cat":284502},{"id":491,"n":"Levure boulangère Francine 30g","p":1.16,"u":"38,67 €/KG","img":"https://fd3-photos.leclercdrive.fr/image.ashx?id=2210083&use=l&cat=p&typeid=i","cat":294686},{"id":492,"n":"Farine fluide Tablier Blanc Sans grumeaux - 1kg","p":0.85,"u":"0,85 €/KG","img":"https://fd3-photos.leclercdrive.fr/image.ashx?id=2832628&use=l&cat=p&typeid=i","cat":284503},{"id":494,"n":"Levure boulangère Alsa Briochin - x5 - 27.5g","p":0.96,"u":"34,29 €/KG","img":"https://fd3-photos.leclercdrive.fr/image.ashx?id=3007906&use=l&cat=p&typeid=i","cat":294686},{"id":495,"n":"Sucre vanilliné Tablier Blanc x10 - 75g","p":0.73,"u":"9,73 €/KG","img":"https://fd3-photos.leclercdrive.fr/image.ashx?id=2487434&use=l&cat=p&typeid=i","cat":284504},{"id":496,"n":"Sucre Vanillé des Isles Alsa x7 - 52.5g","p":2.65,"u":"50,96 €/KG","img":"https://fd3-photos.leclercdrive.fr/image.ashx?id=2965867&use=l&cat=p&typeid=i","cat":294686},{"id":497,"n":"Sucre Vanillé Alsa x12 - 90g","p":2.06,"u":"22,89 €/KG","img":"https://fd3-photos.leclercdrive.fr/image.ashx?id=3004459&use=l&cat=p&typeid=i","cat":294686},{"id":528,"n":"Bonbons Copains Copines Cola acide - 275 g","p":1.53,"u":"5,56 €/KG","img":"https://fd3-photos.leclercdrive.fr/image.ashx?id=2934658&use=l&cat=p&typeid=i","cat":304250},{"id":529,"n":"Bonbons Copains Copines Chocours 200g","p":1.25,"u":"6,25 €/KG","img":"https://fd3-photos.leclercdrive.fr/image.ashx?id=2934649&use=l&cat=p&typeid=i","cat":304250},{"id":547,"n":"Eau de source de Montagne 5L","p":0.87,"u":"0,17 €/L","img":"https://fd3-photos.leclercdrive.fr/image.ashx?id=2699420&use=l&cat=p&typeid=i","cat":284535},{"id":567,"n":"Eau gazeuse San Pellegrino Minérale naturelle - 6x50cl","p":2.94,"u":"0,98 €/L","img":"https://fd3-photos.leclercdrive.fr/image.ashx?id=2145871&use=l&cat=p&typeid=i","cat":284536},{"id":591,"n":"Sirop Frucci Citron - 75cl","p":1.69,"u":"2,25 €/L","img":"https://fd3-photos.leclercdrive.fr/image.ashx?id=2842214&use=l&cat=p&typeid=i","cat":295020},{"id":592,"n":"Sirop Frucci Grenadine - 75cl","p":1.99,"u":"2,65 €/L","img":"https://fd3-photos.leclercdrive.fr/image.ashx?id=2842220&use=l&cat=p&typeid=i","cat":295020},{"id":593,"n":"Sirop Frucci Pêche - 75cl","p":2.39,"u":"3,19 €/L","img":"https://fd3-photos.leclercdrive.fr/image.ashx?id=2842226&use=l&cat=p&typeid=i","cat":295020},{"id":594,"n":"Sirop Frucci Framboise - 75cl","p":3.52,"u":"4,69 €/L","img":"https://fd3-photos.leclercdrive.fr/image.ashx?id=2909867&use=l&cat=p&typeid=i","cat":295020},{"id":595,"n":"Sirop Frucci Fraise - 75cl","p":2.69,"u":"3,59 €/L","img":"https://fd3-photos.leclercdrive.fr/image.ashx?id=2842232&use=l&cat=p&typeid=i","cat":295020},{"id":596,"n":"Sirop Frucci Cassis - 75cl","p":2.94,"u":"3,92 €/L","img":"https://fd3-photos.leclercdrive.fr/image.ashx?id=2842238&use=l&cat=p&typeid=i","cat":295020},{"id":598,"n":"100% Pur jus de tomate Jafaden bouteille plastique -1L","p":2.05,"u":"2,05 €/L","img":"https://fd3-photos.leclercdrive.fr/image.ashx?id=2860682&use=l&cat=p&typeid=i","cat":284523},{"id":613,"n":"Jus d'orange Jafaden A base de concentré - 6x20cl","p":1.99,"u":"1,66 €/L","img":"https://fd3-photos.leclercdrive.fr/image.ashx?id=2751871&use=l&cat=p&typeid=i","cat":284524},{"id":617,"n":"100% Pur jus d'orange Jafaden  Sans pulpe - 1,5L","p":2.65,"u":"1,77 €/L","img":"https://fd3-photos.leclercdrive.fr/image.ashx?id=2842468&use=l&cat=p&typeid=i","cat":284521},{"id":618,"n":"Nectar d'orange Jafaden Avec pulpe - 1L","p":1.69,"u":"1,69 €/L","img":"https://fd3-photos.leclercdrive.fr/image.ashx?id=2955638&use=l&cat=p&typeid=i","cat":284521},{"id":621,"n":"100% Pur jus d'orange Jafaden  Sans pulpe - 2L","p":3.49,"u":"1,75 €/L","img":"https://fd3-photos.leclercdrive.fr/image.ashx?id=2842456&use=l&cat=p&typeid=i","cat":284521},{"id":624,"n":"Pur Jus de pommes NRT De Bretagne - 1L","p":2.53,"u":"2,53 €/L","img":"https://fd3-photos.leclercdrive.fr/image.ashx?id=2590463&use=l&cat=p&typeid=i","cat":284522},{"id":625,"n":"Pur jus raisin Jafaden 1L","p":1.55,"u":"1,55 €/L","img":"https://fd3-photos.leclercdrive.fr/image.ashx?id=2955626&use=l&cat=p&typeid=i","cat":284915},{"id":627,"n":"Jus pamplemousse rose Jafaden A base de concentré - 1L","p":1.55,"u":"1,55 €/L","img":"https://fd3-photos.leclercdrive.fr/image.ashx?id=2520005&use=l&cat=p&typeid=i","cat":284914},{"id":630,"n":"Nectar Jafaden Orange banane - 2L","p":3.19,"u":"1,60 €/L","img":"https://fd3-photos.leclercdrive.fr/image.ashx?id=2955680&use=l&cat=p&typeid=i","cat":284915},{"id":632,"n":"Jus ananas Jafaden A base de concentré 1L","p":1.75,"u":"1,75 €/L","img":"https://fd3-photos.leclercdrive.fr/image.ashx?id=2919592&use=l&cat=p&typeid=i","cat":284916},{"id":638,"n":"Jus multifruits Jafaden 1L","p":1.89,"u":"1,89 €/L","img":"https://fd3-photos.leclercdrive.fr/image.ashx?id=2916659&use=l&cat=p&typeid=i","cat":285435},{"id":656,"n":"Soda Jean's Cola Canette - 6x33cl","p":2.28,"u":"1,15 €/L","img":"https://fd3-photos.leclercdrive.fr/image.ashx?id=2637829&use=l&cat=p&typeid=i","cat":284530},{"id":657,"n":"Soda Jean's Cola allégé Bouteille - 1,5L","p":0.87,"u":"0,58 €/L","img":"https://fd3-photos.leclercdrive.fr/image.ashx?id=2874681&use=l&cat=p&typeid=i","cat":284530},{"id":668,"n":"Limonade artisanale NRT 1L","p":2.75,"u":"2,75 €/L","img":"https://fd3-photos.leclercdrive.fr/image.ashx?id=2791066&use=l&cat=p&typeid=i","cat":284531},{"id":669,"n":"Limonade des Pyrénées NRT 6x33cl","p":3.36,"u":"1,70 €/L","img":"https://fd3-photos.leclercdrive.fr/image.ashx?id=2771055&use=l&cat=p&typeid=i","cat":284531},{"id":689,"n":"Thé glacé Fresh Tea Pêche - Canette -  6x33cl","p":2.49,"u":"1,26 €/L","img":"https://fd3-photos.leclercdrive.fr/image.ashx?id=2622239&use=l&cat=p&typeid=i","cat":295019},{"id":700,"n":"Bière blonde 1664 5,5° - 4x50cl canettes","p":4.78,"u":"2,39 €/L","img":"https://fd3-photos.leclercdrive.fr/image.ashx?id=2793536&use=l&cat=p&typeid=i","cat":334853},{"id":726,"n":"Bière blonde Amsterdam  Maximator 11.6% vol. - 50cl","p":1.79,"u":"3,58 €/L","img":"https://fd3-photos.leclercdrive.fr/image.ashx?id=2190897&use=l&cat=p&typeid=i","cat":334853},{"id":737,"n":"Rhum blanc Lagoa 40%vol - 70cl","p":9.99,"u":"14,27 €/L","img":"https://fd3-photos.leclercdrive.fr/image.ashx?id=2966469&use=l&cat=p&typeid=i","cat":284550},{"id":741,"n":"IGP Pays d'Oc Chardonnay Blanc Vieux Carion 13% vol -75 cl","p":2.75,"u":"3,67 €/L","img":"https://fd3-photos.leclercdrive.fr/image.ashx?id=2874690&use=l&cat=p&typeid=i","cat":289557},{"id":742,"n":"AOP Cabernet d'Anjou vin rosé Les Caractères - BIB 3L - 11%","p":13.49,"u":"4,50 €/L","img":"https://fd3-photos.leclercdrive.fr/image.ashx?id=2796523&use=l&cat=p&typeid=i","cat":289560},{"id":744,"n":"Cidre bouché Les Goelleries Breton brut 5%vol. - 75cl","p":1.99,"u":"2,65 €/L","img":"https://fd3-photos.leclercdrive.fr/image.ashx?id=2842184&use=l&cat=p&typeid=i","cat":334880},{"id":749,"n":"Camembert Les Croisés 20%MG - 250g","p":1.53,"u":"6,12 €/KG","img":"https://fd3-photos.leclercdrive.fr/image.ashx?id=2974762&use=l&cat=p&typeid=i","cat":314033},{"id":750,"n":"Camembert de Pays Les Croisés 21% mg - 250 gr","p":1.75,"u":"7,00 €/KG","img":"https://fd3-photos.leclercdrive.fr/image.ashx?id=2974795&use=l&cat=p&typeid=i","cat":314033},{"id":760,"n":"Emmental fromage bloc Les Croisés - 250g","p":2.24,"u":"8,96 €/KG","img":"https://fd3-photos.leclercdrive.fr/image.ashx?id=2904550&use=l&cat=p&typeid=i","cat":314034},{"id":768,"n":"Fromage de chèvre Les Croisés Lait pasteurisé 22%mg - 180g","p":2.29,"u":"12,72 €/KG","img":"https://fd3-photos.leclercdrive.fr/image.ashx?id=2048615&use=l&cat=p&typeid=i","cat":314031},{"id":769,"n":"Fromage de Brebis Les Croisés -Tranche - 200g","p":2.22,"u":"11,10 €/KG","img":"https://fd3-photos.leclercdrive.fr/image.ashx?id=2237499&use=l&cat=p&typeid=i","cat":314031},{"id":785,"n":"Rondelé ail et fines herbes 125g","p":1.67,"u":"13,36 €/KG","img":"https://fd3-photos.leclercdrive.fr/image.ashx?id=2967756&use=l&cat=p&typeid=i","cat":314029},{"id":786,"n":"Chaussée aux Moines 450g","p":3.99,"u":"8,87 €/KG","img":"https://fd3-photos.leclercdrive.fr/image.ashx?id=2771166&use=l&cat=p&typeid=i","cat":329184},{"id":787,"n":"Fromage L'Ortolan  Fromagerie Milleret - 250g","p":2.55,"u":"10,20 €/KG","img":"https://fd3-photos.leclercdrive.fr/image.ashx?id=2450913&use=l&cat=p&typeid=i","cat":314033},{"id":795,"n":"Fromage Brique Les Croisés Lait pasteurisé 60%mg - 200g","p":1.74,"u":"8,70 €/KG","img":"https://fd3-photos.leclercdrive.fr/image.ashx?id=2615804&use=l&cat=p&typeid=i","cat":314033},{"id":800,"n":"Mozzarella Les Croisés - 125g","p":0.93,"u":"7,44 €/KG","img":"https://fd3-photos.leclercdrive.fr/image.ashx?id=2122682&use=l&cat=p&typeid=i","cat":314026},{"id":806,"n":"Emmental fromage rapé Les Croisés - 500g","p":4.0,"u":"8,00 €/KG","img":"https://fd3-photos.leclercdrive.fr/image.ashx?id=2791698&use=l&cat=p&typeid=i","cat":314035},{"id":807,"n":"Emmental fromage rapé Les Croisés - 200g","p":1.65,"u":"8,25 €/KG","img":"https://fd3-photos.leclercdrive.fr/image.ashx?id=2791230&use=l&cat=p&typeid=i","cat":314035},{"id":808,"n":"Emmental fromage rapé Les Croisés - 100g","p":1.1,"u":"11,00 €/KG","img":"https://fd3-photos.leclercdrive.fr/image.ashx?id=2842259&use=l&cat=p&typeid=i","cat":314035},{"id":810,"n":"Râpé Grana Padano AOP Les Croisés - 100g","p":1.5,"u":"15,00 €/KG","img":"https://fd3-photos.leclercdrive.fr/image.ashx?id=2903938&use=l&cat=p&typeid=i","cat":314035},{"id":816,"n":"Yaourts Délisse Nature - 16x125g","p":2.25,"u":"1,13 €/KG","img":"https://fd3-photos.leclercdrive.fr/image.ashx?id=2974756&use=l&cat=p&typeid=i","cat":284409},{"id":818,"n":"Yaourts brassés Délisse  Nature - 8x125g","p":1.65,"u":"1,65 €/KG","img":"https://fd3-photos.leclercdrive.fr/image.ashx?id=2742611&use=l&cat=p&typeid=i","cat":284409},{"id":841,"n":"Yaourts brassés Délisse Panaché de fruits - 16x125g","p":3.26,"u":"1,63 €/KG","img":"https://fd3-photos.leclercdrive.fr/image.ashx?id=2494211&use=l&cat=p&typeid=i","cat":284410},{"id":843,"n":"Yaourts Crème Délisse Stracciatella - 4x125g","p":2.04,"u":"4,08 €/KG","img":"https://fd3-photos.leclercdrive.fr/image.ashx?id=2117120&use=l&cat=p&typeid=i","cat":314999},{"id":855,"n":"Yaourts brassés Déli'light  Nature - 0% MG - 8x125g","p":2.13,"u":"2,13 €/KG","img":"https://fd3-photos.leclercdrive.fr/image.ashx?id=2865041&use=l&cat=p&typeid=i","cat":315000},{"id":872,"n":"Actifidus Delisse Nature - 12x125g","p":2.23,"u":"1,49 €/KG","img":"https://fd3-photos.leclercdrive.fr/image.ashx?id=2452666&use=l&cat=p&typeid=i","cat":315000},{"id":887,"n":"Fromage frais Délisse Fruits panachés 22%mg - 12x50g","p":1.51,"u":"2,52 €/KG","img":"https://fd3-photos.leclercdrive.fr/image.ashx?id=2922491&use=l&cat=p&typeid=i","cat":284414},{"id":890,"n":"Fromage frais Délisse Nature 3,8% MG - 12x60g","p":1.64,"u":"2,28 €/KG","img":"https://fd3-photos.leclercdrive.fr/image.ashx?id=1951840&use=l&cat=p&typeid=i","cat":284409},{"id":892,"n":"Fromage frais Duodélisse Nature - 8x100g","p":2.79,"u":"3,49 €/KG","img":"https://fd3-photos.leclercdrive.fr/image.ashx?id=2387316&use=l&cat=p&typeid=i","cat":284409},{"id":897,"n":"Fromage blanc Délisse Nature 3.1% MG - 1kg","p":1.97,"u":"1,97 €/KG","img":"https://fd3-photos.leclercdrive.fr/image.ashx?id=3012788&use=l&cat=p&typeid=i","cat":284409},{"id":899,"n":"Dessert Enfant Petits Filous Chocolat - 6x100g","p":2.25,"u":"3,75 €/KG","img":"https://fd3-photos.leclercdrive.fr/image.ashx?id=2878828&use=l&cat=p&typeid=i","cat":284414},{"id":909,"n":"Crème dessert Danette Chocolat et lait - 6x70g","p":1.76,"u":"4,19 €/KG","img":"https://fd3-photos.leclercdrive.fr/image.ashx?id=1984855&use=l&cat=p&typeid=i","cat":285041},{"id":918,"n":"Crème dessert Délisse Café - 4x125g","p":0.89,"u":"1,78 €/KG","img":"https://fd3-photos.leclercdrive.fr/image.ashx?id=2441048&use=l&cat=p&typeid=i","cat":285041},{"id":919,"n":"Crème dessert Délisse Caramel - 4x125g","p":0.91,"u":"1,82 €/KG","img":"https://fd3-photos.leclercdrive.fr/image.ashx?id=2854204&use=l&cat=p&typeid=i","cat":285041},{"id":920,"n":"Crème dessert Délisse Chocolat - 4x125g","p":0.95,"u":"1,90 €/KG","img":"https://fd3-photos.leclercdrive.fr/image.ashx?id=2854207&use=l&cat=p&typeid=i","cat":285041},{"id":921,"n":"Crème dessert Délisse Vanille - 4x125g","p":0.89,"u":"1,78 €/KG","img":"https://fd3-photos.leclercdrive.fr/image.ashx?id=2854210&use=l&cat=p&typeid=i","cat":285041},{"id":922,"n":"Crème dessert Délisse Praliné - 4x125g","p":0.95,"u":"1,90 €/KG","img":"https://fd3-photos.leclercdrive.fr/image.ashx?id=2441066&use=l&cat=p&typeid=i","cat":285041},{"id":924,"n":"Petit pot de crème Délisse Chocolat - 4x100g","p":1.88,"u":"4,70 €/KG","img":"https://fd3-photos.leclercdrive.fr/image.ashx?id=2544967&use=l&cat=p&typeid=i","cat":285041},{"id":936,"n":"Riz au lait Délisse  Vanille - 4x115g","p":1.35,"u":"2,93 €/KG","img":"https://fd3-photos.leclercdrive.fr/image.ashx?id=2489107&use=l&cat=p&typeid=i","cat":284418},{"id":939,"n":"Semoule au lait Délisse Vanille - 4x115g","p":1.09,"u":"2,37 €/KG","img":"https://fd3-photos.leclercdrive.fr/image.ashx?id=2558377&use=l&cat=p&typeid=i","cat":284418},{"id":942,"n":"Mousse à la liégeoise Délisse Vanille - 8x80g","p":2.62,"u":"4,09 €/KG","img":"https://fd3-photos.leclercdrive.fr/image.ashx?id=3009487&use=l&cat=p&typeid=i","cat":284417},{"id":944,"n":"Mousse au chocolat Délisse Chocolat au lait - 4x60g","p":1.15,"u":"4,79 €/KG","img":"https://fd3-photos.leclercdrive.fr/image.ashx?id=3009496&use=l&cat=p&typeid=i","cat":284417},{"id":955,"n":"Ile flottante Délisse Crème anglaise - 4x100g","p":1.89,"u":"4,73 €/KG","img":"https://fd3-photos.leclercdrive.fr/image.ashx?id=2860706&use=l&cat=p&typeid=i","cat":284419},{"id":959,"n":"Flan Délisse Vanille Caramel - 4x100g","p":0.79,"u":"1,98 €/KG","img":"https://fd3-photos.leclercdrive.fr/image.ashx?id=2851640&use=l&cat=p&typeid=i","cat":284420},{"id":960,"n":"Flan Délisse Vanille Caramel - 16x100g","p":2.52,"u":"1,58 €/KG","img":"https://fd3-photos.leclercdrive.fr/image.ashx?id=2858977&use=l&cat=p&typeid=i","cat":284420},{"id":973,"n":"Lait chèvre demi-écrémé Lactel UHT Bouteille - 1L","p":2.51,"u":"2,51 €/L","img":"https://fd3-photos.leclercdrive.fr/image.ashx?id=3005035&use=l&cat=p&typeid=i","cat":295251},{"id":979,"n":"Beurre Mini Elle&Vire  Doux - 82% MG - 16P - 200g","p":2.88,"u":"14,40 €/KG","img":"https://fd3-photos.leclercdrive.fr/image.ashx?id=2528397&use=l&cat=p&typeid=i","cat":284379},{"id":981,"n":"Beurre Montfleuri Doux - 60% MG - 250g","p":1.97,"u":"7,88 €/KG","img":"https://fd3-photos.leclercdrive.fr/image.ashx?id=2988569&use=l&cat=p&typeid=i","cat":284379},{"id":984,"n":"Beurre Extra fin Les Croisés Doux - 82% MG - 250g","p":2.95,"u":"11,80 €/KG","img":"https://fd3-photos.leclercdrive.fr/image.ashx?id=2839869&use=l&cat=p&typeid=i","cat":284379},{"id":985,"n":"Beurre de Bretagne Les Croisés Doux - 82% MG - 500g","p":4.89,"u":"9,78 €/KG","img":"https://fd3-photos.leclercdrive.fr/image.ashx?id=2943605&use=l&cat=p&typeid=i","cat":284379},{"id":986,"n":"Beurre de Baratte d'Isigny NRT AOP 82% MG - Doux - 250g","p":3.05,"u":"12,20 €/KG","img":"https://fd3-photos.leclercdrive.fr/image.ashx?id=2657274&use=l&cat=p&typeid=i","cat":284379},{"id":988,"n":"Beurre Les Croisés 80% MG  Demi-sel Extra fin - 250g","p":2.39,"u":"9,56 €/KG","img":"https://fd3-photos.leclercdrive.fr/image.ashx?id=2777952&use=l&cat=p&typeid=i","cat":284379},{"id":989,"n":"Beurre Tendre Les Croisés Demi-sel - 80% MG - 250g","p":2.62,"u":"10,48 €/KG","img":"https://fd3-photos.leclercdrive.fr/image.ashx?id=2778003&use=l&cat=p&typeid=i","cat":284379},{"id":990,"n":"Beurre Tendre Les Croisés Doux - 82% MG - 250g","p":2.29,"u":"9,16 €/KG","img":"https://fd3-photos.leclercdrive.fr/image.ashx?id=2839887&use=l&cat=p&typeid=i","cat":284379},{"id":1005,"n":"Crème Chantilly sucrée Délisse Entière sous pression - 250g","p":1.95,"u":"7,80 €/KG","img":"https://fd3-photos.leclercdrive.fr/image.ashx?id=3002512&use=l&cat=p&typeid=i","cat":284382},{"id":1006,"n":"Crème Chantilly sucrée Délisse Allégée sous pression - 250g","p":1.79,"u":"7,16 €/KG","img":"https://fd3-photos.leclercdrive.fr/image.ashx?id=3002515&use=l&cat=p&typeid=i","cat":284382},{"id":1009,"n":"Crème légère semi-épaisse   Délisse 18%mg - 3x20cl","p":2.09,"u":"3,48 €/L","img":"https://fd3-photos.leclercdrive.fr/image.ashx?id=3002557&use=l&cat=p&typeid=i","cat":284381},{"id":1010,"n":"Crème entière d'Isigny AOP NRT 40cl","p":2.99,"u":"7,48 €/L","img":"https://fd3-photos.leclercdrive.fr/image.ashx?id=2771022&use=l&cat=p&typeid=i","cat":284381},{"id":1011,"n":"Crème fraîche légère Délisse Epaisse - 15% MG - 20cl","p":0.7,"u":"3,50 €/L","img":"https://fd3-photos.leclercdrive.fr/image.ashx?id=1974248&use=l&cat=p&typeid=i","cat":284381},{"id":1012,"n":"Crème fraîche légère Délisse Epaisse - 15% MG  - 50cl","p":1.55,"u":"3,10 €/L","img":"https://fd3-photos.leclercdrive.fr/image.ashx?id=3002542&use=l&cat=p&typeid=i","cat":284381},{"id":1014,"n":"Crème fraîche entière Délisse Epaisse - 30% MG- 50cl","p":1.95,"u":"3,90 €/L","img":"https://fd3-photos.leclercdrive.fr/image.ashx?id=3002527&use=l&cat=p&typeid=i","cat":284381},{"id":1021,"n":"Rosette de lyon Saint Azay 10 tranches - 100g","p":2.99,"u":"29,90 €/KG","img":"https://fd3-photos.leclercdrive.fr/image.ashx?id=2114415&use=l&cat=p&typeid=i","cat":316007},{"id":1022,"n":"Bacon Saint Azay x15 - 150g","p":1.79,"u":"11,93 €/KG","img":"https://fd3-photos.leclercdrive.fr/image.ashx?id=2974957&use=l&cat=p&typeid=i","cat":316007},{"id":1027,"n":"Plateau charcuteries Alsace NRT 200g","p":2.04,"u":"10,20 €/KG","img":"https://fd3-photos.leclercdrive.fr/image.ashx?id=2991479&use=l&cat=p&typeid=i","cat":316012},{"id":1029,"n":"Mini saucissons secs Saint Azay Nature - 75g","p":1.29,"u":"17,20 €/KG","img":"https://fd3-photos.leclercdrive.fr/image.ashx?id=2943617&use=l&cat=p&typeid=i","cat":316006},{"id":1030,"n":"Mini Saucissons secs Saint Azay Aux noix - 75g","p":1.35,"u":"18,00 €/KG","img":"https://fd3-photos.leclercdrive.fr/image.ashx?id=2943620&use=l&cat=p&typeid=i","cat":316006},{"id":1032,"n":"Saucisse sèche Saint Azay Qualité supérieure - 300g","p":3.46,"u":"11,53 €/KG","img":"https://fd3-photos.leclercdrive.fr/image.ashx?id=2859152&use=l&cat=p&typeid=i","cat":316006},{"id":1033,"n":"Chorizo Doux Saint Azay 225g","p":1.89,"u":"8,40 €/KG","img":"https://fd3-photos.leclercdrive.fr/image.ashx?id=2753460&use=l&cat=p&typeid=i","cat":316006},{"id":1034,"n":"Chorizo Fort Saint Azay 225g","p":1.89,"u":"8,40 €/KG","img":"https://fd3-photos.leclercdrive.fr/image.ashx?id=2753463&use=l&cat=p&typeid=i","cat":316006},{"id":1039,"n":"Jambon Tranché Fin FleuryMichon à l'italienne x4 - 120g","p":2.84,"u":"23,67 €/KG","img":"https://fd3-photos.leclercdrive.fr/image.ashx?id=2889304&use=l&cat=p&typeid=i","cat":316009},{"id":1069,"n":"Saucisses de Montbéliard IGP NRT - 250g","p":3.19,"u":"12,76 €/KG","img":"https://fd3-photos.leclercdrive.fr/image.ashx?id=2991470&use=l&cat=p&typeid=i","cat":316012},{"id":1070,"n":"Saucisse de Morteau NRT IGP - 350g","p":5.41,"u":"15,46 €/KG","img":"https://fd3-photos.leclercdrive.fr/image.ashx?id=2991464&use=l&cat=p&typeid=i","cat":316012},{"id":1071,"n":"Coppa italienne Saint Azay 10 tranches 100 g","p":1.98,"u":"19,80 €/KG","img":"https://fd3-photos.leclercdrive.fr/image.ashx?id=2665844&use=l&cat=p&typeid=i","cat":316007},{"id":1105,"n":"Carottes râpées Menu Fraîcheur  Assaisonnées - 500g","p":0.99,"u":"1,98 €/KG","img":"https://fd3-photos.leclercdrive.fr/image.ashx?id=2850811&use=l&cat=p&typeid=i","cat":333657},{"id":1109,"n":"Taboule Menu Fraîcheur Au poulet - 300g","p":1.39,"u":"4,63 €/KG","img":"https://fd3-photos.leclercdrive.fr/image.ashx?id=2901431&use=l&cat=p&typeid=i","cat":333657},{"id":1116,"n":"Croque-monsieur Côté Croc 2x135g","p":1.94,"u":"7,19 €/KG","img":"https://fd3-photos.leclercdrive.fr/image.ashx?id=2885765&use=l&cat=p&typeid=i","cat":333671},{"id":1117,"n":"Manchons de poulet Côté Croc 250g","p":2.49,"u":"9,96 €/KG","img":"https://fd3-photos.leclercdrive.fr/image.ashx?id=2560467&use=l&cat=p&typeid=i","cat":333685},{"id":1120,"n":"Sandwich Côté Snack Jambon beurre - 125g","p":0.99,"u":"7,92 €/KG","img":"https://fd3-photos.leclercdrive.fr/image.ashx?id=2619707&use=l&cat=p&typeid=i","cat":333658},{"id":1125,"n":"Cordons bleus Côté Croc Dinde - 200g","p":1.95,"u":"9,75 €/KG","img":"https://fd3-photos.leclercdrive.fr/image.ashx?id=2915113&use=l&cat=p&typeid=i","cat":333683},{"id":1133,"n":"Nuggets de Poulet Père Dodu  x10 - 200g","p":2.17,"u":"10,85 €/KG","img":"https://fd3-photos.leclercdrive.fr/image.ashx?id=2956972&use=l&cat=p&typeid=i","cat":333684},{"id":1137,"n":"Pizza Turini Chèvre lardons - 450g","p":2.58,"u":"5,73 €/KG","img":"https://fd3-photos.leclercdrive.fr/image.ashx?id=2727611&use=l&cat=p&typeid=i","cat":333679},{"id":1142,"n":"Ravioli Lustucru Selection  Boeuf - 300g","p":1.99,"u":"6,63 €/KG","img":"https://fd3-photos.leclercdrive.fr/image.ashx?id=2938659&use=l&cat=p&typeid=i","cat":333682},{"id":1145,"n":"Ravioli 4 fromages Turini 300g","p":1.49,"u":"4,97 €/KG","img":"https://fd3-photos.leclercdrive.fr/image.ashx?id=2989643&use=l&cat=p&typeid=i","cat":333682},{"id":1147,"n":"Kit Pâte à pizza Croustipate 600g","p":2.65,"u":"4,42 €/KG","img":"https://fd3-photos.leclercdrive.fr/image.ashx?id=2161651&use=l&cat=p&typeid=i","cat":333681},{"id":1149,"n":"Pâte à pizza Tablier Blanc 260g","p":1.05,"u":"4,04 €/KG","img":"https://fd3-photos.leclercdrive.fr/image.ashx?id=2041773&use=l&cat=p&typeid=i","cat":333681},{"id":1150,"n":"Pâte sablée Tablier Blanc 230g","p":1.09,"u":"4,74 €/KG","img":"https://fd3-photos.leclercdrive.fr/image.ashx?id=2635898&use=l&cat=p&typeid=i","cat":333681},{"id":1151,"n":"Pâte feuilletée Tablier Blanc Au beurre - 230g","p":1.15,"u":"5,00 €/KG","img":"https://fd3-photos.leclercdrive.fr/image.ashx?id=2635895&use=l&cat=p&typeid=i","cat":333681},{"id":1152,"n":"Pâte feuilletée Tablier Blanc Prête à dérouler - 230g","p":0.74,"u":"3,22 €/KG","img":"https://fd3-photos.leclercdrive.fr/image.ashx?id=2635889&use=l&cat=p&typeid=i","cat":333681},{"id":1154,"n":"Lardons de saumon fumé Ronde des Mers - 90g","p":3.6,"u":"40,00 €/KG","img":"https://fd3-photos.leclercdrive.fr/image.ashx?id=3004597&use=l&cat=p&typeid=i","cat":285188},{"id":1164,"n":"Bâtonnets surimi Pêche Océan MSC - 400g","p":2.19,"u":"5,48 €/KG","img":"https://fd3-photos.leclercdrive.fr/image.ashx?id=2981840&use=l&cat=p&typeid=i","cat":285189},{"id":1169,"n":"Filets d'anchois Pêche Océan À l'huile d'olive - 105g","p":2.45,"u":"23,33 €/KG","img":"https://fd3-photos.leclercdrive.fr/image.ashx?id=1671925&use=l&cat=p&typeid=i","cat":285190},{"id":1175,"n":"Pizza Cuite sur pierre Turini Saumon crevettes - 400g","p":2.25,"u":"5,63 €/KG","img":"https://fd3-photos.leclercdrive.fr/image.ashx?id=2815217&use=l&cat=p&typeid=i","cat":284256},{"id":1178,"n":"Pizza Cuite sur pierre Volpone  Bolognaise - 400g","p":2.0,"u":"5,00 €/KG","img":"https://fd3-photos.leclercdrive.fr/image.ashx?id=2815208&use=l&cat=p&typeid=i","cat":284256},{"id":1179,"n":"Pizza Royale Turini Cuite au feu de bois - 440g","p":2.15,"u":"4,89 €/KG","img":"https://fd3-photos.leclercdrive.fr/image.ashx?id=2815199&use=l&cat=p&typeid=i","cat":284256},{"id":1181,"n":"Tarte aux poireaux Côté Table - 400g","p":2.55,"u":"6,38 €/KG","img":"https://fd3-photos.leclercdrive.fr/image.ashx?id=2791710&use=l&cat=p&typeid=i","cat":284257},{"id":1182,"n":"Crêpes Côté Table Jambon fromage x6 - 300g","p":1.99,"u":"6,63 €/KG","img":"https://fd3-photos.leclercdrive.fr/image.ashx?id=2932402&use=l&cat=p&typeid=i","cat":319776},{"id":1183,"n":"Crêpes Côté Table Jambon fromage x20 1kg","p":3.89,"u":"3,89 €/KG","img":"https://fd3-photos.leclercdrive.fr/image.ashx?id=2932405&use=l&cat=p&typeid=i","cat":319776},{"id":1191,"n":"Poisson Bordelaise Pêche Océan MSC - 400g","p":2.99,"u":"7,48 €/KG","img":"https://fd3-photos.leclercdrive.fr/image.ashx?id=2930081&use=l&cat=p&typeid=i","cat":319788},{"id":1192,"n":"Colin d'Alaska MSC Pêche Océan À l'oseille x2 - 400g","p":3.15,"u":"7,88 €/KG","img":"https://fd3-photos.leclercdrive.fr/image.ashx?id=2930099&use=l&cat=p&typeid=i","cat":319786},{"id":1193,"n":"Pané colin d'Alaska Pêche Océan x15 bâtonnets - MSC - 450g","p":2.27,"u":"5,04 €/KG","img":"https://fd3-photos.leclercdrive.fr/image.ashx?id=2558368&use=l&cat=p&typeid=i","cat":319788},{"id":1194,"n":"Calamars Pêche Océan A la romaine 40/60 - 500g","p":4.45,"u":"8,90 €/KG","img":"https://fd3-photos.leclercdrive.fr/image.ashx?id=2216298&use=l&cat=p&typeid=i","cat":319788},{"id":1196,"n":"Coquilles Saint-Jacques Coté Table - 4x90g","p":4.79,"u":"13,31 €/KG","img":"https://fd3-photos.leclercdrive.fr/image.ashx?id=2625071&use=l&cat=p&typeid=i","cat":319775},{"id":1200,"n":"Poêlée paysanne Côté Table 900g","p":4.3,"u":"4,78 €/KG","img":"https://fd3-photos.leclercdrive.fr/image.ashx?id=2471670&use=l&cat=p&typeid=i","cat":319823},{"id":1201,"n":"Poêlée campagnarde Côté Table 900g","p":4.64,"u":"5,16 €/KG","img":"https://fd3-photos.leclercdrive.fr/image.ashx?id=2647414&use=l&cat=p&typeid=i","cat":319823},{"id":1202,"n":"Pâtes Carbonara Côté Table 900g","p":4.18,"u":"4,64 €/KG","img":"https://fd3-photos.leclercdrive.fr/image.ashx?id=2900064&use=l&cat=p&typeid=i","cat":284254},{"id":1217,"n":"Epinards Notre Jardin Branches - 1kg","p":1.3,"u":"1,30 €/KG","img":"https://fd3-photos.leclercdrive.fr/image.ashx?id=2873069&use=l&cat=p&typeid=i","cat":319805},{"id":1218,"n":"Epinards Notre Jardin Hâchés - 1kg","p":1.34,"u":"1,34 €/KG","img":"https://fd3-photos.leclercdrive.fr/image.ashx?id=2873039&use=l&cat=p&typeid=i","cat":319805},{"id":1222,"n":"Petits pois Notre Jardin Extra fins 1kg","p":1.89,"u":"1,89 €/KG","img":"https://fd3-photos.leclercdrive.fr/image.ashx?id=2873060&use=l&cat=p&typeid=i","cat":319805},{"id":1223,"n":"Champignons Paris Notre jardin Emincés 1kg","p":1.95,"u":"1,95 €/KG","img":"https://fd3-photos.leclercdrive.fr/image.ashx?id=2873027&use=l&cat=p&typeid=i","cat":319805},{"id":1225,"n":"Légumes Notre Jardin Pour ratatouille 1kg","p":2.35,"u":"2,35 €/KG","img":"https://fd3-photos.leclercdrive.fr/image.ashx?id=2900058&use=l&cat=p&typeid=i","cat":319823},{"id":1227,"n":"Poêlée de légumes Notre Jardin Méridionale - 1kg","p":2.95,"u":"2,95 €/KG","img":"https://fd3-photos.leclercdrive.fr/image.ashx?id=2803948&use=l&cat=p&typeid=i","cat":319823},{"id":1228,"n":"Poêlée de légumes Notre jardin Champêtre - 1kg","p":2.99,"u":"2,99 €/KG","img":"https://fd3-photos.leclercdrive.fr/image.ashx?id=2404281&use=l&cat=p&typeid=i","cat":319823},{"id":1229,"n":"Poêlée de légumes Notre Jardin Bretonne - 1kg","p":2.61,"u":"2,61 €/KG","img":"https://fd3-photos.leclercdrive.fr/image.ashx?id=2803951&use=l&cat=p&typeid=i","cat":319823},{"id":1238,"n":"Pommes rissolées Pom'lisse 1kg","p":1.56,"u":"1,56 €/KG","img":"https://fd3-photos.leclercdrive.fr/image.ashx?id=2704597&use=l&cat=p&typeid=i","cat":319792},{"id":1239,"n":"Frites allumettes Pom'lisse 1kg","p":1.85,"u":"1,85 €/KG","img":"https://fd3-photos.leclercdrive.fr/image.ashx?id=1185973&use=l&cat=p&typeid=i","cat":319791},{"id":1240,"n":"Frites Pom'lisse 2.5 kg","p":4.55,"u":"1,82 €/KG","img":"https://fd3-photos.leclercdrive.fr/image.ashx?id=2699393&use=l&cat=p&typeid=i","cat":319791},{"id":1243,"n":"Frites Pom'lisse Au four - 600g","p":1.15,"u":"1,92 €/KG","img":"https://fd3-photos.leclercdrive.fr/image.ashx?id=2770678&use=l&cat=p&typeid=i","cat":319791},{"id":1244,"n":"Potatoes Pom'lisse Finement épicées - 600g","p":1.16,"u":"1,93 €/KG","img":"https://fd3-photos.leclercdrive.fr/image.ashx?id=2699663&use=l&cat=p&typeid=i","cat":319791},{"id":1245,"n":"Pommes noisettes Pom'lisse 1kg","p":1.88,"u":"1,88 €/KG","img":"https://fd3-photos.leclercdrive.fr/image.ashx?id=2958314&use=l&cat=p&typeid=i","cat":319792},{"id":1246,"n":"Pommes dauphine Pom'lisse 500g","p":1.49,"u":"2,98 €/KG","img":"https://fd3-photos.leclercdrive.fr/image.ashx?id=2851571&use=l&cat=p&typeid=i","cat":319792},{"id":1247,"n":"Pom'rustic Pom'Lisse Sachet 750 gr","p":2.55,"u":"3,40 €/KG","img":"https://fd3-photos.leclercdrive.fr/image.ashx?id=2851574&use=l&cat=p&typeid=i","cat":319792},{"id":1248,"n":"Frites Pom'lisse 1kg","p":1.87,"u":"1,87 €/KG","img":"https://fd3-photos.leclercdrive.fr/image.ashx?id=2699654&use=l&cat=p&typeid=i","cat":319791},{"id":1251,"n":"Crème glacée Eskiss Vanille de Madagascar - 494g","p":1.65,"u":"3,34 €/KG","img":"https://fd3-photos.leclercdrive.fr/image.ashx?id=2982592&use=l&cat=p&typeid=i","cat":284263},{"id":1252,"n":"Glace Smicy Vanille fraise chocolat - 345g","p":2.41,"u":"6,99 €/KG","img":"https://fd3-photos.leclercdrive.fr/image.ashx?id=2951113&use=l&cat=p&typeid=i","cat":285250},{"id":1309,"n":"Lessive Epsil gel main express Tube 250ml","p":1.55,"u":"6,20 €/L","img":"https://fd3-photos.leclercdrive.fr/image.ashx?id=2838906&use=l&cat=p&typeid=i","cat":284643},{"id":1335,"n":"Liquide vaisselle Visior Citron - 750ml","p":1.2,"u":"1,60 €/L","img":"https://fd3-photos.leclercdrive.fr/image.ashx?id=2930849&use=l&cat=p&typeid=i","cat":284655},{"id":1336,"n":"Liquide vaisselle Visior Ultra Peaux sensibles 500ml","p":0.64,"u":"1,28 €/L","img":"https://fd3-photos.leclercdrive.fr/image.ashx?id=2951116&use=l&cat=p&typeid=i","cat":284655},{"id":1344,"n":"Gants jetables Mamison latex T6 x10","p":1.33,"img":"https://fd3-photos.leclercdrive.fr/image.ashx?id=554721&use=l&cat=p&typeid=i","cat":284668},{"id":1345,"n":"Gants jetables Mamison latex T8 x10","p":1.33,"img":"https://fd3-photos.leclercdrive.fr/image.ashx?id=2742691&use=l&cat=p&typeid=i","cat":284668},{"id":1346,"n":"Eponges Mamison végétales Super absorbantes x3","p":1.17,"u":"0,39 €/P","img":"https://fd3-photos.leclercdrive.fr/image.ashx?id=2458052&use=l&cat=p&typeid=i","cat":284667},{"id":1358,"n":"Nettoyant Gel avec javel Clair 1L","p":1.09,"u":"1,09 €/L","img":"https://fd3-photos.leclercdrive.fr/image.ashx?id=2705062&use=l&cat=p&typeid=i","cat":284907},{"id":1359,"n":"Pastilles javel Clair x48 - 150g","p":1.65,"u":"11,00 €/KG","img":"https://fd3-photos.leclercdrive.fr/image.ashx?id=2631426&use=l&cat=p&typeid=i","cat":284661},{"id":1376,"n":"Lingettes nettoyantes Clair Sols muguet larges x15","p":1.14,"img":"https://fd3-photos.leclercdrive.fr/image.ashx?id=2593815&use=l&cat=p&typeid=i","cat":325364},{"id":1381,"n":"Dépoussiérant Clair meuble Cire 300ml","p":1.33,"u":"4,43 €/L","img":"https://fd3-photos.leclercdrive.fr/image.ashx?id=2819256&use=l&cat=p&typeid=i","cat":325364},{"id":1385,"n":"Spray nettoyant Vitroclen  Vitrocéramique - 250ml","p":2.43,"u":"9,72 €/L","img":"https://fd3-photos.leclercdrive.fr/image.ashx?id=2263727&use=l&cat=p&typeid=i","cat":325363},{"id":1386,"n":"Nettoyant four Clair 500ml","p":1.53,"u":"3,06 €/L","img":"https://fd3-photos.leclercdrive.fr/image.ashx?id=2858824&use=l&cat=p&typeid=i","cat":325363},{"id":1392,"n":"Blocs wc eau bleue Syphon x2 80g","p":1.12,"u":"14,00 €/KG","img":"https://fd3-photos.leclercdrive.fr/image.ashx?id=2302537&use=l&cat=p&typeid=i","cat":284662},{"id":1400,"n":"Papier aluminium Elembal 20m","p":2.62,"img":"https://fd3-photos.leclercdrive.fr/image.ashx?id=2756846&use=l&cat=p&typeid=i","cat":334134},{"id":1401,"n":"Barquettes aluminium Elembal x10 0.5L","p":2.56,"img":"https://fd3-photos.leclercdrive.fr/image.ashx?id=2455093&use=l&cat=p&typeid=i","cat":334134},{"id":1403,"n":"Barquettes aluminium Elembal Profondes x10 1L","p":4.3,"img":"https://fd3-photos.leclercdrive.fr/image.ashx?id=1733315&use=l&cat=p&typeid=i","cat":334134},{"id":1404,"n":"Barquettes aluminium Elembal x5 1,5L","p":2.77,"img":"https://fd3-photos.leclercdrive.fr/image.ashx?id=2455096&use=l&cat=p&typeid=i","cat":334134},{"id":1405,"n":"Barquettes aluminium Elembal x5 2L","p":3.46,"img":"https://fd3-photos.leclercdrive.fr/image.ashx?id=1733312&use=l&cat=p&typeid=i","cat":334134},{"id":1407,"n":"Film étirable Elembal 30m","p":1.2,"img":"https://fd3-photos.leclercdrive.fr/image.ashx?id=2431191&use=l&cat=p&typeid=i","cat":334134},{"id":1412,"n":"Sacs congélation Elembal Grand modèle x25","p":1.08,"img":"https://fd3-photos.leclercdrive.fr/image.ashx?id=2169147&use=l&cat=p&typeid=i","cat":334134},{"id":1413,"n":"Sacs congélation Elembal Petit modèle x50","p":1.1,"img":"https://fd3-photos.leclercdrive.fr/image.ashx?id=2158155&use=l&cat=p&typeid=i","cat":334134},{"id":1414,"n":"Sacs poubelle 30L Elembal à liens classiques - x25","p":1.26,"u":"0,05 €/P","img":"https://fd3-photos.leclercdrive.fr/image.ashx?id=2958699&use=l&cat=p&typeid=i","cat":285168},{"id":1415,"n":"Sacs poubelle 130L Elembal à liens classiques - x10","p":4.65,"u":"0,47 €/P","img":"https://fd3-photos.leclercdrive.fr/image.ashx?id=2791743&use=l&cat=p&typeid=i","cat":285168},{"id":1416,"n":"Sacs poubelle 100L Elembal Poignées coulissantes - x10","p":1.62,"u":"0,16 €/P","img":"https://fd3-photos.leclercdrive.fr/image.ashx?id=1959148&use=l&cat=p&typeid=i","cat":285168},{"id":1417,"n":"Sacs poubelle 100L Elembal à liens classiques - x10","p":1.54,"u":"0,15 €/P","img":"https://fd3-photos.leclercdrive.fr/image.ashx?id=2791734&use=l&cat=p&typeid=i","cat":285168},{"id":1418,"n":"Sacs poubelle 50L Elembal à liens classiques - x15","p":2.19,"u":"0,15 €/P","img":"https://fd3-photos.leclercdrive.fr/image.ashx?id=2958693&use=l&cat=p&typeid=i","cat":285168},{"id":1419,"n":"Sacs poubelle Elembal 20L x20","p":1.2,"u":"0,06 €/P","img":"https://fd3-photos.leclercdrive.fr/image.ashx?id=2791728&use=l&cat=p&typeid=i","cat":285168},{"id":1420,"n":"Sacs poubelle Elembal 20L A poignées - x30","p":2.08,"u":"0,07 €/P","img":"https://fd3-photos.leclercdrive.fr/image.ashx?id=2791674&use=l&cat=p&typeid=i","cat":285168},{"id":1421,"n":"Sacs poubelle Elembal 30L A poignées - x20","p":2.49,"u":"0,12 €/P","img":"https://fd3-photos.leclercdrive.fr/image.ashx?id=2791677&use=l&cat=p&typeid=i","cat":285168},{"id":1423,"n":"Sacs poubelle 50L Elembal Poignées coulissantes - x15","p":2.31,"u":"0,15 €/P","img":"https://fd3-photos.leclercdrive.fr/image.ashx?id=2958696&use=l&cat=p&typeid=i","cat":285168},{"id":1428,"n":"Lait de douche Manava Coeur de vanille - 250ml","p":0.94,"u":"3,76 €/L","img":"https://fd3-photos.leclercdrive.fr/image.ashx?id=2456141&use=l&cat=p&typeid=i","cat":284594},{"id":1429,"n":"Gel douche Manava Boisé - 250ml","p":1.15,"u":"4,60 €/L","img":"https://fd3-photos.leclercdrive.fr/image.ashx?id=2809653&use=l&cat=p&typeid=i","cat":284594},{"id":1433,"n":"Recharge savon mains Manava Crème perles d'oranger - 250ml","p":0.68,"u":"2,72 €/L","img":"https://fd3-photos.leclercdrive.fr/image.ashx?id=2935483&use=l&cat=p&typeid=i","cat":284597},{"id":1435,"n":"Recharge savon mains Manava Crème Amande - 250ml","p":0.57,"u":"2,28 €/L","img":"https://fd3-photos.leclercdrive.fr/image.ashx?id=2935474&use=l&cat=p&typeid=i","cat":284597},{"id":1436,"n":"Lait de douche Manava Amande douce - 250ml","p":0.94,"u":"3,76 €/L","img":"https://fd3-photos.leclercdrive.fr/image.ashx?id=2771346&use=l&cat=p&typeid=i","cat":284594},{"id":1437,"n":"Lait de douche Manava Lait de coco - 250ml","p":0.94,"u":"3,76 €/L","img":"https://fd3-photos.leclercdrive.fr/image.ashx?id=2443176&use=l&cat=p&typeid=i","cat":284594},{"id":1441,"n":"Cire Chaude au Sucre Pure Veet Vanille 98% naturelle 250ml","p":4.53,"u":"18,12 €/L","img":"https://fd3-photos.leclercdrive.fr/image.ashx?id=2960684&use=l&cat=p&typeid=i","cat":325351},{"id":1449,"n":"Déodorant Manava fraîcheur Vanille glacée spray 200ml","p":1.39,"u":"6,95 €/L","img":"https://fd3-photos.leclercdrive.fr/image.ashx?id=2656445&use=l&cat=p&typeid=i","cat":284595},{"id":1464,"n":"Rasoirs jetables Bic 1 Sensitive - x10","p":1.37,"u":"0,14 €/P","img":"https://fd3-photos.leclercdrive.fr/image.ashx?id=2218035&use=l&cat=p&typeid=i","cat":284616},{"id":1465,"n":"Rasoirs jetables Comfort 2 Bic x10","p":2.91,"u":"0,29 €/P","img":"https://fd3-photos.leclercdrive.fr/image.ashx?id=2984862&use=l&cat=p&typeid=i","cat":284616},{"id":1466,"n":"Rasoirs jetables Bic 3 lames - x8","p":3.25,"u":"0,41 €/P","img":"https://fd3-photos.leclercdrive.fr/image.ashx?id=2789014&use=l&cat=p&typeid=i","cat":284616},{"id":1473,"n":"Gel à raser Carré Homme Hydratant 200ml","p":1.69,"u":"8,45 €/L","img":"https://fd3-photos.leclercdrive.fr/image.ashx?id=2771582&use=l&cat=p&typeid=i","cat":284617},{"id":1474,"n":"Rasoirs jetables Carré Homme 2 lames - x10","p":1.5,"u":"0,15 €/P","img":"https://fd3-photos.leclercdrive.fr/image.ashx?id=2873543&use=l&cat=p&typeid=i","cat":284616},{"id":1481,"n":"Dentifrice Dentamyl Protection caries - 75ml","p":0.73,"u":"9,73 €/L","img":"https://fd3-photos.leclercdrive.fr/image.ashx?id=2699129&use=l&cat=p&typeid=i","cat":284612},{"id":1482,"n":"Dentifrice enfant Dentamyl Fraise - 3-6 ans - 50ml","p":0.89,"u":"17,80 €/L","img":"https://fd3-photos.leclercdrive.fr/image.ashx?id=2075188&use=l&cat=p&typeid=i","cat":288898},{"id":1484,"n":"Brosse à dents junior Dentamyl 1 pièce","p":0.49,"img":"https://fd3-photos.leclercdrive.fr/image.ashx?id=2790901&use=l&cat=p&typeid=i","cat":288897},{"id":1486,"n":"Brosse à dents enfant Dentamyl 2-6 ans x1","p":0.51,"img":"https://fd3-photos.leclercdrive.fr/image.ashx?id=1980485&use=l&cat=p&typeid=i","cat":288897},{"id":1488,"n":"Mouchoirs blancs 4 plis Caresse Mouchoirs papier Lotion x12","p":2.28,"u":"0,19 €/P","img":"https://fd3-photos.leclercdrive.fr/image.ashx?id=2572993&use=l&cat=p&typeid=i","cat":284638},{"id":1620,"n":"Gel lavant bébé Mots d'Enfants Corps et cheveux - 250ml","p":1.49,"u":"5,96 €/L","img":"https://fd3-photos.leclercdrive.fr/image.ashx?id=3014149&use=l&cat=p&typeid=i","cat":284740},{"id":1627,"n":"Lingettes bébé Mots d'Enfants Ultra-douces - x72","p":1.75,"u":"0,02 €/P","img":"https://fd3-photos.leclercdrive.fr/image.ashx?id=2856447&use=l&cat=p&typeid=i","cat":284738},{"id":1629,"n":"Lingettes bébé Mots d'Enfants Sensitive - x63","p":1.32,"u":"0,02 €/P","img":"https://fd3-photos.leclercdrive.fr/image.ashx?id=2856462&use=l&cat=p&typeid=i","cat":284738},{"id":1637,"n":"Change + 2 slips maille Chorys Anatomiques - Homme/Femme - x20","p":15.94,"u":"0,80 €/P","img":"https://fd3-photos.leclercdrive.fr/image.ashx?id=2623660&use=l&cat=p&typeid=i","cat":284628},{"id":1640,"n":"Protection incontinence Chorys Rectangulaire - x24","p":4.62,"u":"0,19 €/P","img":"https://fd3-photos.leclercdrive.fr/image.ashx?id=2761980&use=l&cat=p&typeid=i","cat":284628},{"id":1665,"n":"Feuilles blanches Esquisse A4 90g - 500 feuilles","p":5.9,"img":"https://fd3-photos.leclercdrive.fr/image.ashx?id=2943193&use=l&cat=p&typeid=i","cat":284697},{"id":1666,"n":"Feuilles blanches Esquisse A4 80g - 500 feuilles","p":4.69,"img":"https://fd3-photos.leclercdrive.fr/image.ashx?id=2943196&use=l&cat=p&typeid=i","cat":284697},{"id":1729,"n":"Croquettes chiens Lydog poulet Petit chien - Poulet - 1kg","p":2.92,"u":"2,92 €/KG","img":"https://fd3-photos.leclercdrive.fr/image.ashx?id=2895762&use=l&cat=p&typeid=i","cat":294526},{"id":1730,"n":"Barquette chiens Lydog Au Saumon et Truite - 300g","p":1.49,"u":"4,97 €/KG","img":"https://fd3-photos.leclercdrive.fr/image.ashx?id=2042433&use=l&cat=p&typeid=i","cat":284673},{"id":1751,"n":"Croquettes chat Purina One Adulte - Saumon/Céréales - 450g","p":2.79,"u":"6,20 €/KG","img":"https://fd3-photos.leclercdrive.fr/image.ashx?id=2683220&use=l&cat=p&typeid=i","cat":284680},{"id":1753,"n":"Croquettes chat Purina One Adulte - Saumon/Céréales -1.5kg","p":7.33,"u":"4,89 €/KG","img":"https://fd3-photos.leclercdrive.fr/image.ashx?id=2902268&use=l&cat=p&typeid=i","cat":284680},{"id":1754,"n":"Croquettes chat Purina One Adulte - Poulet/Céréales - 3kg","p":12.05,"u":"4,02 €/KG","img":"https://fd3-photos.leclercdrive.fr/image.ashx?id=2432007&use=l&cat=p&typeid=i","cat":284680},{"id":1755,"n":"Bouchées chiens Lydog Adulte - Boeuf - 4kg","p":7.49,"u":"1,87 €/KG","img":"https://fd3-photos.leclercdrive.fr/image.ashx?id=2907162&use=l&cat=p&typeid=i","cat":284672},{"id":1756,"n":"Emincés en sauce Tous mes amis pour chats -  800g","p":1.45,"u":"1,81 €/KG","img":"https://fd3-photos.leclercdrive.fr/image.ashx?id=2606798&use=l&cat=p&typeid=i","cat":285601},{"id":1762,"n":"Croquettes chat Tous mes amis Poulet légumes - 4kg","p":5.76,"u":"1,44 €/KG","img":"https://fd3-photos.leclercdrive.fr/image.ashx?id=2301406&use=l&cat=p&typeid=i","cat":284680},{"id":1763,"n":"Croquettes chat Tous mes amis Boeuf Poulet Légumes - 2kg","p":2.79,"u":"1,40 €/KG","img":"https://fd3-photos.leclercdrive.fr/image.ashx?id=2739724&use=l&cat=p&typeid=i","cat":284680},{"id":1764,"n":"Croquettes chat Tous mes amis Poulet dinde canard olive - 2kg","p":3.62,"u":"1,81 €/KG","img":"https://fd3-photos.leclercdrive.fr/image.ashx?id=2301400&use=l&cat=p&typeid=i","cat":284680},{"id":1765,"n":"Croquettes chat Tous mes amis Saumon & Légumes - 2kg","p":2.79,"u":"1,40 €/KG","img":"https://fd3-photos.leclercdrive.fr/image.ashx?id=2301394&use=l&cat=p&typeid=i","cat":284680},{"id":1769,"n":"Barquette chats Lycat au Foie et Volaille - 100g","p":0.59,"u":"5,90 €/KG","img":"https://fd3-photos.leclercdrive.fr/image.ashx?id=2042415&use=l&cat=p&typeid=i","cat":285286},{"id":1770,"n":"Barquette chats Tous mes amis au Saumon 100g","p":0.58,"u":"5,80 €/KG","img":"https://fd3-photos.leclercdrive.fr/image.ashx?id=2042412&use=l&cat=p&typeid=i","cat":285286},{"id":1771,"n":"Terrines chats Tous mes amis Délices Multi-viandes - 3x400g","p":2.97,"u":"2,48 €/KG","img":"https://fd3-photos.leclercdrive.fr/image.ashx?id=1671538&use=l&cat=p&typeid=i","cat":285601},{"id":1772,"n":"Sachet repas chat Tous mes amis Poissons en gelée - 12x100g","p":3.65,"u":"3,04 €/KG","img":"https://fd3-photos.leclercdrive.fr/image.ashx?id=2027592&use=l&cat=p&typeid=i","cat":285286},{"id":1775,"n":"Litière minérale Catsan Hygiène plus pour chat - 10L","p":5.51,"u":"0,55 €/L","img":"https://fd3-photos.leclercdrive.fr/image.ashx?id=2692677&use=l&cat=p&typeid=i","cat":284683},{"id":1776,"n":"Litière chats Eco+ 7L","p":1.2,"u":"0,17 €/L","img":"https://fd3-photos.leclercdrive.fr/image.ashx?id=2757509&use=l&cat=p&typeid=i","cat":284683},{"id":1786,"n":"Blocs WC Syphon Activ' effect Fraîcheur marine x3","p":1.22,"u":"0,41 €/P","img":"https://fd3-photos.leclercdrive.fr/image.ashx?id=2317294&use=l&cat=p&typeid=i","cat":284662},{"id":1795,"n":"Lingettes nettoyantes Clair Multi-surfaces citron x50","p":1.38,"u":"0,03 €/P","img":"https://fd3-photos.leclercdrive.fr/image.ashx?id=2975638&use=l&cat=p&typeid=i","cat":325358},{"id":1798,"n":"Eponges Multi-usages Mamison grattantes - x3","p":0.89,"u":"0,30 €/P","img":"https://fd3-photos.leclercdrive.fr/image.ashx?id=2202341&use=l&cat=p&typeid=i","cat":284667},{"id":1799,"n":"Haricots verts Notre Jardin Très fins - 3x110g","p":1.83,"u":"5,55 €/KG","img":"https://fd3-photos.leclercdrive.fr/image.ashx?id=2987994&use=l&cat=p&typeid=i","cat":312606},{"id":1800,"n":"Lingettes nettoyantes Clair Muguet x50","p":1.72,"u":"0,03 €/P","img":"https://fd3-photos.leclercdrive.fr/image.ashx?id=2835196&use=l&cat=p&typeid=i","cat":325358},{"id":1801,"n":"Boules inox Mamison x2","p":0.44,"img":"https://fd3-photos.leclercdrive.fr/image.ashx?id=555602&use=l&cat=p&typeid=i","cat":284667},{"id":1802,"n":"Insecticide Insectivor cafards Fourmis araignées 400ml","p":2.49,"u":"6,23 €/L","img":"https://fd3-photos.leclercdrive.fr/image.ashx?id=2843039&use=l&cat=p&typeid=i","cat":298368},{"id":1806,"n":"Insecticide Insectivor guêpes Mouches moustiques - 400ml","p":2.22,"u":"5,55 €/L","img":"https://fd3-photos.leclercdrive.fr/image.ashx?id=2835008&use=l&cat=p&typeid=i","cat":298368},{"id":1810,"n":"Gel nettoyant wc Syphon 750ml","p":1.03,"u":"1,37 €/L","img":"https://fd3-photos.leclercdrive.fr/image.ashx?id=2558775&use=l&cat=p&typeid=i","cat":284662},{"id":1812,"n":"Gel nettoyant wc Syphon 750ml","p":0.66,"u":"0,88 €/L","img":"https://fd3-photos.leclercdrive.fr/image.ashx?id=2067935&use=l&cat=p&typeid=i","cat":284662},{"id":1816,"n":"Déboucheur canalisations Syphon Gel 1L","p":1.39,"u":"1,39 €/L","img":"https://fd3-photos.leclercdrive.fr/image.ashx?id=2202347&use=l&cat=p&typeid=i","cat":284908},{"id":1821,"n":"Confiture Bonne Maman Figues violettes - 370g","p":1.91,"u":"5,16 €/KG","img":"https://fd3-photos.leclercdrive.fr/image.ashx?id=2547477&use=l&cat=p&typeid=i","cat":284480},{"id":1822,"n":"Confiture Bonne Maman Myrtilles - 370g","p":3.0,"u":"8,11 €/KG","img":"https://fd3-photos.leclercdrive.fr/image.ashx?id=2132361&use=l&cat=p&typeid=i","cat":284480},{"id":1826,"n":"Confiture Douceur du Verger Abricots - Allégée - 340g","p":1.05,"u":"3,09 €/KG","img":"https://fd3-photos.leclercdrive.fr/image.ashx?id=2965437&use=l&cat=p&typeid=i","cat":284480},{"id":1828,"n":"Confiture Bonne Maman Framboises - 370g","p":2.52,"u":"6,81 €/KG","img":"https://fd3-photos.leclercdrive.fr/image.ashx?id=2544807&use=l&cat=p&typeid=i","cat":284480},{"id":1832,"n":"Confiture Bonne Maman Oranges amères 370g","p":1.48,"u":"4,00 €/KG","img":"https://fd3-photos.leclercdrive.fr/image.ashx?id=2559184&use=l&cat=p&typeid=i","cat":284480},{"id":1833,"n":"Confiture Douceur du Verger Fraises - 340g","p":1.05,"u":"3,09 €/KG","img":"https://fd3-photos.leclercdrive.fr/image.ashx?id=2965428&use=l&cat=p&typeid=i","cat":284480},{"id":1835,"n":"Confiture Douceur du Verger Orange 340g","p":0.99,"u":"2,83 €/KG","img":"https://fd3-photos.leclercdrive.fr/image.ashx?id=2965434&use=l&cat=p&typeid=i","cat":284480},{"id":1845,"n":"Barres de céréales Frosties Kellogg's - 6x25g","p":1.87,"u":"12,47 €/KG","img":"https://fd3-photos.leclercdrive.fr/image.ashx?id=2300062&use=l&cat=p&typeid=i","cat":285869},{"id":1846,"n":"Compote Douceur du Verger Gourdes Pomme Fraise - 4x90g","p":1.39,"u":"3,86 €/KG","img":"https://fd3-photos.leclercdrive.fr/image.ashx?id=2837024&use=l&cat=p&typeid=i","cat":284508},{"id":1847,"n":"Barres céréales Fitness Nestlé Chocolat - 6x23.5g","p":2.07,"u":"14,68 €/KG","img":"https://fd3-photos.leclercdrive.fr/image.ashx?id=2947009&use=l&cat=p&typeid=i","cat":285869},{"id":1848,"n":"Chocolat au lait Tablette d'Or Lait Noisettes - 3x100g","p":3.64,"u":"12,13 €/KG","img":"https://fd3-photos.leclercdrive.fr/image.ashx?id=3014347&use=l&cat=p&typeid=i","cat":284497},{"id":1850,"n":"Chocolat au lait Tablette d'Or Céréales croustillantes 2x100g","p":2.01,"u":"10,05 €/KG","img":"https://fd3-photos.leclercdrive.fr/image.ashx?id=2555952&use=l&cat=p&typeid=i","cat":284497},{"id":1851,"n":"Chocolat au lait Tablette d'Or 3x100g","p":3.13,"u":"10,43 €/KG","img":"https://fd3-photos.leclercdrive.fr/image.ashx?id=2771508&use=l&cat=p&typeid=i","cat":284497},{"id":1861,"n":"Levure chimique Tablier Blanc x6 sachets","p":0.26,"u":"3,94 €/KG","img":"https://fd3-photos.leclercdrive.fr/image.ashx?id=2867892&use=l&cat=p&typeid=i","cat":294686},{"id":1863,"n":"Soja cuisine fluide Bio Bjorg - 25cl","p":0.94,"u":"3,76 €/L","img":"https://fd3-photos.leclercdrive.fr/image.ashx?id=2970921&use=l&cat=p&typeid=i","cat":316069},{"id":1864,"n":"Chocolat Tablette d'Or Noir amandes entières 200g","p":1.84,"u":"9,20 €/KG","img":"https://fd3-photos.leclercdrive.fr/image.ashx?id=2982886&use=l&cat=p&typeid=i","cat":284956},{"id":1865,"n":"Chocolat Tablette d'Or noir Ecorces d'orange 200g","p":2.45,"u":"12,25 €/KG","img":"https://fd3-photos.leclercdrive.fr/image.ashx?id=2654267&use=l&cat=p&typeid=i","cat":284956},{"id":1867,"n":"Chocolat au lait Tablette d'Or Noisettes entières - 200g","p":2.31,"u":"11,55 €/KG","img":"https://fd3-photos.leclercdrive.fr/image.ashx?id=2580889&use=l&cat=p&typeid=i","cat":284497},{"id":1868,"n":"Chocolat blanc Tablette d'Or Noisettes entières - 200g","p":2.45,"u":"12,25 €/KG","img":"https://fd3-photos.leclercdrive.fr/image.ashx?id=2753469&use=l&cat=p&typeid=i","cat":284957},{"id":1870,"n":"Tablette de chocolat Equador Noir 85% cacao - 100g","p":1.53,"u":"15,30 €/KG","img":"https://fd3-photos.leclercdrive.fr/image.ashx?id=2840734&use=l&cat=p&typeid=i","cat":284956},{"id":1871,"n":"Céréales mini-pack Kellogg's Multi-variétés - 215g","p":2.67,"u":"12,42 €/KG","img":"https://fd3-photos.leclercdrive.fr/image.ashx?id=3014467&use=l&cat=p&typeid=i","cat":309513},{"id":1872,"n":"Pâte à tartiner Nustikao Gressins 3x60g","p":1.8,"u":"10,00 €/KG","img":"https://fd3-photos.leclercdrive.fr/image.ashx?id=2440703&use=l&cat=p&typeid=i","cat":284488},{"id":1873,"n":"Petits pains grillés Epi d'Or Complet - 225g","p":0.89,"u":"3,96 €/KG","img":"https://fd3-photos.leclercdrive.fr/image.ashx?id=2726491&use=l&cat=p&typeid=i","cat":284479},{"id":1874,"n":"Chocolat Tablette d'Or Noir noisettes entières 200g","p":2.05,"u":"10,25 €/KG","img":"https://fd3-photos.leclercdrive.fr/image.ashx?id=2582516&use=l&cat=p&typeid=i","cat":284956},{"id":1878,"n":"Compote Douceur du Verger Coupelle pomme pêche - 4x100g","p":1.19,"u":"2,98 €/KG","img":"https://fd3-photos.leclercdrive.fr/image.ashx?id=2663464&use=l&cat=p&typeid=i","cat":284508},{"id":1879,"n":"Compote Douceur du Verger Coupelle pomme poire - 4x100g","p":1.17,"u":"2,93 €/KG","img":"https://fd3-photos.leclercdrive.fr/image.ashx?id=2663470&use=l&cat=p&typeid=i","cat":284508},{"id":1883,"n":"Compote Douceur du Verger Gourdes Pomme Banane - 4x90g","p":1.59,"u":"4,42 €/KG","img":"https://fd3-photos.leclercdrive.fr/image.ashx?id=2837027&use=l&cat=p&typeid=i","cat":284508},{"id":1884,"n":"Compote Douceur du Verger Gourdes Pomme - 4x90g","p":0.99,"u":"2,75 €/KG","img":"https://fd3-photos.leclercdrive.fr/image.ashx?id=2837021&use=l&cat=p&typeid=i","cat":284508},{"id":1885,"n":"Haricots verts Notre Jardin Extra fins - 440g","p":2.58,"u":"5,86 €/KG","img":"https://fd3-photos.leclercdrive.fr/image.ashx?id=2050618&use=l&cat=p&typeid=i","cat":312606},{"id":1886,"n":"Petits pois Notre Jardin A l'étuvée - Extra fins - 560g","p":1.29,"u":"2,30 €/KG","img":"https://fd3-photos.leclercdrive.fr/image.ashx?id=2526267&use=l&cat=p&typeid=i","cat":312607},{"id":1887,"n":"Champignons Paris Notre Jardin Pieds et morceaux - 3x115g","p":1.99,"u":"5,77 €/KG","img":"https://fd3-photos.leclercdrive.fr/image.ashx?id=2991115&use=l&cat=p&typeid=i","cat":312610},{"id":1888,"n":"Flageolets verts Notre Jardin Extra fins - 530g","p":1.29,"u":"2,43 €/KG","img":"https://fd3-photos.leclercdrive.fr/image.ashx?id=2468819&use=l&cat=p&typeid=i","cat":312606},{"id":1890,"n":"Choux Bruxelles Notre Jardin 265g","p":1.29,"u":"4,87 €/KG","img":"https://fd3-photos.leclercdrive.fr/image.ashx?id=2913654&use=l&cat=p&typeid=i","cat":312612},{"id":1893,"n":"Sardines Pêche Océan Huile d'olive - 135g","p":1.25,"u":"9,26 €/KG","img":"https://fd3-photos.leclercdrive.fr/image.ashx?id=2550375&use=l&cat=p&typeid=i","cat":305146},{"id":1895,"n":"Foie de morue Connétable MSC - Fumé - 121g","p":1.87,"u":"15,45 €/KG","img":"https://fd3-photos.leclercdrive.fr/image.ashx?id=2804454&use=l&cat=p&typeid=i","cat":305147},{"id":1897,"n":"Pâté NRT Campagne porc breton - 200g","p":1.91,"u":"9,55 €/KG","img":"https://fd3-photos.leclercdrive.fr/image.ashx?id=2560494&use=l&cat=p&typeid=i","cat":305149},{"id":1898,"n":"Cassoulet Côté Table 840g","p":2.19,"u":"2,61 €/KG","img":"https://fd3-photos.leclercdrive.fr/image.ashx?id=2977096&use=l&cat=p&typeid=i","cat":284440},{"id":1901,"n":"Taboulé Côté Table Etui 730g","p":1.87,"u":"2,56 €/KG","img":"https://fd3-photos.leclercdrive.fr/image.ashx?id=2977093&use=l&cat=p&typeid=i","cat":325094},{"id":1902,"n":"Chips à l'ancienne Pom'Lisse Nature - 150g","p":1.04,"u":"6,93 €/KG","img":"https://fd3-photos.leclercdrive.fr/image.ashx?id=2724829&use=l&cat=p&typeid=i","cat":284447},{"id":1903,"n":"Saucisses cocktail Tokapi  240g","p":1.95,"u":"8,13 €/KG","img":"https://fd3-photos.leclercdrive.fr/image.ashx?id=2943614&use=l&cat=p&typeid=i","cat":284450},{"id":1906,"n":"Huile de tournesol Lesieur  1L","p":2.68,"u":"2,68 €/L","img":"https://fd3-photos.leclercdrive.fr/image.ashx?id=2916839&use=l&cat=p&typeid=i","cat":284453},{"id":1909,"n":"Olives vertes Rustica Entières - 200g","p":1.24,"u":"6,20 €/KG","img":"https://fd3-photos.leclercdrive.fr/image.ashx?id=2499073&use=l&cat=p&typeid=i","cat":284458},{"id":1913,"n":"Pâtes Barilla Coquillettes - 500g","p":0.97,"u":"1,94 €/KG","img":"https://fd3-photos.leclercdrive.fr/image.ashx?id=2392218&use=l&cat=p&typeid=i","cat":284427},{"id":1920,"n":"Boisson végétale Bio Bjorg Soja Douceur - 1L","p":1.84,"u":"1,84 €/L","img":"https://fd3-photos.leclercdrive.fr/image.ashx?id=2967052&use=l&cat=p&typeid=i","cat":316067},{"id":1925,"n":"Petits beurre P'tit Déli x24 - 200g","p":0.95,"u":"4,75 €/KG","img":"https://fd3-photos.leclercdrive.fr/image.ashx?id=778266&use=l&cat=p&typeid=i","cat":284487},{"id":1935,"n":"Café Soluble Nescafé Sélection - 200g","p":6.77,"u":"33,85 €/KG","img":"https://fd3-photos.leclercdrive.fr/image.ashx?id=2968847&use=l&cat=p&typeid=i","cat":284843},{"id":1942,"n":"Chocolat en poudre Nesquik Boîte 1kg","p":6.41,"u":"6,41 €/KG","img":"https://fd3-photos.leclercdrive.fr/image.ashx?id=2493805&use=l&cat=p&typeid=i","cat":293235},{"id":1943,"n":"Confiture Bonne Maman Fraises - 750g","p":3.51,"u":"4,68 €/KG","img":"https://fd3-photos.leclercdrive.fr/image.ashx?id=2906073&use=l&cat=p&typeid=i","cat":284480},{"id":1953,"n":"Sucre n°4 Saint Louis Morceaux - 1kg","p":1.95,"u":"1,95 €/KG","img":"https://fd3-photos.leclercdrive.fr/image.ashx?id=2624236&use=l&cat=p&typeid=i","cat":284502},{"id":1955,"n":"Farine de blé T45 Tablier Blanc 1kg","p":0.69,"u":"0,69 €/KG","img":"https://fd3-photos.leclercdrive.fr/image.ashx?id=2832622&use=l&cat=p&typeid=i","cat":284503},{"id":1956,"n":"Compote Douceur du Verger Coupelle pomme banane - 4x100g","p":1.3,"u":"3,25 €/KG","img":"https://fd3-photos.leclercdrive.fr/image.ashx?id=2663461&use=l&cat=p&typeid=i","cat":284508},{"id":1961,"n":"Tablette de chocolat Equador Noir 72% cacao 100g","p":1.39,"u":"13,90 €/KG","img":"https://fd3-photos.leclercdrive.fr/image.ashx?id=2822920&use=l&cat=p&typeid=i","cat":284956},{"id":1962,"n":"Tablette de Chocolat Blanc Galak - 2x100g","p":3.23,"u":"16,15 €/KG","img":"https://fd3-photos.leclercdrive.fr/image.ashx?id=2769618&use=l&cat=p&typeid=i","cat":284957},{"id":1972,"n":"Eau minérale gazeuse Perrier  Bouteilles en verre 8x20cl","p":3.28,"u":"2,05 €/L","img":"https://fd3-photos.leclercdrive.fr/image.ashx?id=2587551&use=l&cat=p&typeid=i","cat":284536},{"id":1975,"n":"Sirop Frucci Menthe - 75cl","p":1.85,"u":"2,47 €/L","img":"https://fd3-photos.leclercdrive.fr/image.ashx?id=2842208&use=l&cat=p&typeid=i","cat":295020},{"id":1980,"n":"Pur Jus d'ananas Jafaden Brique élopack 1L","p":2.09,"u":"2,09 €/L","img":"https://fd3-photos.leclercdrive.fr/image.ashx?id=2955683&use=l&cat=p&typeid=i","cat":284916},{"id":1984,"n":"Thé glacé Fresh Tea Pêche - 2L","p":1.64,"u":"0,82 €/L","img":"https://fd3-photos.leclercdrive.fr/image.ashx?id=2715281&use=l&cat=p&typeid=i","cat":295019},{"id":1990,"n":"Scotch Whisky Label 5 40%vol - 70cl","p":12.6,"u":"18,00 €/L","img":"https://fd3-photos.leclercdrive.fr/image.ashx?id=2639468&use=l&cat=p&typeid=i","cat":284547},{"id":1994,"n":"Whisky J&B Rare 40%vol - 70cl","p":15.58,"u":"22,26 €/L","img":"https://fd3-photos.leclercdrive.fr/image.ashx?id=2301028&use=l&cat=p&typeid=i","cat":284547},{"id":1995,"n":"Whisky Ballantine's Finest Blended Scotch 40% vol - 70cl","p":15.4,"pp":14.4,"u":"20,57 €/L","img":"https://fd3-photos.leclercdrive.fr/image.ashx?id=2981298&use=l&cat=p&typeid=i","cat":284547},{"id":1997,"n":"Whisky Clan Campbell Blended Scotch 40% vol - 70cl","p":14.99,"u":"21,41 €/L","img":"https://fd3-photos.leclercdrive.fr/image.ashx?id=2868365&use=l&cat=p&typeid=i","cat":284547},{"id":1998,"n":"Whiskey Irlandais Jameson  40% vol - 70cl","p":19.08,"u":"27,26 €/L","img":"https://fd3-photos.leclercdrive.fr/image.ashx?id=2866025&use=l&cat=p&typeid=i","cat":284547},{"id":2000,"n":"Pastis Duval 45%vol - 1L","p":16.75,"u":"16,75 €/L","img":"https://fd3-photos.leclercdrive.fr/image.ashx?id=2659656&use=l&cat=p&typeid=i","cat":284548},{"id":2001,"n":"Pastis Ricard Anisé 45% vol - 1L","p":19.89,"pp":18.89,"u":"18,89 €/L","img":"https://fd3-photos.leclercdrive.fr/image.ashx?id=2947820&use=l&cat=p&typeid=i","cat":284548},{"id":2002,"n":"Pastis de Marseille Vivalis 45%vol - 1L","p":16.95,"u":"16,95 €/L","img":"https://fd3-photos.leclercdrive.fr/image.ashx?id=2699639&use=l&cat=p&typeid=i","cat":284548},{"id":2006,"n":"Vodka Novotna  Pure grain 37.5%vol - 70cl","p":10.59,"u":"15,13 €/L","img":"https://fd3-photos.leclercdrive.fr/image.ashx?id=1654441&use=l&cat=p&typeid=i","cat":284550},{"id":2010,"n":"Rhum blanc Old Nick  40%vol - 70cl","p":10.15,"u":"14,50 €/L","img":"https://fd3-photos.leclercdrive.fr/image.ashx?id=2483747&use=l&cat=p&typeid=i","cat":284550},{"id":2012,"n":"Rhum ambré Negrita 40%vol - 1L","p":14.06,"u":"14,06 €/L","img":"https://fd3-photos.leclercdrive.fr/image.ashx?id=2519633&use=l&cat=p&typeid=i","cat":284550},{"id":2015,"n":"Liqueur The Original Baileys Irish Cream 17%vol - 70cl","p":11.84,"u":"16,91 €/L","img":"https://fd3-photos.leclercdrive.fr/image.ashx?id=2536059&use=l&cat=p&typeid=i","cat":286032},{"id":2018,"n":"Rhum Lagoa 40%vol - 50cl","p":7.0,"u":"14,00 €/L","img":"https://fd3-photos.leclercdrive.fr/image.ashx?id=2966487&use=l&cat=p&typeid=i","cat":284550},{"id":2019,"n":"Sucre de canne Lagoa 70cl","p":1.65,"u":"2,36 €/L","img":"https://fd3-photos.leclercdrive.fr/image.ashx?id=2966475&use=l&cat=p&typeid=i","cat":284551},{"id":2021,"n":"Apéritif Suze L'Originale 15% vol - 1L","p":9.83,"u":"9,83 €/L","img":"https://fd3-photos.leclercdrive.fr/image.ashx?id=2914462&use=l&cat=p&typeid=i","cat":284913},{"id":2025,"n":"Muscat de Rivesaltes G. d'Arria 15.5%vol - 75cl","p":4.99,"u":"6,65 €/L","img":"https://fd3-photos.leclercdrive.fr/image.ashx?id=2974744&use=l&cat=p&typeid=i","cat":284913},{"id":2028,"n":"AOP Bordeaux rouge Baron de Lestac - 75cl","p":4.39,"u":"5,85 €/L","img":"https://fd3-photos.leclercdrive.fr/image.ashx?id=2471148&use=l&cat=p&typeid=i","cat":289556},{"id":2029,"n":"AOP Bordeaux rouge Malesan - 75 cl","p":4.55,"u":"6,07 €/L","img":"https://fd3-photos.leclercdrive.fr/image.ashx?id=2917432&use=l&cat=p&typeid=i","cat":289556},{"id":2045,"n":"IGP Pays d'Oc vin rouge Vieux Carion 12.5% vol -75 cl","p":2.25,"u":"3,00 €/L","img":"https://fd3-photos.leclercdrive.fr/image.ashx?id=2925168&use=l&cat=p&typeid=i","cat":289556},{"id":2049,"n":"IGP Pays d'Oc Gris vin rosé Rives & Terrasses - 75cl -12,5%","p":2.89,"u":"3,85 €/L","img":"https://fd3-photos.leclercdrive.fr/image.ashx?id=2920918&use=l&cat=p&typeid=i","cat":289558},{"id":2051,"n":"IGP Pays d'Oc Syrah vin rosé Vieux Carion 12.5% vol -75 cl","p":2.25,"u":"3,00 €/L","img":"https://fd3-photos.leclercdrive.fr/image.ashx?id=2892340&use=l&cat=p&typeid=i","cat":289558},{"id":2058,"n":"IGP Pays d'Oc Sauvignon Blanc Vieux Carion 12% vol -75 cl","p":2.25,"u":"3,00 €/L","img":"https://fd3-photos.leclercdrive.fr/image.ashx?id=2879937&use=l&cat=p&typeid=i","cat":289557},{"id":2071,"n":"AOP¨Champagne Brut Veuve Clicquot - 75cl","p":40.84,"u":"54,45 €/L","img":"https://fd3-photos.leclercdrive.fr/image.ashx?id=2210924&use=l&cat=p&typeid=i","cat":284542},{"id":2072,"n":"AOP Champagne Mumm Cordon Rouge Brut 12% vol - 75cl","p":28.9,"pp":27.9,"u":"37,20 €/L","img":"https://fd3-photos.leclercdrive.fr/image.ashx?id=3011005&use=l&cat=p&typeid=i","cat":284542},{"id":2073,"n":"AOC Champagne brut rosé Pol Carson - 75cl","p":19.95,"u":"26,60 €/L","img":"https://fd3-photos.leclercdrive.fr/image.ashx?id=1703881&use=l&cat=p&typeid=i","cat":284542},{"id":2074,"n":"AOP Champagne demi-sec blanc Pol Carson - 75cl","p":17.99,"u":"23,99 €/L","img":"https://fd3-photos.leclercdrive.fr/image.ashx?id=2909846&use=l&cat=p&typeid=i","cat":284542},{"id":2075,"n":"AOP Champagne brut Pol Carson - 75cl","p":17.99,"u":"23,99 €/L","img":"https://fd3-photos.leclercdrive.fr/image.ashx?id=2909843&use=l&cat=p&typeid=i","cat":284542},{"id":2079,"n":"Cidre bouché Les Goelleries Breton doux 2%vol. - 75cl","p":2.12,"u":"2,83 €/L","img":"https://fd3-photos.leclercdrive.fr/image.ashx?id=2842190&use=l&cat=p&typeid=i","cat":334880},{"id":2082,"n":"AOP Crémant d'Alsace brut Rebmann - 75 cl","p":5.95,"u":"7,93 €/L","img":"https://fd3-photos.leclercdrive.fr/image.ashx?id=2888935&use=l&cat=p&typeid=i","cat":284545},{"id":2086,"n":"Mister Cocktail sans alcool Pêche - 75cl","p":3.38,"u":"4,51 €/L","img":"https://fd3-photos.leclercdrive.fr/image.ashx?id=3014464&use=l&cat=p&typeid=i","cat":284549},{"id":2087,"n":"Jus de pomme pétillant Champomy L'Original Pomme - 75cl","p":2.71,"u":"3,61 €/L","img":"https://fd3-photos.leclercdrive.fr/image.ashx?id=2688683&use=l&cat=p&typeid=i","cat":289460},{"id":2090,"n":"Emmental fromage bloc Les Croisés - 500g","p":4.19,"u":"8,38 €/KG","img":"https://fd3-photos.leclercdrive.fr/image.ashx?id=2897772&use=l&cat=p&typeid=i","cat":314034},{"id":2092,"n":"Bûche de chèvre Saint-Maure LEs Croisés 25% MG - 200g","p":2.06,"u":"10,30 €/KG","img":"https://fd3-photos.leclercdrive.fr/image.ashx?id=2894719&use=l&cat=p&typeid=i","cat":314031},{"id":2095,"n":"Emmental Fromage râpé Les Croisés - 3x70g","p":1.89,"u":"9,00 €/KG","img":"https://fd3-photos.leclercdrive.fr/image.ashx?id=2949406&use=l&cat=p&typeid=i","cat":314035},{"id":2111,"n":"Beurre Extra fin Les Croisés Doux - 82% MG - 250g","p":2.35,"u":"9,40 €/KG","img":"https://fd3-photos.leclercdrive.fr/image.ashx?id=2791221&use=l&cat=p&typeid=i","cat":284379},{"id":2112,"n":"Sauce Béchamel Bridélice 3x20cl","p":3.08,"u":"5,13 €/L","img":"https://fd3-photos.leclercdrive.fr/image.ashx?id=2888458&use=l&cat=p&typeid=i","cat":284382},{"id":2114,"n":"Saucisse sèche Saint Azay Qualité supérieure - 250g","p":2.99,"u":"11,96 €/KG","img":"https://fd3-photos.leclercdrive.fr/image.ashx?id=2859149&use=l&cat=p&typeid=i","cat":316006},{"id":2125,"n":"Tagliatelle fraîche Turini 350g","p":1.19,"u":"3,40 €/KG","img":"https://fd3-photos.leclercdrive.fr/image.ashx?id=2846514&use=l&cat=p&typeid=i","cat":333682},{"id":2126,"n":"Pâte brisée Tablier Blanc Prête à dérouler - 230g","p":0.65,"u":"2,83 €/KG","img":"https://fd3-photos.leclercdrive.fr/image.ashx?id=2635886&use=l&cat=p&typeid=i","cat":333681},{"id":2128,"n":"Bâtonnets Surimi Pêche Océan MSC - x12 - 200g","p":1.38,"u":"6,90 €/KG","img":"https://fd3-photos.leclercdrive.fr/image.ashx?id=2981837&use=l&cat=p&typeid=i","cat":285189},{"id":2130,"n":"Filets d'anchois Pêche Océan Huile d'olive - 50g","p":1.36,"u":"27,20 €/KG","img":"https://fd3-photos.leclercdrive.fr/image.ashx?id=1671613&use=l&cat=p&typeid=i","cat":285190},{"id":2139,"n":"Gants jetables Mamison latex T7 x10","p":1.33,"img":"https://fd3-photos.leclercdrive.fr/image.ashx?id=2742688&use=l&cat=p&typeid=i","cat":284668},{"id":2141,"n":"Crème nettoyante Clair 3en1 - 750ml","p":1.15,"u":"1,53 €/L","img":"https://fd3-photos.leclercdrive.fr/image.ashx?id=2868310&use=l&cat=p&typeid=i","cat":325357},{"id":2179,"n":"Barres céréales Special K  Kellogg's Chocolat - 6x21,5g","p":2.09,"u":"16,20 €/KG","img":"https://fd3-photos.leclercdrive.fr/image.ashx?id=3011113&use=l&cat=p&typeid=i","cat":285869},{"id":2185,"n":"boisson végétale soja  sans sucre bio bjorg nature 1l","p":1.77,"u":"1,77 €/L","img":"https://fd3-photos.leclercdrive.fr/image.ashx?id=2939385&use=l&cat=p&typeid=i","cat":316067},{"id":2187,"n":"Mascarpone Les Croisés - 250g","p":1.78,"u":"7,12 €/KG","img":"https://fd3-photos.leclercdrive.fr/image.ashx?id=2123620&use=l&cat=p&typeid=i","cat":314026},{"id":2192,"n":"Papier aluminium Elembal 50m","p":4.4,"img":"https://fd3-photos.leclercdrive.fr/image.ashx?id=2940899&use=l&cat=p&typeid=i","cat":334134},{"id":2193,"n":"Film étirable Elembal 2en1 20m","p":1.25,"img":"https://fd3-photos.leclercdrive.fr/image.ashx?id=2059962&use=l&cat=p&typeid=i","cat":334134},{"id":2194,"n":"Sacs congélation Elembal Moyen modèle x50","p":1.08,"img":"https://fd3-photos.leclercdrive.fr/image.ashx?id=2257205&use=l&cat=p&typeid=i","cat":334134},{"id":2195,"n":"Sacs poubelle 30L Elembal Poignées coulissantes - x20","p":2.11,"u":"0,11 €/P","img":"https://fd3-photos.leclercdrive.fr/image.ashx?id=2791740&use=l&cat=p&typeid=i","cat":285168},{"id":2199,"n":"Cassoulet La Belle Chaurienne Canard 4/4 840g","p":5.36,"u":"6,38 €/KG","img":"https://fd3-photos.leclercdrive.fr/image.ashx?id=2837340&use=l&cat=p&typeid=i","cat":284440},{"id":2200,"n":"Muffins nature Epi d'Or x4 - 250g","p":1.51,"u":"6,04 €/KG","img":"https://fd3-photos.leclercdrive.fr/image.ashx?id=2939052&use=l&cat=p&typeid=i","cat":284985},{"id":2201,"n":"Pastis 51 Anisé 45% vol - 1L","p":18.9,"u":"18,90 €/L","img":"https://fd3-photos.leclercdrive.fr/image.ashx?id=2998916&use=l&cat=p&typeid=i","cat":284548},{"id":2228,"n":"Eau de toilette Scorpio rouge Flacon - 75ml","p":7.86,"pp":5.19,"u":"69,20 €/L","img":"https://fd3-photos.leclercdrive.fr/image.ashx?id=2329777&use=l&cat=p&typeid=i","cat":287740},{"id":2237,"n":"Arôme Fleur d'oranger Vahiné 200ml","p":1.16,"u":"5,80 €/L","img":"https://fd3-photos.leclercdrive.fr/image.ashx?id=2983231&use=l&cat=p&typeid=i","cat":284504},{"id":2238,"n":"Arôme vanille Vahiné 200ml","p":2.84,"u":"14,20 €/L","img":"https://fd3-photos.leclercdrive.fr/image.ashx?id=2490551&use=l&cat=p&typeid=i","cat":284504},{"id":2257,"n":"Crème Hydratante Soft Nivea Visage Corps Mains - 75ml","p":1.6,"u":"22,86 €/L","img":"https://fd3-photos.leclercdrive.fr/image.ashx?id=3005215&use=l&cat=p&typeid=i","cat":325350},{"id":2259,"n":"Crème Hydratante Soft Nivea Visage Corps Mains - 200ml","p":3.11,"u":"15,55 €/L","img":"https://fd3-photos.leclercdrive.fr/image.ashx?id=3014608&use=l&cat=p&typeid=i","cat":325350},{"id":2277,"n":"Gel lubrifiant Intimy Classic - 70ml","p":2.67,"u":"38,14 €/L","img":"https://fd3-photos.leclercdrive.fr/image.ashx?id=2927330&use=l&cat=p&typeid=i","cat":285160},{"id":2280,"n":"Compresses stériles Mercurochrome - x60","p":6.53,"u":"0,11 €/P","img":"https://fd3-photos.leclercdrive.fr/image.ashx?id=2731483&use=l&cat=p&typeid=i","cat":284630},{"id":2305,"n":"Lait Démaquillant Mixa  Anti-dessèchement - 200ml","p":2.94,"u":"14,70 €/L","img":"https://fd3-photos.leclercdrive.fr/image.ashx?id=2285390&use=l&cat=p&typeid=i","cat":284603},{"id":2317,"n":"Mousse Coiffante Franck Provost Cheveux Bouclés - 200ml","p":4.16,"u":"20,80 €/L","img":"https://fd3-photos.leclercdrive.fr/image.ashx?id=2575606&use=l&cat=p&typeid=i","cat":284609},{"id":2324,"n":"Eau Micellaire vitaminée Mixa Peaux Sensibles - 200ml","p":2.84,"u":"14,20 €/L","img":"https://fd3-photos.leclercdrive.fr/image.ashx?id=2445334&use=l&cat=p&typeid=i","cat":284603},{"id":2336,"n":"Baume soin Après-Rasage Mennen Peaux Sensibles - 100ml","p":3.67,"u":"36,70 €/L","img":"https://fd3-photos.leclercdrive.fr/image.ashx?id=2517905&use=l&cat=p&typeid=i","cat":288147},{"id":2356,"n":"Lingettes Demak'up Peaux sèches sensibles x25","p":3.06,"u":"0,12 €/P","img":"https://fd3-photos.leclercdrive.fr/image.ashx?id=3014458&use=l&cat=p&typeid=i","cat":284603},{"id":2373,"n":"Activateur biologique Eparcyl  Liquide fosse septique - 500 ml","p":6.65,"u":"13,30 €/L","img":"https://fd3-photos.leclercdrive.fr/image.ashx?id=2144059&use=l&cat=p&typeid=i","cat":284908},{"id":2411,"n":"Gel nettoyant Garnier Pure Tube 150ml","p":3.37,"u":"22,47 €/L","img":"https://fd3-photos.leclercdrive.fr/image.ashx?id=2751651&use=l&cat=p&typeid=i","cat":284603},{"id":2441,"n":"Préservatifs Durex Love Faciles et rapides à poser x6","p":2.17,"u":"0,36 €/P","img":"https://fd3-photos.leclercdrive.fr/image.ashx?id=2963895&use=l&cat=p&typeid=i","cat":284631},{"id":2484,"n":"Dentifrice Signal Haleine Pure 75ml","p":1.32,"u":"17,60 €/L","img":"https://fd3-photos.leclercdrive.fr/image.ashx?id=1984459&use=l&cat=p&typeid=i","cat":284612},{"id":2503,"n":"Biscuit vanille citron Gerlinéa  encas minceur - 156g","p":1.67,"u":"11,13 €/KG","img":"https://fd3-photos.leclercdrive.fr/image.ashx?id=2654779&use=l&cat=p&typeid=i","cat":318651},{"id":2504,"n":"Levure de bière Gerblé à saupoudrer - 150g","p":2.65,"u":"17,67 €/KG","img":"https://fd3-photos.leclercdrive.fr/image.ashx?id=2575036&use=l&cat=p&typeid=i","cat":288382},{"id":2505,"n":"Crème au chocolat GERLINEA   Repas minceur - 3x210g","p":4.27,"u":"6,78 €/KG","img":"https://fd3-photos.leclercdrive.fr/image.ashx?id=2653450&use=l&cat=p&typeid=i","cat":318652},{"id":2506,"n":"Coupelle crème Gerlinea Vanille caramel -  3x210g","p":3.87,"u":"6,14 €/KG","img":"https://fd3-photos.leclercdrive.fr/image.ashx?id=2653453&use=l&cat=p&typeid=i","cat":318652},{"id":2510,"n":"Biscuits soja figue GERBLE   - 4x4, 270g","p":2.2,"u":"8,15 €/KG","img":"https://fd3-photos.leclercdrive.fr/image.ashx?id=2812720&use=l&cat=p&typeid=i","cat":318651},{"id":2511,"n":"Biscuits diététiques Gerblé Soja Orange - 280g","p":1.63,"u":"5,82 €/KG","img":"https://fd3-photos.leclercdrive.fr/image.ashx?id=2623166&use=l&cat=p&typeid=i","cat":318651},{"id":2523,"n":"Amandes effilées Couleurs Vives 125g","p":1.99,"u":"15,92 €/KG","img":"https://fd3-photos.leclercdrive.fr/image.ashx?id=2896874&use=l&cat=p&typeid=i","cat":284504},{"id":2524,"n":"Amandes Couleurs Vives En poudre - 125g","p":1.97,"u":"15,76 €/KG","img":"https://fd3-photos.leclercdrive.fr/image.ashx?id=2896871&use=l&cat=p&typeid=i","cat":284504},{"id":2525,"n":"Cerneaux noix Couleurs Vives 125g","p":1.78,"u":"14,83 €/KG","img":"https://fd3-photos.leclercdrive.fr/image.ashx?id=2886436&use=l&cat=p&typeid=i","cat":284357},{"id":2568,"n":"Laque Cheveux L'Oréal Paris Fixation forte - 150ml","p":3.77,"u":"25,13 €/L","img":"https://fd3-photos.leclercdrive.fr/image.ashx?id=2576157&use=l&cat=p&typeid=i","cat":284609},{"id":2571,"n":"Gel Coiffant L'Oréal Paris Ultra Fixant 24H - 150ml","p":3.53,"u":"23,53 €/L","img":"https://fd3-photos.leclercdrive.fr/image.ashx?id=2576163&use=l&cat=p&typeid=i","cat":284609},{"id":2576,"n":"Soin anti-âge L'Oréal Paris Age Perfect - 50ml","p":7.56,"u":"151,20 €/L","img":"https://fd3-photos.leclercdrive.fr/image.ashx?id=2867356&use=l&cat=p&typeid=i","cat":325345},{"id":2588,"n":"Eau minérale Thonon 6x1.5L","p":2.82,"u":"0,31 €/L","img":"https://fd3-photos.leclercdrive.fr/image.ashx?id=2915557&use=l&cat=p&typeid=i","cat":284535},{"id":2612,"n":"Lait demi-écrémé UHT Délisse  Brique - 6x1L","p":5.94,"u":"0,99 €/L","img":"https://fd3-photos.leclercdrive.fr/image.ashx?id=2970542&use=l&cat=p&typeid=i","cat":284377},{"id":2613,"n":"Lait demi-écrémé UHT Délisse Bouteille - 6x1L","p":6.3,"u":"1,05 €/L","img":"https://fd3-photos.leclercdrive.fr/image.ashx?id=2970530&use=l&cat=p&typeid=i","cat":284377},{"id":2614,"n":"Lait demi-écrémé Délisse UHT Bouteille -  6x50cl","p":4.74,"u":"1,58 €/L","img":"https://fd3-photos.leclercdrive.fr/image.ashx?id=2970557&use=l&cat=p&typeid=i","cat":284377},{"id":2615,"n":"Lait écrémé Délisse Brique : 6x1L","p":5.52,"u":"0,92 €/L","img":"https://fd3-photos.leclercdrive.fr/image.ashx?id=2976279&use=l&cat=p&typeid=i","cat":284949},{"id":2616,"n":"Lait entier Délisse UHT - Brique : 6x1L","p":6.48,"u":"1,08 €/L","img":"https://fd3-photos.leclercdrive.fr/image.ashx?id=2970551&use=l&cat=p&typeid=i","cat":285610},{"id":2618,"n":"Lait chèvre demi-écrémé Lactel UHT Bouteille - 6x1L","p":15.06,"u":"2,51 €/L","img":"https://fd3-photos.leclercdrive.fr/image.ashx?id=2873961&use=l&cat=p&typeid=i","cat":295251},{"id":2619,"n":"Lait bio Bio Village Bouteille  Demi-écrémé UHT -  6x1L","p":6.48,"u":"1,08 €/L","img":"https://fd3-photos.leclercdrive.fr/image.ashx?id=2971509&use=l&cat=p&typeid=i","cat":284377},{"id":2622,"n":"Joker Pur Jus Engagé Ananas 1L","p":3.17,"u":"3,17 €/L","img":"https://fd3-photos.leclercdrive.fr/image.ashx?id=3008134&use=l&cat=p&typeid=i","cat":284916},{"id":2638,"n":"Eau minérale Courmayeur 6x1.5L","p":2.58,"u":"0,29 €/L","img":"https://fd3-photos.leclercdrive.fr/image.ashx?id=2964105&use=l&cat=p&typeid=i","cat":284535},{"id":2649,"n":"Eau de source de Montagne 6x1.5L","p":1.68,"u":"0,19 €/L","img":"https://fd3-photos.leclercdrive.fr/image.ashx?id=2727617&use=l&cat=p&typeid=i","cat":284535},{"id":2650,"n":"Whisky William Lawson's Finest Blend 40° - 100cl","p":17.88,"u":"17,88 €/L","img":"https://fd3-photos.leclercdrive.fr/image.ashx?id=2966134&use=l&cat=p&typeid=i","cat":284547},{"id":2729,"n":"Pistaches grillées à sec Tokapi 300g","p":3.5,"u":"11,67 €/KG","img":"https://fd3-photos.leclercdrive.fr/image.ashx?id=2994172&use=l&cat=p&typeid=i","cat":284448},{"id":2734,"n":"Eau de source Eco+ 6x 1.5L","p":1.14,"u":"0,13 €/L","img":"https://fd3-photos.leclercdrive.fr/image.ashx?id=2959572&use=l&cat=p&typeid=i","cat":284535},{"id":2737,"n":"Eau minérale Des Alpes  6x1.5L","p":2.1,"u":"0,23 €/L","img":"https://fd3-photos.leclercdrive.fr/image.ashx?id=2768667&use=l&cat=p&typeid=i","cat":284535},{"id":2742,"n":"Eau gazeuse San Pellegrino Minérale naturelle - 6x1L","p":3.77,"u":"0,63 €/L","img":"https://fd3-photos.leclercdrive.fr/image.ashx?id=2740316&use=l&cat=p&typeid=i","cat":284536},{"id":2743,"n":"Eau gazeuse  Badoit verte finement pétillante - 6x50cl","p":2.88,"u":"0,96 €/L","img":"https://fd3-photos.leclercdrive.fr/image.ashx?id=2983081&use=l&cat=p&typeid=i","cat":284536},{"id":2749,"n":"Lait entier Délisse UHT - Bouteille : 6x1L","p":7.74,"u":"1,29 €/L","img":"https://fd3-photos.leclercdrive.fr/image.ashx?id=2970566&use=l&cat=p&typeid=i","cat":285610},{"id":2750,"n":"Lait écrémé Délisse UHT - Bouteille : 6x1L","p":5.94,"u":"0,99 €/L","img":"https://fd3-photos.leclercdrive.fr/image.ashx?id=2970575&use=l&cat=p&typeid=i","cat":284949},{"id":2755,"n":"Lait demi-écrémé Lactel Vitamine D Bouteille - 6x1l","p":7.44,"u":"1,24 €/L","img":"https://fd3-photos.leclercdrive.fr/image.ashx?id=2889424&use=l&cat=p&typeid=i","cat":284377},{"id":2757,"n":"Lait Bio demi-écrémé Lactel  UHT Bouteille - 6x1l","p":9.42,"u":"1,57 €/L","img":"https://fd3-photos.leclercdrive.fr/image.ashx?id=2886918&use=l&cat=p&typeid=i","cat":284377},{"id":2758,"n":"Lait Matin Léger de Lactel Sans lactose 1.2% mg - 6x50cl","p":7.14,"u":"2,38 €/L","img":"https://fd3-photos.leclercdrive.fr/image.ashx?id=2883564&use=l&cat=p&typeid=i","cat":317169},{"id":2776,"n":"Crème Mains Réparatrice Mixa Mains abîmées - 100ml","p":2.32,"u":"23,20 €/L","img":"https://fd3-photos.leclercdrive.fr/image.ashx?id=2276024&use=l&cat=p&typeid=i","cat":325354},{"id":2777,"n":"Crème mains protectrice Mixa Anti-dessèchement - 100ml","p":2.17,"u":"21,70 €/L","img":"https://fd3-photos.leclercdrive.fr/image.ashx?id=2299873&use=l&cat=p&typeid=i","cat":325354},{"id":2779,"n":"Whisky William Lawson's Finest Blend 40° - 70cl","p":12.53,"u":"17,90 €/L","img":"https://fd3-photos.leclercdrive.fr/image.ashx?id=2848340&use=l&cat=p&typeid=i","cat":284547},{"id":2813,"n":"Pizza Chèvre Turini Cuite au feu de bois - 420g","p":2.21,"u":"5,26 €/KG","img":"https://fd3-photos.leclercdrive.fr/image.ashx?id=2815214&use=l&cat=p&typeid=i","cat":284256},{"id":2814,"n":"Pizza 4 fromages Turini Cuite au feu de bois - 420g","p":2.23,"u":"5,31 €/KG","img":"https://fd3-photos.leclercdrive.fr/image.ashx?id=2815211&use=l&cat=p&typeid=i","cat":284256},{"id":2845,"n":"Glace Cône Nestlé Extrême Rhum raisins x6 - 426g","p":3.22,"u":"7,56 €/KG","img":"https://fd3-photos.leclercdrive.fr/image.ashx?id=2729848&use=l&cat=p&typeid=i","cat":284264},{"id":2872,"n":"Poireau Botte 1kg","p":2.09,"u":"2,09 €/KG","img":"https://fd3-photos.leclercdrive.fr/image.ashx?id=1633169&use=l&cat=p&typeid=i","cat":284352},{"id":2896,"n":"Endive Sachet 1kg","p":2.79,"u":"2,79 €/KG","img":"https://fd3-photos.leclercdrive.fr/image.ashx?id=558004&use=l&cat=p&typeid=i","cat":284352},{"id":2902,"n":"Botte de radis rose  1p","p":0.99,"img":"https://fd3-photos.leclercdrive.fr/image.ashx?id=558013&use=l&cat=p&typeid=i","cat":284352},{"id":2929,"n":"Biscuits raisins GERBLE   - 4x4, 270g","p":1.63,"u":"6,04 €/KG","img":"https://fd3-photos.leclercdrive.fr/image.ashx?id=2662298&use=l&cat=p&typeid=i","cat":318651},{"id":2930,"n":"Biscuits pomme noisette GERBLE   4x4 - 230g","p":1.5,"u":"6,52 €/KG","img":"https://fd3-photos.leclercdrive.fr/image.ashx?id=2967753&use=l&cat=p&typeid=i","cat":318651},{"id":2932,"n":"Biscuit miel sésame GERBLE  - 6x3,  162g","p":2.17,"u":"13,40 €/KG","img":"https://fd3-photos.leclercdrive.fr/image.ashx?id=2662277&use=l&cat=p&typeid=i","cat":318651},{"id":2933,"n":"Germe de blé Gerblé 250g","p":1.85,"u":"7,40 €/KG","img":"https://fd3-photos.leclercdrive.fr/image.ashx?id=2575060&use=l&cat=p&typeid=i","cat":288382},{"id":2934,"n":"Barres Amande GERBLE   - 6 sachets 150g","p":2.07,"u":"13,80 €/KG","img":"https://fd3-photos.leclercdrive.fr/image.ashx?id=2664088&use=l&cat=p&typeid=i","cat":318652},{"id":2935,"n":"Biscuits écorce confite GERBLE   - 4x5,  360g","p":1.77,"u":"4,92 €/KG","img":"https://fd3-photos.leclercdrive.fr/image.ashx?id=2662907&use=l&cat=p&typeid=i","cat":318651},{"id":2938,"n":"Biscuits germe de blé GERBLE   - 5x5, 210g","p":1.27,"u":"6,05 €/KG","img":"https://fd3-photos.leclercdrive.fr/image.ashx?id=2573540&use=l&cat=p&typeid=i","cat":318651},{"id":2950,"n":"Biscuits lait chocolat GERBLE   - 5x4, 230g","p":1.74,"u":"7,57 €/KG","img":"https://fd3-photos.leclercdrive.fr/image.ashx?id=2575030&use=l&cat=p&typeid=i","cat":318651},{"id":2951,"n":"Biscuit chocolat GERLINEA  Encas minceur - 4x4, 200g","p":2.07,"u":"10,35 €/KG","img":"https://fd3-photos.leclercdrive.fr/image.ashx?id=2654770&use=l&cat=p&typeid=i","cat":318652},{"id":2968,"n":"Tablette chocolat Milka Chocolat lait/caramel - 2x100g","p":3.17,"u":"15,85 €/KG","img":"https://fd3-photos.leclercdrive.fr/image.ashx?id=3009146&use=l&cat=p&typeid=i","cat":284497},{"id":2969,"n":"Sticks et bretzels Tokapi 300g","p":1.2,"u":"4,00 €/KG","img":"https://fd3-photos.leclercdrive.fr/image.ashx?id=2431104&use=l&cat=p&typeid=i","cat":297000},{"id":2971,"n":"Chips ondulées Pom'Lisse  Nature - 150g","p":0.93,"u":"6,20 €/KG","img":"https://fd3-photos.leclercdrive.fr/image.ashx?id=2657196&use=l&cat=p&typeid=i","cat":284447},{"id":2973,"n":"Chips Pom'Lisse Barbecue - 135g","p":0.89,"u":"6,59 €/KG","img":"https://fd3-photos.leclercdrive.fr/image.ashx?id=2774046&use=l&cat=p&typeid=i","cat":284447},{"id":2975,"n":"Huile arachide Lesieur 1L","p":4.17,"u":"4,17 €/L","img":"https://fd3-photos.leclercdrive.fr/image.ashx?id=2916845&use=l&cat=p&typeid=i","cat":284453},{"id":2994,"n":"Chicorée soluble Leroux Nature - 200g","p":4.18,"u":"20,90 €/KG","img":"https://fd3-photos.leclercdrive.fr/image.ashx?id=2693512&use=l&cat=p&typeid=i","cat":284843},{"id":3011,"n":"Sauce Mexicaine Tables du Monde Medium - 315g","p":1.49,"u":"4,73 €/KG","img":"https://fd3-photos.leclercdrive.fr/image.ashx?id=2476963&use=l&cat=p&typeid=i","cat":288993},{"id":3012,"n":"Sauce Fajitas Tables du Monde 430g","p":1.97,"u":"4,58 €/KG","img":"https://fd3-photos.leclercdrive.fr/image.ashx?id=2470228&use=l&cat=p&typeid=i","cat":288993},{"id":3013,"n":"Pain de mie 7 céréales Epi d'Or Grandes tranches - 550g","p":1.19,"u":"2,16 €/KG","img":"https://fd3-photos.leclercdrive.fr/image.ashx?id=1959532&use=l&cat=p&typeid=i","cat":284477},{"id":3014,"n":"Brioche tressée Epi d'Or Pépites de chocolat - 600g","p":2.36,"u":"3,93 €/KG","img":"https://fd3-photos.leclercdrive.fr/image.ashx?id=2867898&use=l&cat=p&typeid=i","cat":284478},{"id":3029,"n":"Gâche vendéenne IGP NRT 400g","p":2.65,"u":"6,63 €/KG","img":"https://fd3-photos.leclercdrive.fr/image.ashx?id=2670404&use=l&cat=p&typeid=i","cat":284478},{"id":3034,"n":"Fromage Parmesan Parmareggio 60g","p":1.63,"u":"27,17 €/KG","img":"https://fd3-photos.leclercdrive.fr/image.ashx?id=2975458&use=l&cat=p&typeid=i","cat":314035},{"id":3040,"n":"Beurre moulé bio Bio Village Doux - 82% MG - 250g","p":2.99,"u":"11,96 €/KG","img":"https://fd3-photos.leclercdrive.fr/image.ashx?id=2437052&use=l&cat=p&typeid=i","cat":284379},{"id":3041,"n":"Beurre moulé bio Bio Village Demi-sel - 80% MG - 250g","p":2.99,"u":"11,96 €/KG","img":"https://fd3-photos.leclercdrive.fr/image.ashx?id=2437055&use=l&cat=p&typeid=i","cat":284379},{"id":3052,"n":"Dentifrice Menthe Fluoryl Gencives Sensibles - 75ml","p":1.77,"u":"23,60 €/L","img":"https://fd3-photos.leclercdrive.fr/image.ashx?id=2473312&use=l&cat=p&typeid=i","cat":284612},{"id":3055,"n":"Gel à raser féminin Siliss Velours abricot - 200ml","p":1.69,"u":"8,45 €/L","img":"https://fd3-photos.leclercdrive.fr/image.ashx?id=2699408&use=l&cat=p&typeid=i","cat":325352},{"id":3070,"n":"Serviette hygiénique Doulys Ultra - Normal+  - x14","p":1.29,"u":"0,09 €/P","img":"https://fd3-photos.leclercdrive.fr/image.ashx?id=2838915&use=l&cat=p&typeid=i","cat":284624},{"id":3072,"n":"Serviette hygiénique Doulys Maxi confort - Super - x16","p":1.45,"u":"0,09 €/P","img":"https://fd3-photos.leclercdrive.fr/image.ashx?id=2838912&use=l&cat=p&typeid=i","cat":284624},{"id":3091,"n":"Cordons bleus Maître coq Poulet - 1kg","p":7.33,"u":"7,33 €/KG","img":"https://fd3-photos.leclercdrive.fr/image.ashx?id=2762103&use=l&cat=p&typeid=i","cat":333683},{"id":3099,"n":"Mini cakes P'tit Déli  aux fruits x10","p":2.98,"u":"9,93 €/KG","img":"https://fd3-photos.leclercdrive.fr/image.ashx?id=2047019&use=l&cat=p&typeid=i","cat":284493},{"id":3101,"n":"Biscuits fourrés Chamonix LU Orange - 250g","p":1.55,"u":"6,20 €/KG","img":"https://fd3-photos.leclercdrive.fr/image.ashx?id=2982982&use=l&cat=p&typeid=i","cat":284489},{"id":3104,"n":"Sablés P'tit Déli Fourrés Figue x16 - 165g","p":1.12,"u":"6,79 €/KG","img":"https://fd3-photos.leclercdrive.fr/image.ashx?id=2568933&use=l&cat=p&typeid=i","cat":284489},{"id":3106,"n":"Biscuits Cookies P'tit Déli Noix coco Chocolat - 200g","p":1.39,"u":"6,95 €/KG","img":"https://fd3-photos.leclercdrive.fr/image.ashx?id=2171539&use=l&cat=p&typeid=i","cat":325066},{"id":3107,"n":"Biscuits petit beurre LU Pocket - 300g","p":1.98,"u":"6,60 €/KG","img":"https://fd3-photos.leclercdrive.fr/image.ashx?id=3001940&use=l&cat=p&typeid=i","cat":284487},{"id":3108,"n":"Biscuits petit déjeuner Prince Céréales - 300g","p":1.96,"u":"6,53 €/KG","img":"https://fd3-photos.leclercdrive.fr/image.ashx?id=2346648&use=l&cat=p&typeid=i","cat":284491},{"id":3123,"n":"Plat bébé Blédina 8 mois  Pomme de terre poulet - 2x200g","p":2.47,"u":"6,18 €/KG","img":"https://fd3-photos.leclercdrive.fr/image.ashx?id=2975056&use=l&cat=p&typeid=i","cat":312236},{"id":3126,"n":"Compote bébé Blédina 4-6 mois Banane - 2x130g","p":1.09,"u":"4,19 €/KG","img":"https://fd3-photos.leclercdrive.fr/image.ashx?id=2951548&use=l&cat=p&typeid=i","cat":312387},{"id":3142,"n":"Café et Chicorée Soluble Ricoré  Original - 100g","p":2.77,"u":"27,70 €/KG","img":"https://fd3-photos.leclercdrive.fr/image.ashx?id=2951542&use=l&cat=p&typeid=i","cat":284843},{"id":3144,"n":"Chocolat Tablette d'Or noir Extra 47% cacao 3x100g","p":2.77,"u":"9,23 €/KG","img":"https://fd3-photos.leclercdrive.fr/image.ashx?id=2982889&use=l&cat=p&typeid=i","cat":284956},{"id":3147,"n":"Madeleines P'tit déli coquilles 500g","p":1.78,"u":"3,56 €/KG","img":"https://fd3-photos.leclercdrive.fr/image.ashx?id=2999484&use=l&cat=p&typeid=i","cat":284492},{"id":3152,"n":"Café Plantation  Kenya - 250g","p":3.92,"u":"15,68 €/KG","img":"https://fd3-photos.leclercdrive.fr/image.ashx?id=2607431&use=l&cat=p&typeid=i","cat":284750},{"id":3153,"n":"Café moulu Plantation  Tradition décaféiné - 250g","p":2.95,"u":"11,80 €/KG","img":"https://fd3-photos.leclercdrive.fr/image.ashx?id=2607407&use=l&cat=p&typeid=i","cat":284750},{"id":3158,"n":"Café moulu Plantation  doux - 2x250g","p":6.88,"u":"13,76 €/KG","img":"https://fd3-photos.leclercdrive.fr/image.ashx?id=2607428&use=l&cat=p&typeid=i","cat":284750},{"id":3168,"n":"Porc au caramel Riz parfumé Marie à la sauce nuoc-mâm -300g","p":4.01,"u":"13,37 €/KG","img":"https://fd3-photos.leclercdrive.fr/image.ashx?id=2317864&use=l&cat=p&typeid=i","cat":333665},{"id":3171,"n":"Tortellini Turini Jambon cru - 250g","p":1.96,"u":"7,84 €/KG","img":"https://fd3-photos.leclercdrive.fr/image.ashx?id=2778039&use=l&cat=p&typeid=i","cat":333682},{"id":3186,"n":"Liquide vaisselle Visior citron 1,5L","p":2.15,"u":"1,43 €/L","img":"https://fd3-photos.leclercdrive.fr/image.ashx?id=2930852&use=l&cat=p&typeid=i","cat":284655},{"id":3192,"n":"Détachant sans javel Textil 2L","p":3.19,"u":"1,60 €/L","img":"https://fd3-photos.leclercdrive.fr/image.ashx?id=2988036&use=l&cat=p&typeid=i","cat":284651},{"id":3193,"n":"Aérosol désodorisant Oust Fraîcheur propre 300ml","p":1.53,"u":"5,10 €/L","img":"https://fd3-photos.leclercdrive.fr/image.ashx?id=1715230&use=l&cat=p&typeid=i","cat":311626},{"id":3200,"n":"Petits pains grillés Epi d'Or  Froment - 225g","p":0.79,"u":"3,51 €/KG","img":"https://fd3-photos.leclercdrive.fr/image.ashx?id=2496410&use=l&cat=p&typeid=i","cat":284479},{"id":3208,"n":"Confiture Allégée aux Fraises Andros - 350g","p":1.7,"u":"4,86 €/KG","img":"https://fd3-photos.leclercdrive.fr/image.ashx?id=2911229&use=l&cat=p&typeid=i","cat":284480},{"id":3215,"n":"Riz long Comptoir du Grain Etuvé - 1kg","p":1.72,"u":"1,72 €/KG","img":"https://fd3-photos.leclercdrive.fr/image.ashx?id=2076640&use=l&cat=p&typeid=i","cat":284428},{"id":3217,"n":"Riz Basmati Comptoir du Grain Sélection Riz long - 500g","p":1.35,"u":"2,70 €/KG","img":"https://fd3-photos.leclercdrive.fr/image.ashx?id=2076643&use=l&cat=p&typeid=i","cat":284428},{"id":3220,"n":"Céréales Tipiak - Blé Maïs Soja Prêt en 4 min - 400g","p":1.59,"u":"3,98 €/KG","img":"https://fd3-photos.leclercdrive.fr/image.ashx?id=2989144&use=l&cat=p&typeid=i","cat":284429},{"id":3221,"n":"Purée pomme de terre Pom'lisse Nature - 8x125g - 1kg","p":3.19,"u":"3,19 €/KG","img":"https://fd3-photos.leclercdrive.fr/image.ashx?id=2954573&use=l&cat=p&typeid=i","cat":284431},{"id":3223,"n":"Pâtes capellini Panzani 500g","p":1.09,"u":"2,18 €/KG","img":"https://fd3-photos.leclercdrive.fr/image.ashx?id=2876038&use=l&cat=p&typeid=i","cat":284427},{"id":3224,"n":"Pâtes Barilla Spaghetti n°5 - 1kg","p":1.8,"u":"1,80 €/KG","img":"https://fd3-photos.leclercdrive.fr/image.ashx?id=2481182&use=l&cat=p&typeid=i","cat":284427},{"id":3225,"n":"Pâtes Lasagnes Panzani - 500G","p":1.77,"u":"3,54 €/KG","img":"https://fd3-photos.leclercdrive.fr/image.ashx?id=2896105&use=l&cat=p&typeid=i","cat":284427},{"id":3226,"n":"Pâtes cannelloni Panzani  A farcir - 250g","p":1.15,"u":"4,60 €/KG","img":"https://fd3-photos.leclercdrive.fr/image.ashx?id=2896108&use=l&cat=p&typeid=i","cat":284427},{"id":3233,"n":"Haricots verts Notre Jardin Extra fins - 220g","p":1.89,"u":"8,59 €/KG","img":"https://fd3-photos.leclercdrive.fr/image.ashx?id=2050621&use=l&cat=p&typeid=i","cat":312606},{"id":3239,"n":"Biscuit Petit beurre P'tit Déli Tablette chocolat noir - 150g","p":1.37,"u":"9,13 €/KG","img":"https://fd3-photos.leclercdrive.fr/image.ashx?id=2949170&use=l&cat=p&typeid=i","cat":284488},{"id":3240,"n":"Biscuit Petit beurre P'tit Déli Tablette lait noisette - 150g","p":1.61,"u":"10,73 €/KG","img":"https://fd3-photos.leclercdrive.fr/image.ashx?id=2523673&use=l&cat=p&typeid=i","cat":284488},{"id":3253,"n":"Escargots Maître Coquille De Bourgogne x48 - 355g","p":12.99,"u":"36,59 €/KG","img":"https://fd3-photos.leclercdrive.fr/image.ashx?id=1979671&use=l&cat=p&typeid=i","cat":319775},{"id":3255,"n":"Bûche glacée Eskiss Fruits exotiques - 570g","p":5.49,"u":"9,63 €/KG","img":"https://fd3-photos.leclercdrive.fr/image.ashx?id=2791260&use=l&cat=p&typeid=i","cat":284266},{"id":3256,"n":"Bûche glacée Eskiss Crème brulée - 527g","p":5.03,"u":"9,54 €/KG","img":"https://fd3-photos.leclercdrive.fr/image.ashx?id=2791257&use=l&cat=p&typeid=i","cat":284266},{"id":3257,"n":"Bûche glacée Eskiss 3 chocolats - 536g","p":3.49,"u":"6,51 €/KG","img":"https://fd3-photos.leclercdrive.fr/image.ashx?id=2791254&use=l&cat=p&typeid=i","cat":284266},{"id":3258,"n":"Champignons Paris Notre Jardin Pieds et morceaux - 460g","p":2.29,"u":"4,98 €/KG","img":"https://fd3-photos.leclercdrive.fr/image.ashx?id=2553893&use=l&cat=p&typeid=i","cat":312610},{"id":3260,"n":"Noix de Saint Jacques NRT de la baie de St-Brieuc - 300g","p":14.99,"u":"49,97 €/KG","img":"https://fd3-photos.leclercdrive.fr/image.ashx?id=2801064&use=l&cat=p&typeid=i","cat":319787},{"id":3263,"n":"Champignons Paris Notre Jardin Entiers - 460g","p":2.69,"u":"5,85 €/KG","img":"https://fd3-photos.leclercdrive.fr/image.ashx?id=2553887&use=l&cat=p&typeid=i","cat":312610},{"id":3269,"n":"Coeurs de palmiers Notre Jardin Extra tendres - 220g","p":2.27,"u":"10,32 €/KG","img":"https://fd3-photos.leclercdrive.fr/image.ashx?id=2072701&use=l&cat=p&typeid=i","cat":312611},{"id":3270,"n":"Coeurs de palmiers Notre Jardin Extra tendres - 250g","p":4.74,"u":"18,96 €/KG","img":"https://fd3-photos.leclercdrive.fr/image.ashx?id=2599137&use=l&cat=p&typeid=i","cat":312611},{"id":3271,"n":"Maïs Notre Jardin Tendre - 3x140g","p":1.89,"u":"4,50 €/KG","img":"https://fd3-photos.leclercdrive.fr/image.ashx?id=2074653&use=l&cat=p&typeid=i","cat":312611},{"id":3272,"n":"Asperges blanches grosses Notre Jardin - 320g","p":3.49,"u":"10,91 €/KG","img":"https://fd3-photos.leclercdrive.fr/image.ashx?id=2049016&use=l&cat=p&typeid=i","cat":312611},{"id":3273,"n":"Sardines tomate Pêche Océan 3x69g","p":2.49,"u":"12,03 €/KG","img":"https://fd3-photos.leclercdrive.fr/image.ashx?id=2659076&use=l&cat=p&typeid=i","cat":305146},{"id":3277,"n":"Chips à l'ancienne Pom'lisse Nature - 6x30g","p":1.58,"u":"8,78 €/KG","img":"https://fd3-photos.leclercdrive.fr/image.ashx?id=2657193&use=l&cat=p&typeid=i","cat":284447},{"id":3282,"n":"Moutarde Amora Mi-forte - 230g Divers coloris","p":2.09,"u":"9,09 €/KG","img":"https://fd3-photos.leclercdrive.fr/image.ashx?id=2504473&use=l&cat=p&typeid=i","cat":288850},{"id":3285,"n":"Vinaigre balsamique Rustica 50cl","p":1.57,"u":"3,14 €/L","img":"https://fd3-photos.leclercdrive.fr/image.ashx?id=2765701&use=l&cat=p&typeid=i","cat":298543},{"id":3292,"n":"Tomates pelées Notre Jardin Entières - 238g","p":0.85,"u":"3,57 €/KG","img":"https://fd3-photos.leclercdrive.fr/image.ashx?id=2190002&use=l&cat=p&typeid=i","cat":312608},{"id":3305,"n":"Sauce Provençale Turini 420g","p":0.97,"u":"2,31 €/KG","img":"https://fd3-photos.leclercdrive.fr/image.ashx?id=2047010&use=l&cat=p&typeid=i","cat":287599},{"id":3307,"n":"Cidre bouché Les Goelleries Normand brut 5.5%vol. - 75cl","p":1.79,"u":"2,39 €/L","img":"https://fd3-photos.leclercdrive.fr/image.ashx?id=2842196&use=l&cat=p&typeid=i","cat":334880},{"id":3308,"n":"Pur jus de carotte Jafaden - 1L","p":2.29,"u":"2,29 €/L","img":"https://fd3-photos.leclercdrive.fr/image.ashx?id=2860712&use=l&cat=p&typeid=i","cat":284523},{"id":3310,"n":"Pur jus de pomme Bio Village Bio - 1L","p":1.49,"u":"1,49 €/L","img":"https://fd3-photos.leclercdrive.fr/image.ashx?id=2901527&use=l&cat=p&typeid=i","cat":284522},{"id":3311,"n":"Thé glacé Fresh Tea Pêche - 1,5L","p":1.19,"u":"0,79 €/L","img":"https://fd3-photos.leclercdrive.fr/image.ashx?id=2982601&use=l&cat=p&typeid=i","cat":295019},{"id":3316,"n":"Sirop Frucci Grenadine - 1L","p":2.76,"u":"2,76 €/L","img":"https://fd3-photos.leclercdrive.fr/image.ashx?id=2954073&use=l&cat=p&typeid=i","cat":295020},{"id":3320,"n":"Bonbons Werther's Original Mini 42g","p":1.51,"u":"35,95 €/KG","img":"https://fd3-photos.leclercdrive.fr/image.ashx?id=2660167&use=l&cat=p&typeid=i","cat":304252},{"id":3338,"n":"Protège-slips Doulys Mince - Plié - x30","p":1.25,"u":"0,04 €/P","img":"https://fd3-photos.leclercdrive.fr/image.ashx?id=2824129&use=l&cat=p&typeid=i","cat":284625},{"id":3343,"n":"Vodka Poliakov 37.5%vol - 70cl","p":11.09,"u":"15,84 €/L","img":"https://fd3-photos.leclercdrive.fr/image.ashx?id=2810759&use=l&cat=p&typeid=i","cat":284550},{"id":3344,"n":"Nectar Jafaden Banane - 1L","p":2.09,"u":"2,09 €/L","img":"https://fd3-photos.leclercdrive.fr/image.ashx?id=2955701&use=l&cat=p&typeid=i","cat":284915},{"id":3345,"n":"Nectar Jafaden Poire - 1L","p":2.49,"u":"2,49 €/L","img":"https://fd3-photos.leclercdrive.fr/image.ashx?id=2955695&use=l&cat=p&typeid=i","cat":284915},{"id":3355,"n":"World Mix Haribo Sachet bonbons - 500g","p":2.91,"u":"5,82 €/KG","img":"https://fd3-photos.leclercdrive.fr/image.ashx?id=2805207&use=l&cat=p&typeid=i","cat":304250},{"id":3356,"n":"Banan's Haribo Sachet bonbons - 300g","p":1.67,"u":"5,57 €/KG","img":"https://fd3-photos.leclercdrive.fr/image.ashx?id=1739936&use=l&cat=p&typeid=i","cat":304250},{"id":3359,"n":"Compote Andros Pomme 750g","p":1.64,"u":"2,19 €/KG","img":"https://fd3-photos.leclercdrive.fr/image.ashx?id=2327716&use=l&cat=p&typeid=i","cat":284508},{"id":3361,"n":"Pâtée chats Gourmet gold Mousselines 4x85g","p":1.95,"u":"5,74 €/KG","img":"https://fd3-photos.leclercdrive.fr/image.ashx?id=2711103&use=l&cat=p&typeid=i","cat":285286},{"id":3364,"n":"Huile de douche Manava Bien être oriental 250ml","p":1.16,"u":"4,64 €/L","img":"https://fd3-photos.leclercdrive.fr/image.ashx?id=2809659&use=l&cat=p&typeid=i","cat":284594},{"id":3365,"n":"Gel douche et shampooing Carré Homme Dynamisante - 250ml","p":1.15,"u":"4,60 €/L","img":"https://fd3-photos.leclercdrive.fr/image.ashx?id=2910329&use=l&cat=p&typeid=i","cat":284619},{"id":3371,"n":"Kit Fajitas Tables du Monde 505g","p":2.79,"u":"5,52 €/KG","img":"https://fd3-photos.leclercdrive.fr/image.ashx?id=2679726&use=l&cat=p&typeid=i","cat":288993},{"id":3372,"n":"Terrines Tous Mes Amis Pour chats  3 saveurs - 3x400g","p":3.29,"u":"2,74 €/KG","img":"https://fd3-photos.leclercdrive.fr/image.ashx?id=559162&use=l&cat=p&typeid=i","cat":285601},{"id":3373,"n":"Tortillas Tables du Monde Galettes de blé x8 320g","p":1.71,"u":"5,34 €/KG","img":"https://fd3-photos.leclercdrive.fr/image.ashx?id=2679729&use=l&cat=p&typeid=i","cat":288993},{"id":3375,"n":"Lingettes bébé Mots d'Enfants Toilettes fruits rouges - x60","p":1.7,"u":"0,03 €/P","img":"https://fd3-photos.leclercdrive.fr/image.ashx?id=2856465&use=l&cat=p&typeid=i","cat":284738},{"id":3376,"n":"Café moulu Bio Village Bio  Pérou - 250g","p":4.21,"u":"16,84 €/KG","img":"https://fd3-photos.leclercdrive.fr/image.ashx?id=2552436&use=l&cat=p&typeid=i","cat":284750},{"id":3378,"n":"Litchis  500g","p":4.99,"u":"9,98 €/KG","img":"https://fd3-photos.leclercdrive.fr/image.ashx?id=1636365&use=l&cat=p&typeid=i","cat":284356},{"id":3387,"n":"Gel à raser Carré Homme Vitaminé protecteur 200ml","p":1.89,"u":"9,45 €/L","img":"https://fd3-photos.leclercdrive.fr/image.ashx?id=2704642&use=l&cat=p&typeid=i","cat":284617},{"id":3393,"n":"Dentifrice Protection Signal Caries 100ml","p":1.14,"u":"11,40 €/L","img":"https://fd3-photos.leclercdrive.fr/image.ashx?id=2961810&use=l&cat=p&typeid=i","cat":284612},{"id":3395,"n":"Dentifrice Dentamyl Aux plantes 75ml","p":0.94,"u":"12,53 €/L","img":"https://fd3-photos.leclercdrive.fr/image.ashx?id=2489104&use=l&cat=p&typeid=i","cat":284612},{"id":3396,"n":"Dentifrice Dentamyl Haleine fraîche 75ml","p":0.76,"u":"10,13 €/L","img":"https://fd3-photos.leclercdrive.fr/image.ashx?id=2489101&use=l&cat=p&typeid=i","cat":284612},{"id":3401,"n":"Serviette hygiénique Doulys Maxi - Spécial nuit - x12","p":0.95,"u":"0,08 €/P","img":"https://fd3-photos.leclercdrive.fr/image.ashx?id=2838927&use=l&cat=p&typeid=i","cat":284624},{"id":3412,"n":"Soupe de poissons Régal Soupe 1L","p":2.69,"u":"2,69 €/L","img":"https://fd3-photos.leclercdrive.fr/image.ashx?id=745138&use=l&cat=p&typeid=i","cat":287366},{"id":3413,"n":"Asperges blanches Notre Jardin Pointes - 110g","p":2.35,"u":"21,36 €/KG","img":"https://fd3-photos.leclercdrive.fr/image.ashx?id=2049022&use=l&cat=p&typeid=i","cat":312611},{"id":3415,"n":"Sardines Pêche Océan Huile de tournesol - 3x69g","p":3.18,"u":"15,36 €/KG","img":"https://fd3-photos.leclercdrive.fr/image.ashx?id=2627634&use=l&cat=p&typeid=i","cat":305146},{"id":3416,"n":"Ratatouille Notre Jardin A la provençale - 750g","p":1.29,"u":"1,72 €/KG","img":"https://fd3-photos.leclercdrive.fr/image.ashx?id=2526291&use=l&cat=p&typeid=i","cat":312612},{"id":3421,"n":"Huile Fruit d'Or végétale 1L","p":3.63,"u":"3,63 €/L","img":"https://fd3-photos.leclercdrive.fr/image.ashx?id=2916854&use=l&cat=p&typeid=i","cat":284453},{"id":3424,"n":"Plat moussaka Côté table 850g","p":4.63,"u":"5,45 €/KG","img":"https://fd3-photos.leclercdrive.fr/image.ashx?id=2045175&use=l&cat=p&typeid=i","cat":284254},{"id":3428,"n":"Feuilletés paniers Côté Table St Jacques Fruits de mer 4x100g","p":4.45,"u":"11,13 €/KG","img":"https://fd3-photos.leclercdrive.fr/image.ashx?id=2549379&use=l&cat=p&typeid=i","cat":319776},{"id":3429,"n":"Lasagnes bolognaises Côté table 1kg","p":3.49,"u":"3,49 €/KG","img":"https://fd3-photos.leclercdrive.fr/image.ashx?id=2545628&use=l&cat=p&typeid=i","cat":284254},{"id":3441,"n":"AOP Freixenet Cava Cordon Negro Brut - 75cl","p":5.7,"u":"7,60 €/L","img":"https://fd3-photos.leclercdrive.fr/image.ashx?id=3011929&use=l&cat=p&typeid=i","cat":289461},{"id":3455,"n":"Saumon et torsades Côté Table  Sauce à l'oseille - 300g","p":2.59,"u":"8,63 €/KG","img":"https://fd3-photos.leclercdrive.fr/image.ashx?id=2809075&use=l&cat=p&typeid=i","cat":284953},{"id":3459,"n":"Petit Pois et Carottes Cassegrain 465g","p":2.71,"u":"5,83 €/KG","img":"https://fd3-photos.leclercdrive.fr/image.ashx?id=2912971&use=l&cat=p&typeid=i","cat":312607},{"id":3461,"n":"Maïs Bonduelle Sans Sucres Ajoutés 285g","p":1.01,"u":"3,54 €/KG","img":"https://fd3-photos.leclercdrive.fr/image.ashx?id=2955303&use=l&cat=p&typeid=i","cat":312611},{"id":3462,"n":"Pain précuit Epi d'Or Demi-baguette x2 - 300g","p":0.65,"u":"2,17 €/KG","img":"https://fd3-photos.leclercdrive.fr/image.ashx?id=2684814&use=l&cat=p&typeid=i","cat":325069},{"id":3508,"n":"Protège-slips Nana Fraicheur Qutodienne - Plié - x32","p":1.33,"u":"0,04 €/P","img":"https://fd3-photos.leclercdrive.fr/image.ashx?id=2986891&use=l&cat=p&typeid=i","cat":284625},{"id":3517,"n":"Bonbons Haribo Réglisse Carensac - 250g","p":1.87,"u":"7,48 €/KG","img":"https://fd3-photos.leclercdrive.fr/image.ashx?id=2982405&use=l&cat=p&typeid=i","cat":304250},{"id":3520,"n":"Boîtes chiens Lydog Terrines Viande volaille - 4x405g","p":3.47,"u":"2,14 €/KG","img":"https://fd3-photos.leclercdrive.fr/image.ashx?id=2815746&use=l&cat=p&typeid=i","cat":288578},{"id":3525,"n":"Crêpes fourrées P'tit déli Chocolat x8 - 256g","p":1.65,"u":"6,45 €/KG","img":"https://fd3-photos.leclercdrive.fr/image.ashx?id=2656335&use=l&cat=p&typeid=i","cat":284494},{"id":3549,"n":"IGP Pays d'Oc rosé J.P. Chenet 12.5% vol - 75cl","p":3.22,"u":"4,29 €/L","img":"https://fd3-photos.leclercdrive.fr/image.ashx?id=2985108&use=l&cat=p&typeid=i","cat":289558},{"id":3550,"n":"AOP Côtes de Provence rosé Billette Bouquet - 75cl","p":5.98,"u":"7,97 €/L","img":"https://fd3-photos.leclercdrive.fr/image.ashx?id=2625433&use=l&cat=p&typeid=i","cat":289558},{"id":3558,"n":"IGP Pays d'Oc rouge J-P Chenet Cabernet-Syrah 13% vol - 75 cl","p":3.23,"u":"4,31 €/L","img":"https://fd3-photos.leclercdrive.fr/image.ashx?id=2810864&use=l&cat=p&typeid=i","cat":289556},{"id":3559,"n":"IGP Pays d'Oc rouge J-P Chenet Merlot HVE - 75 cl","p":3.23,"u":"4,31 €/L","img":"https://fd3-photos.leclercdrive.fr/image.ashx?id=2837157&use=l&cat=p&typeid=i","cat":289556},{"id":3564,"n":"Vin de l'Union Européenne  La Villageoise - 6x25cl","p":3.94,"u":"2,63 €/L","img":"https://fd3-photos.leclercdrive.fr/image.ashx?id=2731651&use=l&cat=p&typeid=i","cat":289557},{"id":3570,"n":"Concentré à diluer Pulco Citron - 70cl","p":2.2,"u":"3,14 €/L","img":"https://fd3-photos.leclercdrive.fr/image.ashx?id=2687845&use=l&cat=p&typeid=i","cat":295020},{"id":3571,"n":"Nectar Jafaden Abricot - 1L","p":2.59,"u":"2,59 €/L","img":"https://fd3-photos.leclercdrive.fr/image.ashx?id=2955713&use=l&cat=p&typeid=i","cat":284915},{"id":3575,"n":"Litière chats Tous mes Amis Végétale - 10L","p":4.39,"u":"0,44 €/L","img":"https://fd3-photos.leclercdrive.fr/image.ashx?id=2055217&use=l&cat=p&typeid=i","cat":284683},{"id":3576,"n":"Litière chats Tous mes Amis Minérale - Hygiénique - 10L","p":4.65,"u":"0,47 €/L","img":"https://fd3-photos.leclercdrive.fr/image.ashx?id=2055211&use=l&cat=p&typeid=i","cat":284683},{"id":3580,"n":"Le Haricot vert Cueilli Main Bonduelle Extra Fin 280g","p":2.57,"u":"9,18 €/KG","img":"https://fd3-photos.leclercdrive.fr/image.ashx?id=2910019&use=l&cat=p&typeid=i","cat":312606},{"id":3584,"n":"Macédoine de Légumes Bonduelle 530g","p":1.63,"u":"3,08 €/KG","img":"https://fd3-photos.leclercdrive.fr/image.ashx?id=2939235&use=l&cat=p&typeid=i","cat":312612},{"id":3587,"n":"AOP Bordeaux rouge Blaissac - 75cl","p":3.89,"u":"5,19 €/L","img":"https://fd3-photos.leclercdrive.fr/image.ashx?id=2917429&use=l&cat=p&typeid=i","cat":289556},{"id":3588,"n":"IGP Pays d'Oc rouge Roche Mazet Cabernet Sauvignon 12.5% 75cl","p":2.86,"u":"3,81 €/L","img":"https://fd3-photos.leclercdrive.fr/image.ashx?id=2333000&use=l&cat=p&typeid=i","cat":289556},{"id":3589,"n":"IGP Pays d'Oc rouge Roche Mazet Merlot - 75cl","p":2.9,"u":"3,87 €/L","img":"https://fd3-photos.leclercdrive.fr/image.ashx?id=2332997&use=l&cat=p&typeid=i","cat":289556},{"id":3590,"n":"IGP Pays d'Oc rosé Roche Mazet Cinsault Grenache 12% vol 75cl","p":2.97,"u":"3,96 €/L","img":"https://fd3-photos.leclercdrive.fr/image.ashx?id=2341510&use=l&cat=p&typeid=i","cat":289558},{"id":3593,"n":"Vin d'Italie rouge pétillant Vilaveroni Lambrusco- 75cl","p":4.13,"u":"5,51 €/L","img":"https://fd3-photos.leclercdrive.fr/image.ashx?id=2333021&use=l&cat=p&typeid=i","cat":289556},{"id":3599,"n":"IGP Pays d'Oc rosé Listel Grain De gris 12.5% vol - 75cl","p":3.5,"u":"4,67 €/L","img":"https://fd3-photos.leclercdrive.fr/image.ashx?id=2556135&use=l&cat=p&typeid=i","cat":289558},{"id":3604,"n":"Allume-feu Silex cubes x28 200g","p":1.11,"u":"5,55 €/KG","img":"https://fd3-photos.leclercdrive.fr/image.ashx?id=2558781&use=l&cat=p&typeid=i","cat":300578},{"id":3609,"n":"Petit Pois Cassegrain Tendres et Fondants 495g","p":2.8,"u":"5,66 €/KG","img":"https://fd3-photos.leclercdrive.fr/image.ashx?id=2912962&use=l&cat=p&typeid=i","cat":312607},{"id":3610,"n":"Petits pois Notre Jardin A l'étuvée -Extra fins - 3x140g","p":1.57,"u":"3,74 €/KG","img":"https://fd3-photos.leclercdrive.fr/image.ashx?id=2537343&use=l&cat=p&typeid=i","cat":312607},{"id":3617,"n":"Galettes de riz bio Bio Village Complet x17 - 130g","p":0.91,"u":"7,00 €/KG","img":"https://fd3-photos.leclercdrive.fr/image.ashx?id=2816151&use=l&cat=p&typeid=i","cat":318651},{"id":3622,"n":"Alcool modifié Mercurochrome 90° - 100ml","p":2.47,"u":"24,70 €/L","img":"https://fd3-photos.leclercdrive.fr/image.ashx?id=2663977&use=l&cat=p&typeid=i","cat":284630},{"id":3627,"n":"AOP Vin rouge Turckheim Pinot noir - 75cl","p":6.13,"u":"8,17 €/L","img":"https://fd3-photos.leclercdrive.fr/image.ashx?id=1570246&use=l&cat=p&typeid=i","cat":289556},{"id":3630,"n":"Filets colin Alaska Pêche océan 4 tranches - MSC - 400g","p":2.49,"u":"6,23 €/KG","img":"https://fd3-photos.leclercdrive.fr/image.ashx?id=2930087&use=l&cat=p&typeid=i","cat":319786},{"id":3633,"n":"Colin d'Alaska Pêche Océan x10 tranches - MSC - 1kg","p":6.25,"u":"6,25 €/KG","img":"https://fd3-photos.leclercdrive.fr/image.ashx?id=2930096&use=l&cat=p&typeid=i","cat":319786},{"id":3640,"n":"Fromage Apéritif Apérivrais  Saveurs de Provence - 100g","p":2.08,"u":"20,80 €/KG","img":"https://fd3-photos.leclercdrive.fr/image.ashx?id=2885348&use=l&cat=p&typeid=i","cat":314027},{"id":3641,"n":"Fromage Apéritif Apérivrais  Saveurs d'Italie - 100g","p":2.08,"u":"20,80 €/KG","img":"https://fd3-photos.leclercdrive.fr/image.ashx?id=2944705&use=l&cat=p&typeid=i","cat":314027},{"id":3643,"n":"Scotch Whisky Baird's 40%vol - 70cl","p":10.99,"u":"15,70 €/L","img":"https://fd3-photos.leclercdrive.fr/image.ashx?id=2907159&use=l&cat=p&typeid=i","cat":284547},{"id":3649,"n":"AOP Asti Vilaveroni 75cl","p":6.26,"u":"8,35 €/L","img":"https://fd3-photos.leclercdrive.fr/image.ashx?id=2337558&use=l&cat=p&typeid=i","cat":289461},{"id":3651,"n":"Vin du Portugal rosé Mateus - VSIG - 12% vol 75cl","p":3.7,"u":"4,93 €/L","img":"https://fd3-photos.leclercdrive.fr/image.ashx?id=2794619&use=l&cat=p&typeid=i","cat":289558},{"id":3663,"n":"Fromage à Raclette RichesMonts  3 saveurs 27 Tranches - 700g","p":12.02,"u":"17,17 €/KG","img":"https://fd3-photos.leclercdrive.fr/image.ashx?id=2766289&use=l&cat=p&typeid=i","cat":314037},{"id":3668,"n":"Faisselle Rians - 6%mg - 1kg","p":2.7,"u":"2,70 €/KG","img":"https://fd3-photos.leclercdrive.fr/image.ashx?id=2659629&use=l&cat=p&typeid=i","cat":284409},{"id":3684,"n":"Eau gazeuse Rozana 6x1L","p":2.65,"u":"0,44 €/L","img":"https://fd3-photos.leclercdrive.fr/image.ashx?id=2870602&use=l&cat=p&typeid=i","cat":284536},{"id":3694,"n":"Pâtes Torti Legumes Panzani - 500G","p":1.28,"u":"2,56 €/KG","img":"https://fd3-photos.leclercdrive.fr/image.ashx?id=2876032&use=l&cat=p&typeid=i","cat":284427},{"id":3699,"n":"Café moulu Bio Village Bio Amérique latine - 250g","p":4.99,"u":"19,96 €/KG","img":"https://fd3-photos.leclercdrive.fr/image.ashx?id=2603713&use=l&cat=p&typeid=i","cat":284750},{"id":3705,"n":"Collants Well Elastivoile Résistant ibiza T3","p":3.7,"img":"https://fd3-photos.leclercdrive.fr/image.ashx?id=2560843&use=l&cat=p&typeid=i","cat":334130},{"id":3713,"n":"Huile d'olive Rustica Vierge extra - 50cl","p":4.8,"u":"9,60 €/L","img":"https://fd3-photos.leclercdrive.fr/image.ashx?id=2930340&use=l&cat=p&typeid=i","cat":284453},{"id":3714,"n":"Serviette hygiénique Doulys Ultra minces - Normal - x16","p":1.03,"u":"0,06 €/P","img":"https://fd3-photos.leclercdrive.fr/image.ashx?id=2838924&use=l&cat=p&typeid=i","cat":284624},{"id":3715,"n":"Sauce Pizzassimo Del Monte pour pizza aux tomates- 2x400g","p":2.71,"u":"3,39 €/KG","img":"https://fd3-photos.leclercdrive.fr/image.ashx?id=2804457&use=l&cat=p&typeid=i","cat":288384},{"id":3716,"n":"Pizza cuite sur pierre Turini Royale - 400g","p":1.99,"u":"4,98 €/KG","img":"https://fd3-photos.leclercdrive.fr/image.ashx?id=2815205&use=l&cat=p&typeid=i","cat":284256},{"id":3719,"n":"Gomme Coiffante L'Oréal Paris Effet Remodelable - 150ml","p":3.48,"u":"23,20 €/L","img":"https://fd3-photos.leclercdrive.fr/image.ashx?id=2614194&use=l&cat=p&typeid=i","cat":284609},{"id":3736,"n":"Chocolat Pâtissier Menier Tablette Noir - 200g","p":2.56,"u":"12,80 €/KG","img":"https://fd3-photos.leclercdrive.fr/image.ashx?id=2624146&use=l&cat=p&typeid=i","cat":285562},{"id":3741,"n":"Biscottes fourrées Cracotte LU  Fraise - 200g","p":1.67,"u":"8,35 €/KG","img":"https://fd3-photos.leclercdrive.fr/image.ashx?id=3004807&use=l&cat=p&typeid=i","cat":284479},{"id":3742,"n":"Goûter Moelleux P'tit déli   Lait cacao et coco x10 420g","p":2.63,"u":"6,26 €/KG","img":"https://fd3-photos.leclercdrive.fr/image.ashx?id=2523691&use=l&cat=p&typeid=i","cat":284495},{"id":3743,"n":"Mini brownie Brossard Chocolat pépites x8 - 240g","p":2.93,"u":"12,21 €/KG","img":"https://fd3-photos.leclercdrive.fr/image.ashx?id=2965100&use=l&cat=p&typeid=i","cat":294776},{"id":3748,"n":"Soufflés Grignot' Tokapi  Saveur Fromage - 90g","p":0.59,"u":"6,56 €/KG","img":"https://fd3-photos.leclercdrive.fr/image.ashx?id=1956625&use=l&cat=p&typeid=i","cat":284449},{"id":3754,"n":"Crackers Tuc Bacon - 100g","p":0.92,"u":"9,20 €/KG","img":"https://fd3-photos.leclercdrive.fr/image.ashx?id=3002198&use=l&cat=p&typeid=i","cat":297000},{"id":3755,"n":"Mini-flûtes feuilletées Tokapi Emmental - 100g","p":1.4,"u":"14,00 €/KG","img":"https://fd3-photos.leclercdrive.fr/image.ashx?id=2374652&use=l&cat=p&typeid=i","cat":297000},{"id":3756,"n":"Mélange Exotique Tokapi  Bananes et papaye - 120g","p":1.47,"u":"12,25 €/KG","img":"https://fd3-photos.leclercdrive.fr/image.ashx?id=2793991&use=l&cat=p&typeid=i","cat":284448},{"id":3758,"n":"Sachet repas chats Gourmet 4 variétés de filets - 4x85g","p":1.83,"u":"5,38 €/KG","img":"https://fd3-photos.leclercdrive.fr/image.ashx?id=2902274&use=l&cat=p&typeid=i","cat":285286},{"id":3759,"n":"Sachet repas chats Gourmet Filets en sachet - 4x85g","p":1.87,"u":"5,50 €/KG","img":"https://fd3-photos.leclercdrive.fr/image.ashx?id=2902337&use=l&cat=p&typeid=i","cat":285286},{"id":3777,"n":"Légumes couscous Notre jardin 1kg","p":1.99,"u":"1,99 €/KG","img":"https://fd3-photos.leclercdrive.fr/image.ashx?id=2900031&use=l&cat=p&typeid=i","cat":319823},{"id":3784,"n":"Coquilles poisson Côté Table Et fruits de mer x6 - 660g","p":5.35,"u":"8,11 €/KG","img":"https://fd3-photos.leclercdrive.fr/image.ashx?id=2990092&use=l&cat=p&typeid=i","cat":319775},{"id":3786,"n":"Poisson pané Pêche Océan MSC - x20 - 1kg","p":6.95,"u":"6,95 €/KG","img":"https://fd3-photos.leclercdrive.fr/image.ashx?id=1919342&use=l&cat=p&typeid=i","cat":319788},{"id":3789,"n":"Pavés de saumon Pêche Océan ASC - 2x125g","p":4.99,"u":"19,96 €/KG","img":"https://fd3-photos.leclercdrive.fr/image.ashx?id=2953719&use=l&cat=p&typeid=i","cat":319786},{"id":3794,"n":"Poisson pané Pêche Océan - MSC Colin d'alaska - x8 - 400g","p":2.78,"u":"6,95 €/KG","img":"https://fd3-photos.leclercdrive.fr/image.ashx?id=2930090&use=l&cat=p&typeid=i","cat":319788},{"id":3795,"n":"Poisson pané Pêche Océan Cabillaud - MSC - x8 400g","p":4.45,"u":"11,13 €/KG","img":"https://fd3-photos.leclercdrive.fr/image.ashx?id=2930093&use=l&cat=p&typeid=i","cat":319788},{"id":3796,"n":"Croquettes poisson Pêche Océan MSC - x6 - 300g","p":1.72,"u":"5,73 €/KG","img":"https://fd3-photos.leclercdrive.fr/image.ashx?id=2856157&use=l&cat=p&typeid=i","cat":319788},{"id":3797,"n":"Brandade morue Côté Table 1kg","p":3.99,"u":"3,99 €/KG","img":"https://fd3-photos.leclercdrive.fr/image.ashx?id=2047028&use=l&cat=p&typeid=i","cat":284254},{"id":3810,"n":"Epinards Notre Jardin Branches A la crème fraîche 1kg","p":2.98,"u":"2,98 €/KG","img":"https://fd3-photos.leclercdrive.fr/image.ashx?id=2873081&use=l&cat=p&typeid=i","cat":319805},{"id":3824,"n":"Sandwich triangle Daunat Jambon emmental - 160g","p":1.45,"u":"9,06 €/KG","img":"https://fd3-photos.leclercdrive.fr/image.ashx?id=2892694&use=l&cat=p&typeid=i","cat":333658},{"id":3828,"n":"Pansements Mercurochrome Economiques x20","p":2.17,"img":"https://fd3-photos.leclercdrive.fr/image.ashx?id=2748269&use=l&cat=p&typeid=i","cat":284630},{"id":3862,"n":"Cacahuètes grillées Tokapi Salées - 500g","p":1.44,"u":"2,88 €/KG","img":"https://fd3-photos.leclercdrive.fr/image.ashx?id=2795532&use=l&cat=p&typeid=i","cat":284448},{"id":3864,"n":"Jus multifruits Jafaden 12 fruits - 1L","p":1.33,"u":"1,33 €/L","img":"https://fd3-photos.leclercdrive.fr/image.ashx?id=2461387&use=l&cat=p&typeid=i","cat":284917},{"id":3871,"n":"Pain grillé Pelletier Blé complet - 500g","p":2.16,"u":"4,32 €/KG","img":"https://fd3-photos.leclercdrive.fr/image.ashx?id=2345376&use=l&cat=p&typeid=i","cat":284479},{"id":3873,"n":"Cuisses poulet fermier Loué Jaune x2 - 480g","p":3.44,"u":"7,17 €/KG","img":"https://fd3-photos.leclercdrive.fr/image.ashx?id=2250555&use=l&cat=p&typeid=i","cat":284336},{"id":3904,"n":"Viande bovine Charal3x steak*** À griller - 300g","p":7.58,"u":"25,27 €/KG","img":"https://fd3-photos.leclercdrive.fr/image.ashx?id=2485907&use=l&cat=p&typeid=i","cat":284328},{"id":3918,"n":"Viande Bovine Française Charal Pavé à l'échalote x2 - 260g","p":5.7,"u":"21,92 €/KG","img":"https://fd3-photos.leclercdrive.fr/image.ashx?id=2311198&use=l&cat=p&typeid=i","cat":284328},{"id":3944,"n":"Jus multifruits Jafaden Briquettes - 6x20cl","p":1.79,"u":"1,49 €/L","img":"https://fd3-photos.leclercdrive.fr/image.ashx?id=2751880&use=l&cat=p&typeid=i","cat":284524},{"id":3946,"n":"Pâtes Barilla Spaghettoni n°7 - 500g","p":0.98,"u":"1,96 €/KG","img":"https://fd3-photos.leclercdrive.fr/image.ashx?id=2392221&use=l&cat=p&typeid=i","cat":284427},{"id":3951,"n":"Sucre vanillé Tablier blanc x10 75g","p":0.79,"u":"10,53 €/KG","img":"https://fd3-photos.leclercdrive.fr/image.ashx?id=2487431&use=l&cat=p&typeid=i","cat":294686},{"id":3952,"n":"Sucre Confisuc Saint Louis Spécial confiture - 1kg","p":3.13,"u":"3,13 €/KG","img":"https://fd3-photos.leclercdrive.fr/image.ashx?id=2019969&use=l&cat=p&typeid=i","cat":284502},{"id":3956,"n":"Confit canard 2 cuisses NRT 425g","p":9.59,"u":"22,56 €/KG","img":"https://fd3-photos.leclercdrive.fr/image.ashx?id=2545234&use=l&cat=p&typeid=i","cat":284440},{"id":3960,"n":"Haricots Mungo  Notre Jardin 3x90g","p":1.99,"u":"7,37 €/KG","img":"https://fd3-photos.leclercdrive.fr/image.ashx?id=2174678&use=l&cat=p&typeid=i","cat":312611},{"id":3980,"n":"Sauce bolognaise Turini 680g","p":2.44,"u":"3,59 €/KG","img":"https://fd3-photos.leclercdrive.fr/image.ashx?id=2634863&use=l&cat=p&typeid=i","cat":287599},{"id":3981,"n":"Petits pois carottes Extra fins Notre Jardin - 3x130g","p":1.69,"u":"4,33 €/KG","img":"https://fd3-photos.leclercdrive.fr/image.ashx?id=2537346&use=l&cat=p&typeid=i","cat":312607},{"id":3983,"n":"Flageolets verts Notre Jardin Extra fins - 3x130g","p":1.99,"u":"5,10 €/KG","img":"https://fd3-photos.leclercdrive.fr/image.ashx?id=2537352&use=l&cat=p&typeid=i","cat":312606},{"id":3989,"n":"Soda Jean's Cola  2L","p":1.5,"u":"0,75 €/L","img":"https://fd3-photos.leclercdrive.fr/image.ashx?id=2699423&use=l&cat=p&typeid=i","cat":284530},{"id":3991,"n":"Tarte aux 3 fromages Côté Table - 400g","p":2.82,"u":"7,05 €/KG","img":"https://fd3-photos.leclercdrive.fr/image.ashx?id=2791707&use=l&cat=p&typeid=i","cat":284257},{"id":3994,"n":"Tourte Côté Table Champignon jambon - 500g","p":4.99,"u":"9,98 €/KG","img":"https://fd3-photos.leclercdrive.fr/image.ashx?id=2791680&use=l&cat=p&typeid=i","cat":284257},{"id":3996,"n":"Hachis parmentier Côté table 600g","p":3.52,"u":"5,87 €/KG","img":"https://fd3-photos.leclercdrive.fr/image.ashx?id=2045181&use=l&cat=p&typeid=i","cat":284254},{"id":3997,"n":"Hachis parmentier Côté table 1kg","p":4.83,"u":"4,83 €/KG","img":"https://fd3-photos.leclercdrive.fr/image.ashx?id=2045172&use=l&cat=p&typeid=i","cat":284254},{"id":3998,"n":"Frites allumettes Pom'lisse Au four - 600g","p":1.24,"u":"2,07 €/KG","img":"https://fd3-photos.leclercdrive.fr/image.ashx?id=2699666&use=l&cat=p&typeid=i","cat":319791},{"id":3999,"n":"Crêpes Côté Table Champignons x6 - 300g","p":1.88,"u":"6,27 €/KG","img":"https://fd3-photos.leclercdrive.fr/image.ashx?id=2499352&use=l&cat=p&typeid=i","cat":319776},{"id":4000,"n":"Quiche lorraine Côté Table Mini - 8x100g","p":6.5,"u":"8,13 €/KG","img":"https://fd3-photos.leclercdrive.fr/image.ashx?id=2869787&use=l&cat=p&typeid=i","cat":284257},{"id":4003,"n":"Coquilles Saint-Jacques NRT baie de St-Brieuc x2 - 200g","p":6.79,"u":"33,95 €/KG","img":"https://fd3-photos.leclercdrive.fr/image.ashx?id=2711091&use=l&cat=p&typeid=i","cat":319775},{"id":4008,"n":"Julienne légumes Notre jardin 600g","p":1.38,"u":"2,30 €/KG","img":"https://fd3-photos.leclercdrive.fr/image.ashx?id=2873102&use=l&cat=p&typeid=i","cat":319823},{"id":4009,"n":"Printanière légumes Notre jardin 1kg","p":1.47,"u":"1,47 €/KG","img":"https://fd3-photos.leclercdrive.fr/image.ashx?id=2873033&use=l&cat=p&typeid=i","cat":319823},{"id":4014,"n":"Gratin choux fleurs Côté Table 450g","p":3.72,"u":"8,27 €/KG","img":"https://fd3-photos.leclercdrive.fr/image.ashx?id=1977356&use=l&cat=p&typeid=i","cat":319802},{"id":4022,"n":"Fricassée de poulet Côté table Riz et légumes 900g","p":6.51,"u":"7,23 €/KG","img":"https://fd3-photos.leclercdrive.fr/image.ashx?id=2549370&use=l&cat=p&typeid=i","cat":284254},{"id":4024,"n":"Sauce crudité Rustica Nature - 50cl","p":0.88,"u":"1,76 €/L","img":"https://fd3-photos.leclercdrive.fr/image.ashx?id=1972910&use=l&cat=p&typeid=i","cat":284456},{"id":4025,"n":"Pois chiches Notre Jardin 530g","p":1.19,"u":"2,25 €/KG","img":"https://fd3-photos.leclercdrive.fr/image.ashx?id=2988006&use=l&cat=p&typeid=i","cat":312609},{"id":4063,"n":"Cidre bouché Les Goelleries Normand doux 2%vol. - 75cl","p":1.79,"u":"2,39 €/L","img":"https://fd3-photos.leclercdrive.fr/image.ashx?id=2842202&use=l&cat=p&typeid=i","cat":334880},{"id":4069,"n":"Figues lerida Domino  500g","p":6.1,"u":"12,20 €/KG","img":"https://fd3-photos.leclercdrive.fr/image.ashx?id=2089916&use=l&cat=p&typeid=i","cat":284357},{"id":4086,"n":"Ecorces Beaux Jours Pin maritime 20/40mm - 50L","p":9.15,"u":"0,18 €/L","img":"https://fd3-photos.leclercdrive.fr/image.ashx?id=2162189&use=l&cat=p&typeid=i","cat":335919},{"id":4101,"n":"Pâtes coquillettes Panzani 1kg","p":1.9,"u":"1,90 €/KG","img":"https://fd3-photos.leclercdrive.fr/image.ashx?id=2873823&use=l&cat=p&typeid=i","cat":284427},{"id":4103,"n":"Compotes Andros Pomme Fraise - 8x100g","p":2.79,"u":"3,49 €/KG","img":"https://fd3-photos.leclercdrive.fr/image.ashx?id=2883940&use=l&cat=p&typeid=i","cat":284416},{"id":4120,"n":"Bouchées chocolatées Mon Chéri Liqueur cerise x16 - 168g","p":5.39,"u":"32,08 €/KG","img":"https://fd3-photos.leclercdrive.fr/image.ashx?id=2964018&use=l&cat=p&typeid=i","cat":327601},{"id":4141,"n":"Infusion Tiséa réglisse menthe x25","p":0.9,"u":"22,50 €/KG","img":"https://fd3-photos.leclercdrive.fr/image.ashx?id=2553908&use=l&cat=p&typeid=i","cat":293234},{"id":4242,"n":"Vacherin Eskiss Vanille framboise - 535g","p":4.65,"u":"8,69 €/KG","img":"https://fd3-photos.leclercdrive.fr/image.ashx?id=2119121&use=l&cat=p&typeid=i","cat":284266},{"id":4243,"n":"Tarte citron meringuée Trofic 500g","p":5.59,"u":"11,18 €/KG","img":"https://fd3-photos.leclercdrive.fr/image.ashx?id=2062477&use=l&cat=p&typeid=i","cat":284267},{"id":4249,"n":"Crème glacée Eskiss Chocolat noir - 494g","p":2.35,"u":"4,76 €/KG","img":"https://fd3-photos.leclercdrive.fr/image.ashx?id=2698162&use=l&cat=p&typeid=i","cat":284263},{"id":4250,"n":"Crème glacée Eskiss Café - 494g","p":2.14,"u":"4,33 €/KG","img":"https://fd3-photos.leclercdrive.fr/image.ashx?id=3002545&use=l&cat=p&typeid=i","cat":284263},{"id":4255,"n":"Crème glacée Eskiss Rhum raisin - 494g","p":2.45,"u":"4,96 €/KG","img":"https://fd3-photos.leclercdrive.fr/image.ashx?id=2982589&use=l&cat=p&typeid=i","cat":284263},{"id":4257,"n":"Flammekueche d'Alsace surgelé NRT - 2x250g","p":4.99,"u":"9,98 €/KG","img":"https://fd3-photos.leclercdrive.fr/image.ashx?id=2779301&use=l&cat=p&typeid=i","cat":284257},{"id":4258,"n":"Glace Tyrolia Eskiss 320g","p":2.03,"u":"6,34 €/KG","img":"https://fd3-photos.leclercdrive.fr/image.ashx?id=2075663&use=l&cat=p&typeid=i","cat":284266},{"id":4260,"n":"Biscuits sablés P'tit Déli Chocolat au lait - 200g","p":1.19,"u":"5,95 €/KG","img":"https://fd3-photos.leclercdrive.fr/image.ashx?id=2768457&use=l&cat=p&typeid=i","cat":284488},{"id":4262,"n":"Thon en tranche  Pêche Océan Naturel - 140g","p":2.05,"u":"14,64 €/KG","img":"https://fd3-photos.leclercdrive.fr/image.ashx?id=2941390&use=l&cat=p&typeid=i","cat":303867},{"id":4290,"n":"Marrons entiers Notre Jardin - 510g","p":5.19,"u":"10,18 €/KG","img":"https://fd3-photos.leclercdrive.fr/image.ashx?id=2190014&use=l&cat=p&typeid=i","cat":312612},{"id":4318,"n":"Collants Sublim Dim Voile brillant noir - Taille 1","p":5.4,"img":"https://fd3-photos.leclercdrive.fr/image.ashx?id=2176656&use=l&cat=p&typeid=i","cat":334130},{"id":4320,"n":"Collants Sublim Dim Voile brillant noir - Taille 3","p":5.4,"img":"https://fd3-photos.leclercdrive.fr/image.ashx?id=2176662&use=l&cat=p&typeid=i","cat":334130},{"id":4323,"n":"Collants Well Elastivoile Satiné noir - T1","p":4.45,"img":"https://fd3-photos.leclercdrive.fr/image.ashx?id=2056392&use=l&cat=p&typeid=i","cat":334130},{"id":4324,"n":"Collants Well Elastivoile Satiné noir T2","p":4.45,"img":"https://fd3-photos.leclercdrive.fr/image.ashx?id=2056395&use=l&cat=p&typeid=i","cat":334130},{"id":4325,"n":"Collants Well Elastivoile Satiné T3","p":4.45,"img":"https://fd3-photos.leclercdrive.fr/image.ashx?id=2056398&use=l&cat=p&typeid=i","cat":334130},{"id":4326,"n":"Collant Well Elastivoile Satiné noir T4","p":4.45,"img":"https://fd3-photos.leclercdrive.fr/image.ashx?id=2056401&use=l&cat=p&typeid=i","cat":334130},{"id":4327,"n":"Collants Well Elastivoile Satiné ibiza T3","p":4.45,"img":"https://fd3-photos.leclercdrive.fr/image.ashx?id=2056383&use=l&cat=p&typeid=i","cat":334130},{"id":4328,"n":"Collants Well Elastivoile Satiné ibiza T4","p":4.45,"img":"https://fd3-photos.leclercdrive.fr/image.ashx?id=2056386&use=l&cat=p&typeid=i","cat":334130},{"id":4346,"n":"Crêpes Côté Table Fromage x6 - 300g","p":1.75,"u":"5,83 €/KG","img":"https://fd3-photos.leclercdrive.fr/image.ashx?id=2932399&use=l&cat=p&typeid=i","cat":319776},{"id":4367,"n":"Papier toilette Uni Vert Compact écologique - x4","p":3.29,"u":"0,82 €/P","img":"https://fd3-photos.leclercdrive.fr/image.ashx?id=1957072&use=l&cat=p&typeid=i","cat":284634},{"id":4369,"n":"Gel wc menthe pin Uni Vert 750ml","p":1.62,"u":"2,16 €/L","img":"https://fd3-photos.leclercdrive.fr/image.ashx?id=2965446&use=l&cat=p&typeid=i","cat":284662},{"id":4381,"n":"Safran poudre Rustica 3 doses de 0,1g","p":2.96,"img":"https://fd3-photos.leclercdrive.fr/image.ashx?id=2797769&use=l&cat=p&typeid=i","cat":298297},{"id":4407,"n":"Biscuits duo glacier P'tit Déli 100g","p":1.25,"u":"12,50 €/KG","img":"https://fd3-photos.leclercdrive.fr/image.ashx?id=2874687&use=l&cat=p&typeid=i","cat":284487},{"id":4412,"n":"Boisson énergisante Red Bull 250ml","p":1.12,"u":"4,48 €/L","img":"https://fd3-photos.leclercdrive.fr/image.ashx?id=2340300&use=l&cat=p&typeid=i","cat":284533},{"id":4420,"n":"Sauce aux Morilles Charal 2 personnes - 120g","p":2.24,"u":"18,67 €/KG","img":"https://fd3-photos.leclercdrive.fr/image.ashx?id=2105023&use=l&cat=p&typeid=i","cat":284382},{"id":4431,"n":"Plumeaux Clair jetables Avec poignée x5","p":3.03,"img":"https://fd3-photos.leclercdrive.fr/image.ashx?id=2832924&use=l&cat=p&typeid=i","cat":325364},{"id":4456,"n":"Crème Nourrissante Nivea Visage Corps Mains - 100ml","p":2.1,"u":"21,00 €/L","img":"https://fd3-photos.leclercdrive.fr/image.ashx?id=3014389&use=l&cat=p&typeid=i","cat":325350},{"id":4458,"n":"Pâtes cheveux d'anges Panzani 500g","p":1.27,"u":"2,54 €/KG","img":"https://fd3-photos.leclercdrive.fr/image.ashx?id=2896069&use=l&cat=p&typeid=i","cat":284427},{"id":4469,"n":"Combustible poêle pétrole PTX 2000 20L","p":21.85,"u":"1,09 €/L","img":"https://fd3-photos.leclercdrive.fr/image.ashx?id=2798328&use=l&cat=p&typeid=i","cat":300577},{"id":4519,"n":"Bande à découper Primoplast Multi-usages - 10x6cm","p":0.79,"img":"https://fd3-photos.leclercdrive.fr/image.ashx?id=2885560&use=l&cat=p&typeid=i","cat":284630},{"id":4524,"n":"Filtre café Eco+ N°4 - x100","p":0.99,"u":"0,01 €/P","img":"https://fd3-photos.leclercdrive.fr/image.ashx?id=2593806&use=l&cat=p&typeid=i","cat":284751},{"id":4538,"n":"Crème pieds Scholl Réparatrice - 75ml","p":3.7,"u":"49,33 €/L","img":"https://fd3-photos.leclercdrive.fr/image.ashx?id=3011803&use=l&cat=p&typeid=i","cat":325354},{"id":4539,"n":"Eau de toilette Brut original 100ml","p":6.74,"u":"67,40 €/L","img":"https://fd3-photos.leclercdrive.fr/image.ashx?id=2061774&use=l&cat=p&typeid=i","cat":287740},{"id":4543,"n":"Gel Lubrifiant Intime Durex Sensitive base Eau 50ml","p":4.77,"u":"95,40 €/L","img":"https://fd3-photos.leclercdrive.fr/image.ashx?id=2961200&use=l&cat=p&typeid=i","cat":285160},{"id":4555,"n":"Aiguillette Poulet Jaune LR  IGP Volailles du Maine  - 180g","p":3.93,"u":"21,83 €/KG","img":"https://fd3-photos.leclercdrive.fr/image.ashx?id=2592546&use=l&cat=p&typeid=i","cat":284336},{"id":4566,"n":"Nuggets de poulet Maître coq 1kg","p":7.07,"u":"7,07 €/KG","img":"https://fd3-photos.leclercdrive.fr/image.ashx?id=2877826&use=l&cat=p&typeid=i","cat":333684},{"id":4567,"n":"Panés de poulet Maître Coq 1kg","p":8.45,"u":"8,45 €/KG","img":"https://fd3-photos.leclercdrive.fr/image.ashx?id=2877823&use=l&cat=p&typeid=i","cat":333684},{"id":4583,"n":"Sucre vanillé Vahiné Madagascar - 5x7,5g","p":1.77,"u":"46,58 €/KG","img":"https://fd3-photos.leclercdrive.fr/image.ashx?id=2489190&use=l&cat=p&typeid=i","cat":294686},{"id":4621,"n":"Epis de maïs précuits Lunor 400g","p":2.14,"u":"5,35 €/KG","img":"https://fd3-photos.leclercdrive.fr/image.ashx?id=1876658&use=l&cat=p&typeid=i","cat":284352},{"id":4624,"n":"Dattes Couleurs Vives 500g","p":2.75,"u":"5,50 €/KG","img":"https://fd3-photos.leclercdrive.fr/image.ashx?id=2542926&use=l&cat=p&typeid=i","cat":284357},{"id":4626,"n":"Vinaigrette Rustica Nature - 50cl","p":0.88,"u":"1,76 €/L","img":"https://fd3-photos.leclercdrive.fr/image.ashx?id=1972898&use=l&cat=p&typeid=i","cat":284456},{"id":4627,"n":"Vinaigre de Xérès Rustica 50cl","p":1.99,"u":"3,98 €/L","img":"https://fd3-photos.leclercdrive.fr/image.ashx?id=2603581&use=l&cat=p&typeid=i","cat":298543},{"id":4628,"n":"Moutarde de Dijon Rustica  Fine et forte - 440g","p":1.13,"u":"2,57 €/KG","img":"https://fd3-photos.leclercdrive.fr/image.ashx?id=2954340&use=l&cat=p&typeid=i","cat":288850},{"id":4630,"n":"Pâté piment d'Espelette NRT Label Rouge - 180g","p":2.39,"u":"13,28 €/KG","img":"https://fd3-photos.leclercdrive.fr/image.ashx?id=2991485&use=l&cat=p&typeid=i","cat":305149},{"id":4640,"n":"Petits pois carottes Notre Jard Extra fins - 420g","p":1.35,"u":"3,21 €/KG","img":"https://fd3-photos.leclercdrive.fr/image.ashx?id=2987943&use=l&cat=p&typeid=i","cat":312607},{"id":4641,"n":"Croquettes chaton Purina One Junior - Poulet/Céréales - 450g","p":2.89,"u":"6,42 €/KG","img":"https://fd3-photos.leclercdrive.fr/image.ashx?id=2499883&use=l&cat=p&typeid=i","cat":284680},{"id":4667,"n":"Yaourts Mamie Nova Ananas passion - 2x150g","p":1.37,"u":"4,57 €/KG","img":"https://fd3-photos.leclercdrive.fr/image.ashx?id=2886960&use=l&cat=p&typeid=i","cat":284410},{"id":4679,"n":"Gel WC nettoyant Syphon Javel eucalyptus - 750ml","p":0.87,"u":"1,16 €/L","img":"https://fd3-photos.leclercdrive.fr/image.ashx?id=2663359&use=l&cat=p&typeid=i","cat":284662},{"id":4682,"n":"Petits pois Notre Jardin A l'étuvée - Extra fins - 445g","p":1.28,"u":"2,88 €/KG","img":"https://fd3-photos.leclercdrive.fr/image.ashx?id=2987940&use=l&cat=p&typeid=i","cat":312607},{"id":4688,"n":"Pâtes Blé complet Barilla Penne Rigate Integrale - 500g","p":1.2,"u":"2,40 €/KG","img":"https://fd3-photos.leclercdrive.fr/image.ashx?id=2986954&use=l&cat=p&typeid=i","cat":284427},{"id":4727,"n":"Chocolat au lait Tablette d'Or Raisins secs & Noisettes - 200g","p":2.19,"u":"10,95 €/KG","img":"https://fd3-photos.leclercdrive.fr/image.ashx?id=2578629&use=l&cat=p&typeid=i","cat":284497},{"id":4766,"n":"Gazpacho Notre Jardin 1L","p":2.57,"u":"2,57 €/L","img":"https://fd3-photos.leclercdrive.fr/image.ashx?id=2794832&use=l&cat=p&typeid=i","cat":284355},{"id":4852,"n":"Thon blanc Petit Navire Au naturel - 140g","p":3.44,"u":"24,57 €/KG","img":"https://fd3-photos.leclercdrive.fr/image.ashx?id=2570996&use=l&cat=p&typeid=i","cat":303867},{"id":4863,"n":"Tampons Doulys Digitaux Normal - x24","p":1.24,"u":"0,05 €/P","img":"https://fd3-photos.leclercdrive.fr/image.ashx?id=2965401&use=l&cat=p&typeid=i","cat":284626},{"id":4876,"n":"Petits pots bébé NATURNES Carottes 4M+ - 2x130g","p":1.0,"u":"3,85 €/KG","img":"https://fd3-photos.leclercdrive.fr/image.ashx?id=2522398&use=l&cat=p&typeid=i","cat":312234},{"id":4877,"n":"Petits pots bébé NATURNES Haricots Verts 4M+ - 2x130g","p":1.04,"u":"4,00 €/KG","img":"https://fd3-photos.leclercdrive.fr/image.ashx?id=2522401&use=l&cat=p&typeid=i","cat":312234},{"id":4878,"n":"Petits pots bébé NATURNES Petits Pois 4M+ - 2x130g","p":1.07,"u":"4,12 €/KG","img":"https://fd3-photos.leclercdrive.fr/image.ashx?id=2536182&use=l&cat=p&typeid=i","cat":312234},{"id":4879,"n":"Petits pots bébé NATURNES Courgettes 4M+ - 2x130g","p":0.98,"u":"3,77 €/KG","img":"https://fd3-photos.leclercdrive.fr/image.ashx?id=2532249&use=l&cat=p&typeid=i","cat":312234},{"id":4881,"n":"Petits pots bébé NATURNES Potiron 4M+ - 2x130g","p":1.03,"u":"3,96 €/KG","img":"https://fd3-photos.leclercdrive.fr/image.ashx?id=2532252&use=l&cat=p&typeid=i","cat":312234},{"id":4902,"n":"Purée de fruit NATURNES Pomme coing 4M+ - 4x130g","p":2.31,"u":"4,44 €/KG","img":"https://fd3-photos.leclercdrive.fr/image.ashx?id=2478375&use=l&cat=p&typeid=i","cat":312387},{"id":4903,"n":"Purée de fruit NATURNES Pommes Pruneaux 4M+ - 4x130g","p":2.33,"u":"4,48 €/KG","img":"https://fd3-photos.leclercdrive.fr/image.ashx?id=2571770&use=l&cat=p&typeid=i","cat":312387},{"id":4905,"n":"Purée de fruit NATURNES Pomme banane 4M+ - 4x130g","p":2.17,"u":"4,17 €/KG","img":"https://fd3-photos.leclercdrive.fr/image.ashx?id=2599937&use=l&cat=p&typeid=i","cat":312387},{"id":4906,"n":"Purée de fruit NATURNES Pommes Poires 4M+ - 4x130g","p":2.33,"u":"4,48 €/KG","img":"https://fd3-photos.leclercdrive.fr/image.ashx?id=2672551&use=l&cat=p&typeid=i","cat":312387},{"id":4909,"n":"Purée de fruit NATURNES Fruits du soleil 8M+ - 4x130g","p":2.18,"u":"4,19 €/KG","img":"https://fd3-photos.leclercdrive.fr/image.ashx?id=2629647&use=l&cat=p&typeid=i","cat":312388},{"id":4910,"n":"Purée de fruit NATURNES 6M+ Pomme Fraise Myrtilles - 4x130g","p":2.19,"u":"4,21 €/KG","img":"https://fd3-photos.leclercdrive.fr/image.ashx?id=2478399&use=l&cat=p&typeid=i","cat":312388},{"id":4916,"n":"Collants Sublim Dim Voile brillant noir - Taille 2","p":5.4,"img":"https://fd3-photos.leclercdrive.fr/image.ashx?id=2176659&use=l&cat=p&typeid=i","cat":334130},{"id":4922,"n":"Cracotte Lu Craquinette Choco noisette - 216g","p":2.14,"u":"9,91 €/KG","img":"https://fd3-photos.leclercdrive.fr/image.ashx?id=2474206&use=l&cat=p&typeid=i","cat":284479},{"id":4988,"n":"Beurre Moulé Paysan Breton Doux - 82%MG - 500g","p":6.25,"u":"12,50 €/KG","img":"https://fd3-photos.leclercdrive.fr/image.ashx?id=2774496&use=l&cat=p&typeid=i","cat":284379},{"id":4996,"n":"Cordon bleu Le Gaulois Dinde - 200g","p":2.17,"u":"10,85 €/KG","img":"https://fd3-photos.leclercdrive.fr/image.ashx?id=2860220&use=l&cat=p&typeid=i","cat":333683},{"id":4997,"n":"Gésiers de volaille Le Gaulois 300g","p":3.37,"u":"11,23 €/KG","img":"https://fd3-photos.leclercdrive.fr/image.ashx?id=2732722&use=l&cat=p&typeid=i","cat":284715},{"id":5000,"n":"Frites de poulet Le Gaulois Panées France - 200g","p":2.48,"u":"12,40 €/KG","img":"https://fd3-photos.leclercdrive.fr/image.ashx?id=2261657&use=l&cat=p&typeid=i","cat":333684},{"id":5017,"n":"Betterave rouge Notre Jardin Entière cuite sous vide - 500g","p":0.72,"u":"1,44 €/KG","img":"https://fd3-photos.leclercdrive.fr/image.ashx?id=2885116&use=l&cat=p&typeid=i","cat":284352},{"id":5022,"n":"Graisse à frire Rustica végétale - 1kg","p":5.77,"u":"5,77 €/KG","img":"https://fd3-photos.leclercdrive.fr/image.ashx?id=2881226&use=l&cat=p&typeid=i","cat":315229},{"id":5026,"n":"Ravioli Turini Boeuf aux oignons - 300g","p":1.53,"u":"5,10 €/KG","img":"https://fd3-photos.leclercdrive.fr/image.ashx?id=2778036&use=l&cat=p&typeid=i","cat":333682},{"id":5031,"n":"Petits chèvres doux Les Croisés 200g","p":2.02,"u":"10,10 €/KG","img":"https://fd3-photos.leclercdrive.fr/image.ashx?id=2927179&use=l&cat=p&typeid=i","cat":314031},{"id":5033,"n":"Galette au blé noir Côté Table Jambon  emmental 195g","p":1.49,"u":"7,64 €/KG","img":"https://fd3-photos.leclercdrive.fr/image.ashx?id=2837729&use=l&cat=p&typeid=i","cat":333672},{"id":5037,"n":"Gésiers de volaille Volandrie 300g","p":2.49,"u":"8,30 €/KG","img":"https://fd3-photos.leclercdrive.fr/image.ashx?id=2814860&use=l&cat=p&typeid=i","cat":284715},{"id":5040,"n":"Yaourts aromatisés 0% Délisse 4 saveurs - 12x125g","p":2.64,"u":"1,76 €/KG","img":"https://fd3-photos.leclercdrive.fr/image.ashx?id=2898829&use=l&cat=p&typeid=i","cat":315000},{"id":5042,"n":"Fromage raclette Les Croisés 3 variétés - 26%mg - 700g","p":9.29,"u":"13,27 €/KG","img":"https://fd3-photos.leclercdrive.fr/image.ashx?id=2791755&use=l&cat=p&typeid=i","cat":314037},{"id":5044,"n":"Fromage à tartiner Les Croisés  Ail et fines herbes 25%mg 150g","p":1.29,"u":"8,60 €/KG","img":"https://fd3-photos.leclercdrive.fr/image.ashx?id=2476122&use=l&cat=p&typeid=i","cat":314029},{"id":5046,"n":"Roquefort NRT AOP  Fromage de brebis -150g","p":2.99,"u":"19,93 €/KG","img":"https://fd3-photos.leclercdrive.fr/image.ashx?id=2771046&use=l&cat=p&typeid=i","cat":314032},{"id":5050,"n":"Sucre de canne Canadou 70cl","p":2.61,"u":"3,73 €/L","img":"https://fd3-photos.leclercdrive.fr/image.ashx?id=2534587&use=l&cat=p&typeid=i","cat":284551},{"id":5054,"n":"Olives Vertes Dénoyautées  100g","p":0.93,"u":"9,30 €/KG","img":"https://fd3-photos.leclercdrive.fr/image.ashx?id=2923432&use=l&cat=p&typeid=i","cat":284450},{"id":5066,"n":"Amandes décortiquées Sun Apéro 500g","p":7.29,"u":"14,58 €/KG","img":"https://fd3-photos.leclercdrive.fr/image.ashx?id=2692164&use=l&cat=p&typeid=i","cat":284357},{"id":5070,"n":"Whisky Jack Daniel's Old N°7 70cL","p":22.87,"u":"32,67 €/L","img":"https://fd3-photos.leclercdrive.fr/image.ashx?id=2789763&use=l&cat=p&typeid=i","cat":284547},{"id":5073,"n":"Muscat Olympio Samos 75cl","p":4.51,"u":"6,01 €/L","img":"https://fd3-photos.leclercdrive.fr/image.ashx?id=2504077&use=l&cat=p&typeid=i","cat":284913},{"id":5078,"n":"Sucres morceaux Béghin Say n°4 1kg","p":2.07,"u":"2,07 €/KG","img":"https://fd3-photos.leclercdrive.fr/image.ashx?id=2860172&use=l&cat=p&typeid=i","cat":284502},{"id":5080,"n":"Sucre poudre Béghin Say Etui 1kg","p":1.59,"u":"1,59 €/KG","img":"https://fd3-photos.leclercdrive.fr/image.ashx?id=2866346&use=l&cat=p&typeid=i","cat":284502},{"id":5081,"n":"Sucre poudre Béghin Say 1kg","p":1.75,"u":"1,75 €/KG","img":"https://fd3-photos.leclercdrive.fr/image.ashx?id=2866349&use=l&cat=p&typeid=i","cat":284502},{"id":5082,"n":"Sucre blanc Beghin Say Spécial confiture - 1kg","p":3.33,"u":"3,33 €/KG","img":"https://fd3-photos.leclercdrive.fr/image.ashx?id=2666761&use=l&cat=p&typeid=i","cat":284502},{"id":5083,"n":"Sucre canne Blonvilliers Béghin Say morceaux 1kg","p":2.37,"u":"2,37 €/KG","img":"https://fd3-photos.leclercdrive.fr/image.ashx?id=2962281&use=l&cat=p&typeid=i","cat":284502},{"id":5098,"n":"Colle Super Glue 3 Loctite Power gel - 3g","p":3.17,"img":"https://fd3-photos.leclercdrive.fr/image.ashx?id=2020278&use=l&cat=p&typeid=i","cat":300576},{"id":5102,"n":"Cacahuètes Maître Prunille Chouchou sucrées - 500g","p":5.48,"u":"10,96 €/KG","img":"https://fd3-photos.leclercdrive.fr/image.ashx?id=2234018&use=l&cat=p&typeid=i","cat":284357},{"id":5103,"n":"Biscuits Maître Prunille Japonais - 250g","p":3.77,"u":"15,08 €/KG","img":"https://fd3-photos.leclercdrive.fr/image.ashx?id=2234021&use=l&cat=p&typeid=i","cat":316002},{"id":5110,"n":"Pâtes Coquillettes Turini  1kg","p":1.35,"u":"1,35 €/KG","img":"https://fd3-photos.leclercdrive.fr/image.ashx?id=2980438&use=l&cat=p&typeid=i","cat":284427},{"id":5111,"n":"Couscous Comptoir du grain Grain fin - 500g","p":1.27,"u":"2,54 €/KG","img":"https://fd3-photos.leclercdrive.fr/image.ashx?id=3012806&use=l&cat=p&typeid=i","cat":284429},{"id":5112,"n":"Chocolat blanc Tablette d'Or Blanc - 2x100g","p":2.23,"u":"11,15 €/KG","img":"https://fd3-photos.leclercdrive.fr/image.ashx?id=2790880&use=l&cat=p&typeid=i","cat":284957},{"id":5115,"n":"Biscuits Croustillants Tokapi Bacon-  85g","p":0.99,"u":"11,65 €/KG","img":"https://fd3-photos.leclercdrive.fr/image.ashx?id=2632837&use=l&cat=p&typeid=i","cat":297000},{"id":5116,"n":"Crème de pêche Auguste Muniot 15%vol. - 50cl","p":4.99,"u":"9,98 €/L","img":"https://fd3-photos.leclercdrive.fr/image.ashx?id=2753360&use=l&cat=p&typeid=i","cat":286032},{"id":5117,"n":"Café soluble Plantation Qualité filtre - 200g","p":4.41,"u":"22,05 €/KG","img":"https://fd3-photos.leclercdrive.fr/image.ashx?id=2834269&use=l&cat=p&typeid=i","cat":284843},{"id":5121,"n":"Café moulu Plantation Ethiopie - 250g","p":3.89,"u":"15,56 €/KG","img":"https://fd3-photos.leclercdrive.fr/image.ashx?id=2607434&use=l&cat=p&typeid=i","cat":284750},{"id":5125,"n":"Farine de blé bio T65 Bio Village - 1kg","p":0.99,"u":"0,99 €/KG","img":"https://fd3-photos.leclercdrive.fr/image.ashx?id=2448418&use=l&cat=p&typeid=i","cat":284503},{"id":5126,"n":"Riz long Comptoir du Grain Cuisson rapide 10min - 1kg","p":1.69,"u":"1,69 €/KG","img":"https://fd3-photos.leclercdrive.fr/image.ashx?id=2764137&use=l&cat=p&typeid=i","cat":284428},{"id":5128,"n":"Chips Pom'lisse Bolognaise - 135g","p":1.29,"u":"9,56 €/KG","img":"https://fd3-photos.leclercdrive.fr/image.ashx?id=2919604&use=l&cat=p&typeid=i","cat":284447},{"id":5132,"n":"Croûtons Epi d'Or Nature - 2x90g","p":0.99,"u":"5,50 €/KG","img":"https://fd3-photos.leclercdrive.fr/image.ashx?id=2606037&use=l&cat=p&typeid=i","cat":284464},{"id":5158,"n":"Déodorant Bille Femme Nivea Dry Confort 72H - 50ml","p":2.07,"u":"41,40 €/L","img":"https://fd3-photos.leclercdrive.fr/image.ashx?id=2871058&use=l&cat=p&typeid=i","cat":284595},{"id":5160,"n":"Pur jus de fruits Tropicana Réveil fruité - 1,5L","p":3.58,"u":"2,39 €/L","img":"https://fd3-photos.leclercdrive.fr/image.ashx?id=2606400&use=l&cat=p&typeid=i","cat":284521},{"id":5166,"n":"Sucettes Chupa Chups The Best x16 192g","p":1.72,"u":"8,96 €/KG","img":"https://fd3-photos.leclercdrive.fr/image.ashx?id=2647654&use=l&cat=p&typeid=i","cat":304250},{"id":5176,"n":"Pâtes Alphabet Panzani 500g","p":1.41,"u":"2,82 €/KG","img":"https://fd3-photos.leclercdrive.fr/image.ashx?id=2896063&use=l&cat=p&typeid=i","cat":284427},{"id":5211,"n":"Navet 500g","p":2.19,"u":"4,38 €/KG","img":"https://fd3-photos.leclercdrive.fr/image.ashx?id=1632545&use=l&cat=p&typeid=i","cat":284352},{"id":5224,"n":"Sucre en poudre cristal Erstein 1kg","p":1.53,"u":"1,53 €/KG","img":"https://fd3-photos.leclercdrive.fr/image.ashx?id=2018946&use=l&cat=p&typeid=i","cat":284502},{"id":5225,"n":"Sucre Erstein spécial café En morceaux - 500g","p":1.35,"u":"2,70 €/KG","img":"https://fd3-photos.leclercdrive.fr/image.ashx?id=2018955&use=l&cat=p&typeid=i","cat":284502},{"id":5227,"n":"Pâtes Lustucru coquillettes Oeufs frais - 250g","p":0.93,"u":"3,72 €/KG","img":"https://fd3-photos.leclercdrive.fr/image.ashx?id=2519474&use=l&cat=p&typeid=i","cat":284427},{"id":5228,"n":"Pâtes Lustucru spaghetti courts Oeufs frais - 250g","p":0.93,"u":"3,72 €/KG","img":"https://fd3-photos.leclercdrive.fr/image.ashx?id=2519477&use=l&cat=p&typeid=i","cat":284427},{"id":5244,"n":"Fromage Fin Fou Fromagerie Milleret - 180g","p":2.13,"u":"11,83 €/KG","img":"https://fd3-photos.leclercdrive.fr/image.ashx?id=2450919&use=l&cat=p&typeid=i","cat":314033},{"id":5247,"n":"Saucisse de Morteau 350g","p":6.75,"u":"19,29 €/KG","img":"https://fd3-photos.leclercdrive.fr/image.ashx?id=2754006&use=l&cat=p&typeid=i","cat":316012},{"id":5250,"n":"Crème glacée Eskiss Pistache avec éclats - 494g","p":2.51,"u":"5,08 €/KG","img":"https://fd3-photos.leclercdrive.fr/image.ashx?id=2982586&use=l&cat=p&typeid=i","cat":284263},{"id":5252,"n":"Pansements Primoplast Spécial articulations 10 bandes","p":1.99,"img":"https://fd3-photos.leclercdrive.fr/image.ashx?id=2856420&use=l&cat=p&typeid=i","cat":284630},{"id":5253,"n":"Pansements Primoplast Spécial Articulations x30","p":1.59,"img":"https://fd3-photos.leclercdrive.fr/image.ashx?id=2832912&use=l&cat=p&typeid=i","cat":284630},{"id":5256,"n":"Bonbons Copains Copines Assortiment - 750g","p":3.85,"u":"5,13 €/KG","img":"https://fd3-photos.leclercdrive.fr/image.ashx?id=2934652&use=l&cat=p&typeid=i","cat":304250},{"id":5263,"n":"Yaourts Pulpe de fruits Délisse Panaché de fruits - 16x100g","p":3.54,"u":"2,21 €/KG","img":"https://fd3-photos.leclercdrive.fr/image.ashx?id=2967555&use=l&cat=p&typeid=i","cat":284414},{"id":5271,"n":"Betteraves Menu Fraîcheur  Rouge en dés - 300g","p":1.19,"u":"3,97 €/KG","img":"https://fd3-photos.leclercdrive.fr/image.ashx?id=2552418&use=l&cat=p&typeid=i","cat":333657},{"id":5274,"n":"Quiche lorraine Coté Table 2x130g","p":2.69,"u":"10,35 €/KG","img":"https://fd3-photos.leclercdrive.fr/image.ashx?id=2869790&use=l&cat=p&typeid=i","cat":333680},{"id":5279,"n":"Actifidus Delisse Nature - 4x125g","p":0.85,"u":"1,70 €/KG","img":"https://fd3-photos.leclercdrive.fr/image.ashx?id=2431107&use=l&cat=p&typeid=i","cat":315000},{"id":5281,"n":"Yaourts Petits Délis Chocolat - 6x100g","p":1.91,"u":"3,18 €/KG","img":"https://fd3-photos.leclercdrive.fr/image.ashx?id=2865188&use=l&cat=p&typeid=i","cat":284414},{"id":5284,"n":"Foies de volaille Volandrie confits - 300g","p":2.7,"u":"9,00 €/KG","img":"https://fd3-photos.leclercdrive.fr/image.ashx?id=2814857&use=l&cat=p&typeid=i","cat":284715},{"id":5288,"n":"Crème dessert Petits Délis Chocolat et lait - 6x70g","p":1.3,"u":"3,10 €/KG","img":"https://fd3-photos.leclercdrive.fr/image.ashx?id=2572061&use=l&cat=p&typeid=i","cat":285041},{"id":5289,"n":"Torti au surimi Menu Fraîcheur 300g","p":1.7,"u":"5,67 €/KG","img":"https://fd3-photos.leclercdrive.fr/image.ashx?id=2965443&use=l&cat=p&typeid=i","cat":333657},{"id":5293,"n":"Biscuits apéritifs Tokapi 3 saveurs - 100g","p":0.79,"u":"7,90 €/KG","img":"https://fd3-photos.leclercdrive.fr/image.ashx?id=2885768&use=l&cat=p&typeid=i","cat":284449},{"id":5308,"n":"Biscuits Mini Rollos Pépito Chocolat au lait - 225g","p":1.84,"u":"8,18 €/KG","img":"https://fd3-photos.leclercdrive.fr/image.ashx?id=3014407&use=l&cat=p&typeid=i","cat":284488},{"id":5310,"n":"Petits pois d'aucy  Extra-fins - 560g","p":1.62,"u":"2,89 €/KG","img":"https://fd3-photos.leclercdrive.fr/image.ashx?id=2426361&use=l&cat=p&typeid=i","cat":312607},{"id":5311,"n":"Petits pois carottes d'Aucy A l'étuvée - Extra fins - 530g","p":1.65,"u":"3,11 €/KG","img":"https://fd3-photos.leclercdrive.fr/image.ashx?id=2426364&use=l&cat=p&typeid=i","cat":312607},{"id":5314,"n":"Haricots verts d'aucy  Extra-fins - 1/2","p":0.97,"u":"4,41 €/KG","img":"https://fd3-photos.leclercdrive.fr/image.ashx?id=2512728&use=l&cat=p&typeid=i","cat":312606},{"id":5318,"n":"Biscuits galettes St Michel 130g","p":0.88,"u":"6,77 €/KG","img":"https://fd3-photos.leclercdrive.fr/image.ashx?id=2986149&use=l&cat=p&typeid=i","cat":284487},{"id":5325,"n":"Confiture Bonne Maman Fraise - 370g","p":1.7,"u":"4,59 €/KG","img":"https://fd3-photos.leclercdrive.fr/image.ashx?id=2474984&use=l&cat=p&typeid=i","cat":284480},{"id":5329,"n":"Saucisses aux lentilles William Saurin - 420g","p":2.35,"u":"5,60 €/KG","img":"https://fd3-photos.leclercdrive.fr/image.ashx?id=2890067&use=l&cat=p&typeid=i","cat":284441},{"id":5339,"n":"Fruits au sirop St Mamet Cocktail - 500g","p":3.81,"u":"7,62 €/KG","img":"https://fd3-photos.leclercdrive.fr/image.ashx?id=2412435&use=l&cat=p&typeid=i","cat":284507},{"id":5362,"n":"Vin mousseux Charles Volner Brut - 12%vol. - 75cl","p":4.28,"u":"5,71 €/L","img":"https://fd3-photos.leclercdrive.fr/image.ashx?id=1592052&use=l&cat=p&typeid=i","cat":284544},{"id":5366,"n":"Cire Dépilatoire Siliss Méthode orientale - 250ml","p":3.89,"u":"15,56 €/L","img":"https://fd3-photos.leclercdrive.fr/image.ashx?id=2699396&use=l&cat=p&typeid=i","cat":325351},{"id":5367,"n":"Biscuits tuiles P'tit Déli 100g","p":1.17,"u":"11,70 €/KG","img":"https://fd3-photos.leclercdrive.fr/image.ashx?id=1898889&use=l&cat=p&typeid=i","cat":284487},{"id":5369,"n":"Légumes couscous Notre Jardin 800g","p":1.49,"u":"1,86 €/KG","img":"https://fd3-photos.leclercdrive.fr/image.ashx?id=2854213&use=l&cat=p&typeid=i","cat":312612},{"id":5381,"n":"Dentifrice Dentamyl Haleine fraîche 75ml","p":1.39,"u":"18,53 €/L","img":"https://fd3-photos.leclercdrive.fr/image.ashx?id=2613828&use=l&cat=p&typeid=i","cat":284612},{"id":5385,"n":"Lait coco Tables du Monde 200ml","p":0.86,"u":"4,30 €/L","img":"https://fd3-photos.leclercdrive.fr/image.ashx?id=2920172&use=l&cat=p&typeid=i","cat":288992},{"id":5386,"n":"Biscuit Petit beurre P'tit Déli Tablette chocolat lait - 150g","p":1.29,"u":"8,60 €/KG","img":"https://fd3-photos.leclercdrive.fr/image.ashx?id=2949176&use=l&cat=p&typeid=i","cat":284488},{"id":5387,"n":"Boisson soja Calcium Végé 1L Végé - 200g","p":0.93,"u":"0,93 €/L","img":"https://fd3-photos.leclercdrive.fr/image.ashx?id=2859155&use=l&cat=p&typeid=i","cat":316067},{"id":5390,"n":"Crème anglaise Délisse 50cl","p":1.28,"u":"2,56 €/L","img":"https://fd3-photos.leclercdrive.fr/image.ashx?id=3002569&use=l&cat=p&typeid=i","cat":284382},{"id":5391,"n":"Yaourts à boire Délisse 3 parfums - 6x180g","p":2.39,"u":"2,21 €/KG","img":"https://fd3-photos.leclercdrive.fr/image.ashx?id=2757924&use=l&cat=p&typeid=i","cat":284415},{"id":5393,"n":"Fromage blanc Délisse Framboise 5.5% MG - 500g","p":2.39,"u":"4,78 €/KG","img":"https://fd3-photos.leclercdrive.fr/image.ashx?id=3012821&use=l&cat=p&typeid=i","cat":284409},{"id":5396,"n":"Bain de bouche Dentamyl Multi Protection - 500ml","p":1.89,"u":"3,78 €/L","img":"https://fd3-photos.leclercdrive.fr/image.ashx?id=2500806&use=l&cat=p&typeid=i","cat":284613},{"id":5399,"n":"Pur jus d'orange Bio Village Bio sans pulpe - 1L","p":2.45,"u":"2,45 €/L","img":"https://fd3-photos.leclercdrive.fr/image.ashx?id=2901521&use=l&cat=p&typeid=i","cat":284521},{"id":5400,"n":"Nouilles bouclées d'Alsace NRT 250g","p":1.39,"u":"5,56 €/KG","img":"https://fd3-photos.leclercdrive.fr/image.ashx?id=2839965&use=l&cat=p&typeid=i","cat":284427},{"id":5403,"n":"Plumes d'Alsace NRT 250g","p":1.39,"u":"5,56 €/KG","img":"https://fd3-photos.leclercdrive.fr/image.ashx?id=2839971&use=l&cat=p&typeid=i","cat":284427},{"id":5404,"n":"IGP Coquilles d'Alsace NRT 250g","p":1.39,"u":"5,56 €/KG","img":"https://fd3-photos.leclercdrive.fr/image.ashx?id=2839974&use=l&cat=p&typeid=i","cat":284427},{"id":5405,"n":"Saucisse sèche d'Auvergne  NRT - 300g","p":5.74,"u":"19,13 €/KG","img":"https://fd3-photos.leclercdrive.fr/image.ashx?id=2991473&use=l&cat=p&typeid=i","cat":316006},{"id":5406,"n":"Saucisson sec d'Auvergne IGP Nos Régions ont du Talent 300g","p":5.54,"u":"18,47 €/KG","img":"https://fd3-photos.leclercdrive.fr/image.ashx?id=2991476&use=l&cat=p&typeid=i","cat":316006},{"id":5407,"n":"Coquillettes d'Alsace NRT 250g","p":1.39,"u":"5,56 €/KG","img":"https://fd3-photos.leclercdrive.fr/image.ashx?id=2839977&use=l&cat=p&typeid=i","cat":284427},{"id":5414,"n":"Soin de jour Diadermine Lift+ Anti-rides - Hydratant - 50ml","p":6.32,"u":"126,40 €/L","img":"https://fd3-photos.leclercdrive.fr/image.ashx?id=2551468&use=l&cat=p&typeid=i","cat":325345},{"id":5426,"n":"Soin de jour Diadermine Lift+ Anti-rides - Sublimant - 50ml","p":6.32,"u":"126,40 €/L","img":"https://fd3-photos.leclercdrive.fr/image.ashx?id=2993098&use=l&cat=p&typeid=i","cat":325345},{"id":5449,"n":"Boîte chat Whiskas Terrine du marché - 4x400g","p":4.63,"u":"2,89 €/KG","img":"https://fd3-photos.leclercdrive.fr/image.ashx?id=2759619&use=l&cat=p&typeid=i","cat":285601},{"id":5450,"n":"Sucre de canne Erstein En morceaux - 1kg","p":2.43,"u":"2,43 €/KG","img":"https://fd3-photos.leclercdrive.fr/image.ashx?id=2018940&use=l&cat=p&typeid=i","cat":284502},{"id":5468,"n":"Papier toilette Parfumé Mimosa Soleil d'été - x6","p":2.99,"u":"0,50 €/P","img":"https://fd3-photos.leclercdrive.fr/image.ashx?id=2836316&use=l&cat=p&typeid=i","cat":284634},{"id":5472,"n":"Biscuits barquettes P'tit Déli Fraise - 2x120g","p":1.66,"u":"6,92 €/KG","img":"https://fd3-photos.leclercdrive.fr/image.ashx?id=2691168&use=l&cat=p&typeid=i","cat":284489},{"id":5480,"n":"Biscuits Dejeuner REM 3x255g","p":3.62,"u":"4,73 €/KG","img":"https://fd3-photos.leclercdrive.fr/image.ashx?id=3002201&use=l&cat=p&typeid=i","cat":284491},{"id":5501,"n":"Sel La Baleine  Fin iodé 125g","p":0.36,"u":"2,88 €/KG","img":"https://fd3-photos.leclercdrive.fr/image.ashx?id=2019879&use=l&cat=p&typeid=i","cat":284457},{"id":5509,"n":"Pâtes Torsades Turini 1kg","p":1.29,"u":"1,29 €/KG","img":"https://fd3-photos.leclercdrive.fr/image.ashx?id=2980459&use=l&cat=p&typeid=i","cat":284427},{"id":5511,"n":"Sparadrap Primoplast Peaux délicates 5mx2.5cm","p":1.48,"img":"https://fd3-photos.leclercdrive.fr/image.ashx?id=2856426&use=l&cat=p&typeid=i","cat":284630},{"id":5512,"n":"Sparadrap Primoplast résistant 5mx2.5cm","p":1.49,"img":"https://fd3-photos.leclercdrive.fr/image.ashx?id=2856435&use=l&cat=p&typeid=i","cat":284630},{"id":5513,"n":"Miel Nid d'Abeille Crémeux - 1 kg","p":6.39,"u":"6,39 €/KG","img":"https://fd3-photos.leclercdrive.fr/image.ashx?id=2550369&use=l&cat=p&typeid=i","cat":287643},{"id":5514,"n":"Bande strapping Primoplast Adhésive 2.5mx6cm","p":3.39,"img":"https://fd3-photos.leclercdrive.fr/image.ashx?id=2856441&use=l&cat=p&typeid=i","cat":284630},{"id":5526,"n":"Fromage Bleu d'Auvergne NRT  AOP - 125g","p":1.39,"u":"11,12 €/KG","img":"https://fd3-photos.leclercdrive.fr/image.ashx?id=2771040&use=l&cat=p&typeid=i","cat":314032},{"id":5529,"n":"Croquettes petits chiens Ultima  Poulet - Yorkshire - 800g","p":3.43,"u":"4,29 €/KG","img":"https://fd3-photos.leclercdrive.fr/image.ashx?id=2922224&use=l&cat=p&typeid=i","cat":294526},{"id":5536,"n":"Biscuits Pockitos Pépito Chocolat au lait - 295g","p":3.64,"u":"12,34 €/KG","img":"https://fd3-photos.leclercdrive.fr/image.ashx?id=3001955&use=l&cat=p&typeid=i","cat":284488},{"id":5546,"n":"Pâté de foie William Saurin - 3x78g","p":2.17,"u":"9,27 €/KG","img":"https://fd3-photos.leclercdrive.fr/image.ashx?id=2392756&use=l&cat=p&typeid=i","cat":305149},{"id":5560,"n":"Tampons Doulys Digitaux Mini - x24","p":1.62,"u":"0,07 €/P","img":"https://fd3-photos.leclercdrive.fr/image.ashx?id=2965407&use=l&cat=p&typeid=i","cat":284626},{"id":5561,"n":"Tampons Doulys Digitaux Super - x24","p":1.26,"u":"0,05 €/P","img":"https://fd3-photos.leclercdrive.fr/image.ashx?id=2965413&use=l&cat=p&typeid=i","cat":284626},{"id":5563,"n":"Biscuits P'tit Déli Délimousse 175g","p":1.51,"u":"8,63 €/KG","img":"https://fd3-photos.leclercdrive.fr/image.ashx?id=2540936&use=l&cat=p&typeid=i","cat":284495},{"id":5564,"n":"Lingettes nettoyantes Clair Vitres 3en1 x20","p":0.87,"u":"0,04 €/P","img":"https://fd3-photos.leclercdrive.fr/image.ashx?id=2858827&use=l&cat=p&typeid=i","cat":325363},{"id":5574,"n":"Quenelles Côté Table saumon Sauce crevette 400g","p":1.8,"u":"4,50 €/KG","img":"https://fd3-photos.leclercdrive.fr/image.ashx?id=2977138&use=l&cat=p&typeid=i","cat":284441},{"id":5575,"n":"Compote Douceur du Verger Gourdes Pomme - 12x90g","p":2.7,"u":"2,50 €/KG","img":"https://fd3-photos.leclercdrive.fr/image.ashx?id=2837030&use=l&cat=p&typeid=i","cat":284508},{"id":5581,"n":"Chewing-gum sans sucre Freedent Menthe verte 5x10 dragées 70g","p":2.27,"img":"https://fd3-photos.leclercdrive.fr/image.ashx?id=2325482&use=l&cat=p&typeid=i","cat":304251},{"id":5582,"n":"Chewing-gum Freedent white Fruits sans sucre x50 - 70g","p":2.07,"u":"29,57 €/KG","img":"https://fd3-photos.leclercdrive.fr/image.ashx?id=2237283&use=l&cat=p&typeid=i","cat":304251},{"id":5600,"n":"Pâté Hénaff 78g","p":1.24,"u":"15,90 €/KG","img":"https://fd3-photos.leclercdrive.fr/image.ashx?id=2280516&use=l&cat=p&typeid=i","cat":305149},{"id":5612,"n":"Eau de source Cristaline 6x1,5L","p":1.1,"u":"0,12 €/L","img":"https://fd3-photos.leclercdrive.fr/image.ashx?id=2389449&use=l&cat=p&typeid=i","cat":284535},{"id":5619,"n":"Oeufs de lompe Ronde des Mers Rouge - MSC - 100g","p":2.6,"u":"26,00 €/KG","img":"https://fd3-photos.leclercdrive.fr/image.ashx?id=2822720&use=l&cat=p&typeid=i","cat":285191},{"id":5622,"n":"Croquettes chiens Lydog Spécial Forme - Volaille - 4kg","p":4.99,"u":"1,25 €/KG","img":"https://fd3-photos.leclercdrive.fr/image.ashx?id=2191117&use=l&cat=p&typeid=i","cat":284672},{"id":5626,"n":"Bonbons Copains Copines Frites acides - 275 g","p":1.71,"u":"6,22 €/KG","img":"https://fd3-photos.leclercdrive.fr/image.ashx?id=2934655&use=l&cat=p&typeid=i","cat":304250},{"id":5627,"n":"Lasagnes bolognaise Côté Table 1kg","p":4.14,"u":"4,14 €/KG","img":"https://fd3-photos.leclercdrive.fr/image.ashx?id=2570915&use=l&cat=p&typeid=i","cat":333666},{"id":5630,"n":"Papier toilette blanc Mimosa Ultra doux maxi rouleau - x12","p":5.4,"u":"0,45 €/P","img":"https://fd3-photos.leclercdrive.fr/image.ashx?id=2777848&use=l&cat=p&typeid=i","cat":284634},{"id":5633,"n":"Soufflés Grignot' Tokapi Cacahuète - 90g","p":0.59,"u":"6,56 €/KG","img":"https://fd3-photos.leclercdrive.fr/image.ashx?id=2049223&use=l&cat=p&typeid=i","cat":284449},{"id":5718,"n":"Tampons Doulys avec applicateur Super - x24","p":2.47,"u":"0,10 €/P","img":"https://fd3-photos.leclercdrive.fr/image.ashx?id=2965458&use=l&cat=p&typeid=i","cat":284626},{"id":5737,"n":"Sel adoucisseur Pastilles - 25kg","p":8.95,"u":"0,36 €/KG","img":"https://fd3-photos.leclercdrive.fr/image.ashx?id=2504479&use=l&cat=p&typeid=i","cat":335918},{"id":5772,"n":"Biscuits tartelette Bonne Maman Citron 125g","p":1.52,"u":"12,16 €/KG","img":"https://fd3-photos.leclercdrive.fr/image.ashx?id=2962296&use=l&cat=p&typeid=i","cat":284489},{"id":5802,"n":"Lait entier Vitamine D Lactel UHT Bouteille - 6x1l","p":10.26,"u":"1,71 €/L","img":"https://fd3-photos.leclercdrive.fr/image.ashx?id=2889427&use=l&cat=p&typeid=i","cat":285610},{"id":5831,"n":"Ketchup Rustica Epicé - 560g","p":1.59,"u":"2,84 €/KG","img":"https://fd3-photos.leclercdrive.fr/image.ashx?id=3005667&use=l&cat=p&typeid=i","cat":284455},{"id":5838,"n":"Petit salé Côté Table lentilles A l'auvergnate 420g","p":2.3,"u":"5,48 €/KG","img":"https://fd3-photos.leclercdrive.fr/image.ashx?id=2977123&use=l&cat=p&typeid=i","cat":284441},{"id":5840,"n":"Filets anchois Rondes des mers 105g","p":2.73,"u":"26,00 €/KG","img":"https://fd3-photos.leclercdrive.fr/image.ashx?id=1671616&use=l&cat=p&typeid=i","cat":285190},{"id":5841,"n":"Allume-feu Silex gel 1L","p":4.52,"u":"4,52 €/L","img":"https://fd3-photos.leclercdrive.fr/image.ashx?id=2753363&use=l&cat=p&typeid=i","cat":300578},{"id":5855,"n":"Lasagnes bolognaise Côté Table 350g","p":2.85,"u":"8,14 €/KG","img":"https://fd3-photos.leclercdrive.fr/image.ashx?id=2911802&use=l&cat=p&typeid=i","cat":333665},{"id":5861,"n":"Tagliatelle Côté Table Carbonara 330g","p":2.35,"u":"7,12 €/KG","img":"https://fd3-photos.leclercdrive.fr/image.ashx?id=2797775&use=l&cat=p&typeid=i","cat":333665},{"id":5866,"n":"Actifidus Délisse Vanille - 12x125g","p":2.58,"u":"1,72 €/KG","img":"https://fd3-photos.leclercdrive.fr/image.ashx?id=2751877&use=l&cat=p&typeid=i","cat":315000},{"id":5868,"n":"Spécialité au soja Nat & Vie Vanille - 4x100g","p":1.37,"u":"3,43 €/KG","img":"https://fd3-photos.leclercdrive.fr/image.ashx?id=2852053&use=l&cat=p&typeid=i","cat":316071},{"id":5869,"n":"Spécialité au soja Nat & Vie Chocolat - 4x100g","p":1.34,"u":"3,35 €/KG","img":"https://fd3-photos.leclercdrive.fr/image.ashx?id=2901437&use=l&cat=p&typeid=i","cat":316071},{"id":5870,"n":"Boisson soja nature Végé 1L Végé - 200g","p":0.85,"u":"0,85 €/L","img":"https://fd3-photos.leclercdrive.fr/image.ashx?id=2861413&use=l&cat=p&typeid=i","cat":316067},{"id":5878,"n":"Jus 3 agrumes Jafaden 1L","p":2.75,"u":"2,75 €/L","img":"https://fd3-photos.leclercdrive.fr/image.ashx?id=2916665&use=l&cat=p&typeid=i","cat":285435},{"id":5884,"n":"Gratin dauphinois Côté Table 280g","p":2.89,"u":"10,32 €/KG","img":"https://fd3-photos.leclercdrive.fr/image.ashx?id=2807285&use=l&cat=p&typeid=i","cat":333665},{"id":5891,"n":"Tzatziki Tables du Monde 200g","p":1.45,"u":"7,25 €/KG","img":"https://fd3-photos.leclercdrive.fr/image.ashx?id=2872255&use=l&cat=p&typeid=i","cat":315999},{"id":5895,"n":"Tripes mode de caen NRT 600g","p":3.99,"u":"6,65 €/KG","img":"https://fd3-photos.leclercdrive.fr/image.ashx?id=2723198&use=l&cat=p&typeid=i","cat":284441},{"id":5898,"n":"Litière rongeurs P'tit Ami 60L","p":4.2,"u":"0,07 €/L","img":"https://fd3-photos.leclercdrive.fr/image.ashx?id=2162204&use=l&cat=p&typeid=i","cat":284677},{"id":5901,"n":"Filtre à café Melitta 1x4 Original - x40","p":1.13,"u":"0,03 €/P","img":"https://fd3-photos.leclercdrive.fr/image.ashx?id=2882053&use=l&cat=p&typeid=i","cat":284751},{"id":5907,"n":"Haricots beurre d'aucy Extra-fins - 440g","p":1.92,"u":"4,36 €/KG","img":"https://fd3-photos.leclercdrive.fr/image.ashx?id=2431536&use=l&cat=p&typeid=i","cat":312606},{"id":5908,"n":"Tourteau fromagé du Poitou NRT 250g","p":2.85,"u":"11,40 €/KG","img":"https://fd3-photos.leclercdrive.fr/image.ashx?id=2040347&use=l&cat=p&typeid=i","cat":284419},{"id":5909,"n":"Mini gâches briochettes NRT Pur beurre x8 - 360g","p":2.07,"u":"5,75 €/KG","img":"https://fd3-photos.leclercdrive.fr/image.ashx?id=2670416&use=l&cat=p&typeid=i","cat":284478},{"id":5910,"n":"Ketchup Amora 280g","p":1.05,"u":"3,75 €/KG","img":"https://fd3-photos.leclercdrive.fr/image.ashx?id=2766667&use=l&cat=p&typeid=i","cat":284455},{"id":5911,"n":"Sel fin Cérébos 250g","p":0.69,"u":"2,76 €/KG","img":"https://fd3-photos.leclercdrive.fr/image.ashx?id=2904173&use=l&cat=p&typeid=i","cat":284457},{"id":5952,"n":"Couscous Grain Moyen Ferrero - 1kg","p":2.32,"u":"2,32 €/KG","img":"https://fd3-photos.leclercdrive.fr/image.ashx?id=2744740&use=l&cat=p&typeid=i","cat":284429},{"id":6003,"n":"Collants Well Elastivoile Résistant ibiza T1","p":3.7,"img":"https://fd3-photos.leclercdrive.fr/image.ashx?id=2538638&use=l&cat=p&typeid=i","cat":334130},{"id":6004,"n":"Collants Well Elastivoile Résistant ibiza T2","p":3.7,"img":"https://fd3-photos.leclercdrive.fr/image.ashx?id=2560840&use=l&cat=p&typeid=i","cat":334130},{"id":6006,"n":"Collants Well Elastivoile Résistant noir T2","p":3.7,"img":"https://fd3-photos.leclercdrive.fr/image.ashx?id=2056542&use=l&cat=p&typeid=i","cat":334130},{"id":6031,"n":"Mi-bas Well Elastivoile Résistant noir taille U x2","p":3.45,"img":"https://fd3-photos.leclercdrive.fr/image.ashx?id=2664677&use=l&cat=p&typeid=i","cat":334130},{"id":6032,"n":"Mi-bas Well Elastivoile Ibiza taille TU x2","p":3.45,"img":"https://fd3-photos.leclercdrive.fr/image.ashx?id=2282958&use=l&cat=p&typeid=i","cat":334130},{"id":6035,"n":"Sauce tomate bio Jardin Bio' Provençale - 200g","p":1.47,"u":"7,35 €/KG","img":"https://fd3-photos.leclercdrive.fr/image.ashx?id=3014494&use=l&cat=p&typeid=i","cat":287599},{"id":6037,"n":"Ratatouille Jardin Bio' A la provençale bio - 650g","p":2.93,"u":"4,51 €/KG","img":"https://fd3-photos.leclercdrive.fr/image.ashx?id=2903230&use=l&cat=p&typeid=i","cat":312612},{"id":6039,"n":"Vinaigre de cidre Jardin Bio Bio - 75cl","p":2.87,"u":"3,83 €/L","img":"https://fd3-photos.leclercdrive.fr/image.ashx?id=2918295&use=l&cat=p&typeid=i","cat":298543},{"id":6048,"n":"Sauce tomate Jardin Bio' Bio Basilic - 200g","p":1.47,"u":"7,35 €/KG","img":"https://fd3-photos.leclercdrive.fr/image.ashx?id=2967848&use=l&cat=p&typeid=i","cat":287599},{"id":6049,"n":"Ravioli Jardin Bio Bio légumes - 675g","p":2.77,"u":"4,10 €/KG","img":"https://fd3-photos.leclercdrive.fr/image.ashx?id=2534878&use=l&cat=p&typeid=i","cat":284442},{"id":6050,"n":"Lentilles vertes Jardin Bio' Bio cuisinées - 400g","p":2.55,"u":"6,38 €/KG","img":"https://fd3-photos.leclercdrive.fr/image.ashx?id=2944831&use=l&cat=p&typeid=i","cat":312609},{"id":6054,"n":"Sauce tomate Jardin Bio Bio spaghetti - 200g","p":2.04,"u":"10,20 €/KG","img":"https://fd3-photos.leclercdrive.fr/image.ashx?id=3000192&use=l&cat=p&typeid=i","cat":287599},{"id":6058,"n":"Spaguetti Jardin Bio Bio quinoa tomate - 500g","p":2.11,"u":"4,22 €/KG","img":"https://fd3-photos.leclercdrive.fr/image.ashx?id=3002108&use=l&cat=p&typeid=i","cat":284427},{"id":6068,"n":"Spaghetti Bio Village Bio - 500g","p":0.83,"u":"1,66 €/KG","img":"https://fd3-photos.leclercdrive.fr/image.ashx?id=2503284&use=l&cat=p&typeid=i","cat":284427},{"id":6069,"n":"Pâtes Coquillettes Bio Village Bio - 500g","p":0.84,"u":"1,68 €/KG","img":"https://fd3-photos.leclercdrive.fr/image.ashx?id=2625364&use=l&cat=p&typeid=i","cat":284427},{"id":6070,"n":"Pâtes tagliatelles Bio Village Bio - 250g","p":1.65,"u":"6,60 €/KG","img":"https://fd3-photos.leclercdrive.fr/image.ashx?id=1986832&use=l&cat=p&typeid=i","cat":284427},{"id":6075,"n":"Quinoa Bio Village Bio - 500g","p":3.25,"u":"6,50 €/KG","img":"https://fd3-photos.leclercdrive.fr/image.ashx?id=2245755&use=l&cat=p&typeid=i","cat":284429},{"id":6076,"n":"Cookies chocolat Bio Village Bio 200g","p":2.74,"u":"13,70 €/KG","img":"https://fd3-photos.leclercdrive.fr/image.ashx?id=2400523&use=l&cat=p&typeid=i","cat":325066},{"id":6077,"n":"Biscuits sésame Bio Village Bio - 230g","p":1.76,"u":"7,65 €/KG","img":"https://fd3-photos.leclercdrive.fr/image.ashx?id=2363808&use=l&cat=p&typeid=i","cat":284487},{"id":6085,"n":"Jus de fruits Tropicana Multivitamines - 1,5L","p":3.6,"u":"2,40 €/L","img":"https://fd3-photos.leclercdrive.fr/image.ashx?id=2605818&use=l&cat=p&typeid=i","cat":284917},{"id":6089,"n":"Pâtes Blé complet Barilla Spaghetti Integrale - 500g","p":1.2,"u":"2,40 €/KG","img":"https://fd3-photos.leclercdrive.fr/image.ashx?id=2986951&use=l&cat=p&typeid=i","cat":284427},{"id":6105,"n":"Biscuits apéritif Lay's 3D's Goût Nature Sel - 85g","p":0.8,"u":"9,41 €/KG","img":"https://fd3-photos.leclercdrive.fr/image.ashx?id=2917417&use=l&cat=p&typeid=i","cat":284449},{"id":6106,"n":"Biscuits apéritif Lay's 3D's Goût Fromage - 85g","p":0.81,"u":"9,53 €/KG","img":"https://fd3-photos.leclercdrive.fr/image.ashx?id=2923672&use=l&cat=p&typeid=i","cat":284449},{"id":6145,"n":"Biscuits Goûters REM Chocolat - 3x125g","p":2.29,"u":"6,11 €/KG","img":"https://fd3-photos.leclercdrive.fr/image.ashx?id=2841193&use=l&cat=p&typeid=i","cat":284488},{"id":6147,"n":"Biscuits barres Pockitos Pépito Chocolat au lait - 162g","p":1.86,"u":"11,48 €/KG","img":"https://fd3-photos.leclercdrive.fr/image.ashx?id=3001964&use=l&cat=p&typeid=i","cat":284488},{"id":6151,"n":"Pâtes Coudes rayés Panzani 500g","p":1.17,"u":"2,34 €/KG","img":"https://fd3-photos.leclercdrive.fr/image.ashx?id=2876008&use=l&cat=p&typeid=i","cat":284427},{"id":6152,"n":"Pâtes gansettes Panzani 500g","p":1.13,"u":"2,26 €/KG","img":"https://fd3-photos.leclercdrive.fr/image.ashx?id=2876017&use=l&cat=p&typeid=i","cat":284427},{"id":6153,"n":"Pâtes Macaroni Panzani 1kg","p":1.97,"u":"1,97 €/KG","img":"https://fd3-photos.leclercdrive.fr/image.ashx?id=2876026&use=l&cat=p&typeid=i","cat":284427},{"id":6154,"n":"Pâtes farfalle Panzani 500g","p":1.04,"u":"2,08 €/KG","img":"https://fd3-photos.leclercdrive.fr/image.ashx?id=2884300&use=l&cat=p&typeid=i","cat":284427},{"id":6155,"n":"Pâtes Torti Panzani 3 Minutes - 500G","p":1.15,"u":"2,30 €/KG","img":"https://fd3-photos.leclercdrive.fr/image.ashx?id=2896084&use=l&cat=p&typeid=i","cat":284427},{"id":6168,"n":"Viande Bovine Rumsteack Socopa  Mariné à l'échalote - x2 - 240g","p":5.49,"u":"22,88 €/KG","img":"https://fd3-photos.leclercdrive.fr/image.ashx?id=2414612&use=l&cat=p&typeid=i","cat":284328},{"id":6169,"n":"Fromage apéritif Apéricube Nature 24 cubes","p":2.37,"u":"18,96 €/KG","img":"https://fd3-photos.leclercdrive.fr/image.ashx?id=2883447&use=l&cat=p&typeid=i","cat":314027},{"id":6171,"n":"Sucre glace Erstein 500g","p":1.87,"u":"3,74 €/KG","img":"https://fd3-photos.leclercdrive.fr/image.ashx?id=2689517&use=l&cat=p&typeid=i","cat":284502},{"id":6173,"n":"Sucre glace Erstein  Sachet 500g","p":1.57,"u":"3,14 €/KG","img":"https://fd3-photos.leclercdrive.fr/image.ashx?id=2029649&use=l&cat=p&typeid=i","cat":284502},{"id":6188,"n":"Boisson lactée Candy'UP Fraise - 6x20cl","p":2.4,"u":"2,00 €/L","img":"https://fd3-photos.leclercdrive.fr/image.ashx?id=2485629&use=l&cat=p&typeid=i","cat":295246},{"id":6199,"n":"Beurre Moulé Paysan Breton Demi-sel - 80%MG - 250g","p":3.24,"u":"12,96 €/KG","img":"https://fd3-photos.leclercdrive.fr/image.ashx?id=2947844&use=l&cat=p&typeid=i","cat":284379},{"id":6218,"n":"Fromage blanc Déli'light aux Fruits - 0% mg - 8x100g","p":2.89,"u":"3,61 €/KG","img":"https://fd3-photos.leclercdrive.fr/image.ashx?id=2967552&use=l&cat=p&typeid=i","cat":315000},{"id":6222,"n":"Fromage à tartiner Les Croisés Noix - 25%mg - 125g","p":1.4,"u":"11,20 €/KG","img":"https://fd3-photos.leclercdrive.fr/image.ashx?id=2482621&use=l&cat=p&typeid=i","cat":314029},{"id":6223,"n":"Fromage Maroilles AOP  Nos Régions ont du Talent 200g","p":2.69,"u":"13,45 €/KG","img":"https://fd3-photos.leclercdrive.fr/image.ashx?id=2411892&use=l&cat=p&typeid=i","cat":329558},{"id":6239,"n":"Nuggets de dinde Le Gaulois  x50 - 1kg","p":6.46,"u":"6,46 €/KG","img":"https://fd3-photos.leclercdrive.fr/image.ashx?id=2921274&use=l&cat=p&typeid=i","cat":333684},{"id":6242,"n":"Café soluble Plantation Qualité filtre - 100g","p":2.75,"u":"27,50 €/KG","img":"https://fd3-photos.leclercdrive.fr/image.ashx?id=2834272&use=l&cat=p&typeid=i","cat":284843},{"id":6283,"n":"Beignets framboise  300g","p":1.95,"u":"6,50 €/KG","img":"https://fd3-photos.leclercdrive.fr/image.ashx?id=661127&use=l&cat=p&typeid=i","cat":284984},{"id":6284,"n":"Beignets chocolat x4  300g","p":1.67,"u":"5,57 €/KG","img":"https://fd3-photos.leclercdrive.fr/image.ashx?id=2070968&use=l&cat=p&typeid=i","cat":284984},{"id":6314,"n":"Pansements Primoplast Peaux sensibles x30","p":0.88,"img":"https://fd3-photos.leclercdrive.fr/image.ashx?id=2832918&use=l&cat=p&typeid=i","cat":284630},{"id":6316,"n":"Escalope de poulet Côté Croc À la Bolognaise x2 - 200g","p":2.13,"u":"10,65 €/KG","img":"https://fd3-photos.leclercdrive.fr/image.ashx?id=2814420&use=l&cat=p&typeid=i","cat":333683},{"id":6344,"n":"Boules soufflées Tokapi  Fromage - 50g","p":0.58,"u":"11,60 €/KG","img":"https://fd3-photos.leclercdrive.fr/image.ashx?id=2885762&use=l&cat=p&typeid=i","cat":284449},{"id":6345,"n":"Couscous Comptoir du Monde Grain moyen - 500g","p":0.84,"u":"1,68 €/KG","img":"https://fd3-photos.leclercdrive.fr/image.ashx?id=3012800&use=l&cat=p&typeid=i","cat":284429},{"id":6346,"n":"Madeleines longues P'tit Déli  Pur beurre 250g","p":1.57,"u":"6,28 €/KG","img":"https://fd3-photos.leclercdrive.fr/image.ashx?id=2402136&use=l&cat=p&typeid=i","cat":284492},{"id":6349,"n":"Filets anchois Ronde des Mers Câpres huile d'olive - 50g","p":1.4,"u":"28,00 €/KG","img":"https://fd3-photos.leclercdrive.fr/image.ashx?id=2046032&use=l&cat=p&typeid=i","cat":285190},{"id":6350,"n":"Eponges Mamison couleur Super absorbantes x3","p":1.22,"u":"0,41 €/P","img":"https://fd3-photos.leclercdrive.fr/image.ashx?id=2458049&use=l&cat=p&typeid=i","cat":284667},{"id":6354,"n":"Miel Nid d'Abeille Crémeux - 500 g","p":3.92,"u":"7,84 €/KG","img":"https://fd3-photos.leclercdrive.fr/image.ashx?id=2676534&use=l&cat=p&typeid=i","cat":287643},{"id":6355,"n":"AOC Clairette de Die doux Rives et Terrasses - 75cl","p":5.29,"u":"7,05 €/L","img":"https://fd3-photos.leclercdrive.fr/image.ashx?id=2753369&use=l&cat=p&typeid=i","cat":284544},{"id":6357,"n":"Chorizo doux Saint Azay 30 tranches - 150g","p":2.09,"u":"13,93 €/KG","img":"https://fd3-photos.leclercdrive.fr/image.ashx?id=1873710&use=l&cat=p&typeid=i","cat":316007},{"id":6358,"n":"Gel nettoyant wc javel Syphon Agrumes 750ml","p":0.89,"u":"1,19 €/L","img":"https://fd3-photos.leclercdrive.fr/image.ashx?id=2669696&use=l&cat=p&typeid=i","cat":284662},{"id":6359,"n":"Croûtons Epi d'Or Fromage - 90g","p":0.99,"u":"11,00 €/KG","img":"https://fd3-photos.leclercdrive.fr/image.ashx?id=2651783&use=l&cat=p&typeid=i","cat":284464},{"id":6360,"n":"Croûtons Epi d'Or  Oignon - 90g","p":0.99,"u":"11,00 €/KG","img":"https://fd3-photos.leclercdrive.fr/image.ashx?id=2640986&use=l&cat=p&typeid=i","cat":284464},{"id":6362,"n":"Mélange Gourmand Tokapi  Graines et raisins - 120g","p":1.29,"u":"10,75 €/KG","img":"https://fd3-photos.leclercdrive.fr/image.ashx?id=2795547&use=l&cat=p&typeid=i","cat":284448},{"id":6364,"n":"Fromage Reblochon de Savoie NRT AOP - 450g","p":6.25,"u":"13,89 €/KG","img":"https://fd3-photos.leclercdrive.fr/image.ashx?id=2663809&use=l&cat=p&typeid=i","cat":314037},{"id":6365,"n":"Galettes sarrasin NRT de Bretagne 230g","p":1.79,"u":"7,78 €/KG","img":"https://fd3-photos.leclercdrive.fr/image.ashx?id=2770259&use=l&cat=p&typeid=i","cat":333672},{"id":6366,"n":"Crêpes de froment NRT de Bretagne 180g","p":1.99,"u":"11,06 €/KG","img":"https://fd3-photos.leclercdrive.fr/image.ashx?id=2771058&use=l&cat=p&typeid=i","cat":333672},{"id":6388,"n":"Confiture Bonne Maman Mirabelle 370g","p":2.09,"u":"5,65 €/KG","img":"https://fd3-photos.leclercdrive.fr/image.ashx?id=2991891&use=l&cat=p&typeid=i","cat":284480},{"id":6397,"n":"Fruits au sirop St Mamet Cocktail avec son jus - 250g","p":2.18,"u":"8,72 €/KG","img":"https://fd3-photos.leclercdrive.fr/image.ashx?id=2412432&use=l&cat=p&typeid=i","cat":284507},{"id":6434,"n":"Eau gazeuse Cristaline 6x1,5L","p":1.74,"u":"0,19 €/L","img":"https://fd3-photos.leclercdrive.fr/image.ashx?id=2694602&use=l&cat=p&typeid=i","cat":284536},{"id":6437,"n":"Fromage P'tit Louis  Filet 8 Portions - 160g","p":3.05,"u":"19,06 €/KG","img":"https://fd3-photos.leclercdrive.fr/image.ashx?id=2845994&use=l&cat=p&typeid=i","cat":314030},{"id":6445,"n":"Bonbons Mentos  Menthe 4 rouleaux - 152g","p":1.63,"u":"10,72 €/KG","img":"https://fd3-photos.leclercdrive.fr/image.ashx?id=2659819&use=l&cat=p&typeid=i","cat":304256},{"id":6447,"n":"Bonbons Mentos  Fruits 4 rouleaux - 152g","p":1.63,"u":"10,72 €/KG","img":"https://fd3-photos.leclercdrive.fr/image.ashx?id=2659561&use=l&cat=p&typeid=i","cat":304256},{"id":6448,"n":"Petits pois carottes Très fins  Notre Jardin -A l'étuvée - 265g","p":0.95,"u":"3,58 €/KG","img":"https://fd3-photos.leclercdrive.fr/image.ashx?id=2987973&use=l&cat=p&typeid=i","cat":312607},{"id":6455,"n":"Soufflés Snacks Tokapi Bacon - 60g","p":0.48,"u":"8,00 €/KG","img":"https://fd3-photos.leclercdrive.fr/image.ashx?id=2625062&use=l&cat=p&typeid=i","cat":284449},{"id":6456,"n":"Haricots beurre d'aucy Extra-fins - 220g","p":1.31,"u":"5,95 €/KG","img":"https://fd3-photos.leclercdrive.fr/image.ashx?id=2438123&use=l&cat=p&typeid=i","cat":312606},{"id":6459,"n":"Rillettes Hénaff Porc cuisson lente - 3x78g","p":3.43,"u":"14,66 €/KG","img":"https://fd3-photos.leclercdrive.fr/image.ashx?id=2660601&use=l&cat=p&typeid=i","cat":305149},{"id":6467,"n":"Pâtes Macaroni Turini 1kg","p":1.35,"u":"1,35 €/KG","img":"https://fd3-photos.leclercdrive.fr/image.ashx?id=2980435&use=l&cat=p&typeid=i","cat":284427},{"id":6471,"n":"Lingettes Individuelles Hygiène Intime Hamamélis Intima x16","p":2.4,"u":"0,15 €/P","img":"https://fd3-photos.leclercdrive.fr/image.ashx?id=2959859&use=l&cat=p&typeid=i","cat":284627},{"id":6472,"n":"Miel L'Apiculteur crémeux  et onctueux- 500g","p":5.54,"u":"11,08 €/KG","img":"https://fd3-photos.leclercdrive.fr/image.ashx?id=2854387&use=l&cat=p&typeid=i","cat":287643},{"id":6486,"n":"Biscuits apéritif Lay's 3D's Goût Bacon - 85g","p":0.79,"u":"9,29 €/KG","img":"https://fd3-photos.leclercdrive.fr/image.ashx?id=2917414&use=l&cat=p&typeid=i","cat":284449},{"id":6496,"n":"Sauce au Beurre Blan KNORR Échalote - Brique 30cl","p":1.37,"u":"4,57 €/L","img":"https://fd3-photos.leclercdrive.fr/image.ashx?id=2915991&use=l&cat=p&typeid=i","cat":288381},{"id":6500,"n":"Huile d'olive Lesieur Vierge extra - 1L","p":13.08,"u":"13,08 €/L","img":"https://fd3-photos.leclercdrive.fr/image.ashx?id=2190993&use=l&cat=p&typeid=i","cat":284453},{"id":6511,"n":"Pâtes Spaghetti Turini 1kg","p":1.35,"u":"1,35 €/KG","img":"https://fd3-photos.leclercdrive.fr/image.ashx?id=2980764&use=l&cat=p&typeid=i","cat":284427},{"id":6512,"n":"Riz long Comptoir du Grain Sachet cuisson rapide x4 - 500g","p":1.25,"u":"2,50 €/KG","img":"https://fd3-photos.leclercdrive.fr/image.ashx?id=2118454&use=l&cat=p&typeid=i","cat":284428},{"id":6513,"n":"Vinaigre de vin Rustica Aromatisé à l'échalote - 75cl","p":1.35,"u":"1,80 €/L","img":"https://fd3-photos.leclercdrive.fr/image.ashx?id=1659936&use=l&cat=p&typeid=i","cat":298543},{"id":6514,"n":"Margarine Nat & vie Idéal cuisson - 500g","p":1.29,"u":"2,58 €/KG","img":"https://fd3-photos.leclercdrive.fr/image.ashx?id=2881223&use=l&cat=p&typeid=i","cat":315229},{"id":6516,"n":"Gâteaux P'tit Déli Pépites au chocolat 5x30g","p":1.02,"u":"6,80 €/KG","img":"https://fd3-photos.leclercdrive.fr/image.ashx?id=1986647&use=l&cat=p&typeid=i","cat":284495},{"id":6519,"n":"Soufflés Frites Tokapi Salé - 80g","p":0.65,"u":"8,13 €/KG","img":"https://fd3-photos.leclercdrive.fr/image.ashx?id=2486074&use=l&cat=p&typeid=i","cat":284449},{"id":6521,"n":"Pâtes chinoises Tables du Monde 250g","p":1.19,"u":"4,76 €/KG","img":"https://fd3-photos.leclercdrive.fr/image.ashx?id=2572058&use=l&cat=p&typeid=i","cat":288992},{"id":6523,"n":"Champignons Paris Notre Jardin Emincés - 2x115g","p":1.71,"u":"7,43 €/KG","img":"https://fd3-photos.leclercdrive.fr/image.ashx?id=2991124&use=l&cat=p&typeid=i","cat":312610},{"id":6525,"n":"Serviette hygiénique Doulys Ultra - Super+ - x12","p":0.9,"u":"0,08 €/P","img":"https://fd3-photos.leclercdrive.fr/image.ashx?id=2838918&use=l&cat=p&typeid=i","cat":284624},{"id":6526,"n":"Serviette hygiénique Doulys Ultra - Spécial nuit - x10","p":1.29,"u":"0,13 €/P","img":"https://fd3-photos.leclercdrive.fr/image.ashx?id=2838921&use=l&cat=p&typeid=i","cat":284624},{"id":6579,"n":"Vinaigre d'alcool coloré Eco+ 1L","p":0.35,"u":"0,35 €/L","img":"https://fd3-photos.leclercdrive.fr/image.ashx?id=2831553&use=l&cat=p&typeid=i","cat":298543},{"id":6580,"n":"Fromage de chévre Les Croisés 150g","p":1.42,"u":"9,47 €/KG","img":"https://fd3-photos.leclercdrive.fr/image.ashx?id=2978510&use=l&cat=p&typeid=i","cat":314031},{"id":6581,"n":"Fromage : Le carrou Les croisés Authentique - 27% mg - 220g","p":2.43,"u":"11,05 €/KG","img":"https://fd3-photos.leclercdrive.fr/image.ashx?id=2084934&use=l&cat=p&typeid=i","cat":314033},{"id":6584,"n":"Fromage blanc Délisse Mirabelle 5.5% MG - 500g","p":2.55,"u":"5,10 €/KG","img":"https://fd3-photos.leclercdrive.fr/image.ashx?id=3012824&use=l&cat=p&typeid=i","cat":284409},{"id":6589,"n":"Fromage Chaource NRT AOP  250g","p":3.55,"u":"14,20 €/KG","img":"https://fd3-photos.leclercdrive.fr/image.ashx?id=2874768&use=l&cat=p&typeid=i","cat":329558},{"id":6630,"n":"Pâtes torsettes Turini Les 3 min - 500g","p":0.82,"u":"1,64 €/KG","img":"https://fd3-photos.leclercdrive.fr/image.ashx?id=2607467&use=l&cat=p&typeid=i","cat":284427},{"id":6648,"n":"Boîte chocolats Ferrero Rocher x28 pralines - 350g","p":15.51,"u":"44,31 €/KG","img":"https://fd3-photos.leclercdrive.fr/image.ashx?id=2952884&use=l&cat=p&typeid=i","cat":327600},{"id":6681,"n":"Persil frisé la botte  1p","p":1.45,"img":"https://fd3-photos.leclercdrive.fr/image.ashx?id=578632&use=l&cat=p&typeid=i","cat":293607},{"id":6686,"n":"Haricot Coco 500g","p":2.49,"u":"4,98 €/KG","img":"https://fd3-photos.leclercdrive.fr/image.ashx?id=578701&use=l&cat=p&typeid=i","cat":284352},{"id":6697,"n":"Collants Well Elastivoile Résistant noir T1","p":3.7,"img":"https://fd3-photos.leclercdrive.fr/image.ashx?id=2056539&use=l&cat=p&typeid=i","cat":334130},{"id":6711,"n":"Spray nettoyant vitres Clair Recharge 750ml","p":1.09,"u":"1,45 €/L","img":"https://fd3-photos.leclercdrive.fr/image.ashx?id=1647691&use=l&cat=p&typeid=i","cat":325363},{"id":6712,"n":"Spray nettoyant vitres Clair 750ml","p":1.29,"u":"1,72 €/L","img":"https://fd3-photos.leclercdrive.fr/image.ashx?id=2943623&use=l&cat=p&typeid=i","cat":325363},{"id":6714,"n":"Fromage raclette Entremont Saveur d'Antan 350g","p":5.06,"u":"14,46 €/KG","img":"https://fd3-photos.leclercdrive.fr/image.ashx?id=2984985&use=l&cat=p&typeid=i","cat":314037},{"id":6715,"n":"Assiette charcuterie Saint Azay 200g","p":3.11,"u":"15,55 €/KG","img":"https://fd3-photos.leclercdrive.fr/image.ashx?id=2417734&use=l&cat=p&typeid=i","cat":316007},{"id":6791,"n":"Piment de cayenne moulu Ducros Extra fort - 38g","p":1.88,"u":"49,47 €/KG","img":"https://fd3-photos.leclercdrive.fr/image.ashx?id=2559433&use=l&cat=p&typeid=i","cat":298297},{"id":6798,"n":"Safran en poudre Ducros 3 doses de 0.1g","p":3.47,"img":"https://fd3-photos.leclercdrive.fr/image.ashx?id=2490488&use=l&cat=p&typeid=i","cat":298297},{"id":6800,"n":"Baies roses entières Ducros 20g","p":2.6,"u":"130,00 €/KG","img":"https://fd3-photos.leclercdrive.fr/image.ashx?id=2486575&use=l&cat=p&typeid=i","cat":284457},{"id":6803,"n":"Pralin Vahiné 100g","p":2.33,"u":"23,30 €/KG","img":"https://fd3-photos.leclercdrive.fr/image.ashx?id=2559775&use=l&cat=p&typeid=i","cat":284504},{"id":6809,"n":"Arôme naturel de vanille Vahiné Liquide 50ml","p":3.96,"u":"79,20 €/L","img":"https://fd3-photos.leclercdrive.fr/image.ashx?id=2541193&use=l&cat=p&typeid=i","cat":284504},{"id":6810,"n":"Nappage chocolat Vahiné 350g","p":2.84,"u":"8,11 €/KG","img":"https://fd3-photos.leclercdrive.fr/image.ashx?id=2938656&use=l&cat=p&typeid=i","cat":284504},{"id":6829,"n":"Sucre Daddy n°4 Morceaux - 1kg","p":1.79,"u":"1,79 €/KG","img":"https://fd3-photos.leclercdrive.fr/image.ashx?id=2936056&use=l&cat=p&typeid=i","cat":284502},{"id":6830,"n":"Sucre Cristal Daddy 1kg","p":1.77,"u":"1,77 €/KG","img":"https://fd3-photos.leclercdrive.fr/image.ashx?id=2975855&use=l&cat=p&typeid=i","cat":284502},{"id":6834,"n":"Soufflés l'Original Curly Cacahuète - 60g","p":0.57,"u":"9,50 €/KG","img":"https://fd3-photos.leclercdrive.fr/image.ashx?id=2971035&use=l&cat=p&typeid=i","cat":284449},{"id":6837,"n":"Madeleines longues P'tit Déli 440g","p":2.55,"u":"5,80 €/KG","img":"https://fd3-photos.leclercdrive.fr/image.ashx?id=2540310&use=l&cat=p&typeid=i","cat":284492},{"id":6838,"n":"Joker Pur Jus Engagé Orange  avec pulpe - 1L","p":3.23,"u":"3,23 €/L","img":"https://fd3-photos.leclercdrive.fr/image.ashx?id=3001284&use=l&cat=p&typeid=i","cat":284521},{"id":6843,"n":"AOP Champagne Alfred Rothschild Brut 12.5%vol - 75cl","p":22.19,"u":"29,59 €/L","img":"https://fd3-photos.leclercdrive.fr/image.ashx?id=2979683&use=l&cat=p&typeid=i","cat":284542},{"id":6879,"n":"Fromage Gouda Les Croisés En tranche - 200g","p":1.97,"u":"9,85 €/KG","img":"https://fd3-photos.leclercdrive.fr/image.ashx?id=2028173&use=l&cat=p&typeid=i","cat":314028},{"id":6880,"n":"Fromage Mimolette Les Croisés En tranche x8 - 200g","p":1.85,"u":"9,25 €/KG","img":"https://fd3-photos.leclercdrive.fr/image.ashx?id=2028176&use=l&cat=p&typeid=i","cat":314028},{"id":6881,"n":"Fromage Maasdam Les Croisés En tranche x8 - 200g","p":1.91,"u":"9,55 €/KG","img":"https://fd3-photos.leclercdrive.fr/image.ashx?id=1990673&use=l&cat=p&typeid=i","cat":314028},{"id":6892,"n":"Pâtes Piccolini Barilla Mini Pipe Rigate- 500g","p":1.16,"u":"2,32 €/KG","img":"https://fd3-photos.leclercdrive.fr/image.ashx?id=2964108&use=l&cat=p&typeid=i","cat":284427},{"id":6928,"n":"Préparation pour fondue Les Croisés 18%mg 400g","p":3.42,"u":"8,55 €/KG","img":"https://fd3-photos.leclercdrive.fr/image.ashx?id=2791761&use=l&cat=p&typeid=i","cat":314037},{"id":6979,"n":"AOC Crémant Gratien & Meyer Blanc - Brut - 75cl","p":6.65,"u":"8,87 €/L","img":"https://fd3-photos.leclercdrive.fr/image.ashx?id=2104357&use=l&cat=p&typeid=i","cat":284545},{"id":7000,"n":"Céréales Babybio Bio 6 mois Vanille - 220g","p":4.24,"u":"19,27 €/KG","img":"https://fd3-photos.leclercdrive.fr/image.ashx?id=2733250&use=l&cat=p&typeid=i","cat":312225},{"id":7001,"n":"Céréales Babybio - Dès 8 mois Bio Cacao  - 220g","p":4.03,"u":"18,32 €/KG","img":"https://fd3-photos.leclercdrive.fr/image.ashx?id=2837751&use=l&cat=p&typeid=i","cat":312225},{"id":7005,"n":"Petits pots Babybio - 4 mois Bio Légumes verts - 2x130g","p":2.17,"u":"8,35 €/KG","img":"https://fd3-photos.leclercdrive.fr/image.ashx?id=2733271&use=l&cat=p&typeid=i","cat":312234},{"id":7006,"n":"Repas bébé Bio Babybio - 4 mois Carotte & Potimarron - 2x130g","p":2.05,"u":"7,88 €/KG","img":"https://fd3-photos.leclercdrive.fr/image.ashx?id=2837757&use=l&cat=p&typeid=i","cat":312234},{"id":7007,"n":"Petits pots Babybio 6 mois - Petits pois - 2x130g","p":2.03,"u":"7,81 €/KG","img":"https://fd3-photos.leclercdrive.fr/image.ashx?id=2827446&use=l&cat=p&typeid=i","cat":312235},{"id":7008,"n":"Repas bébé epinard  Babybio Bio - Pomme de terre  2x130g","p":2.05,"u":"7,88 €/KG","img":"https://fd3-photos.leclercdrive.fr/image.ashx?id=2827449&use=l&cat=p&typeid=i","cat":312234},{"id":7010,"n":"Repas bébé Babybio - 4 mois Panais Bio - 2x130g","p":2.17,"u":"8,35 €/KG","img":"https://fd3-photos.leclercdrive.fr/image.ashx?id=2827452&use=l&cat=p&typeid=i","cat":312234},{"id":7011,"n":"Compote bébé bio Babybio Pomme - 4 mois - 2x130g","p":1.69,"u":"6,50 €/KG","img":"https://fd3-photos.leclercdrive.fr/image.ashx?id=2838317&use=l&cat=p&typeid=i","cat":312387},{"id":7012,"n":"Compote bébé Babybio - 4 mois Bio Poire williams - 2x130g","p":1.93,"u":"7,42 €/KG","img":"https://fd3-photos.leclercdrive.fr/image.ashx?id=2834515&use=l&cat=p&typeid=i","cat":312387},{"id":7013,"n":"Compote bébé Babybio Bio 4 mois Pomme / Pêche - 2x130g","p":1.95,"u":"7,50 €/KG","img":"https://fd3-photos.leclercdrive.fr/image.ashx?id=2859362&use=l&cat=p&typeid=i","cat":312387},{"id":7014,"n":"Compote bébé bio Babybio Pomme abricot - 4 mois - 2x130g","p":1.96,"u":"7,54 €/KG","img":"https://fd3-photos.leclercdrive.fr/image.ashx?id=2838320&use=l&cat=p&typeid=i","cat":312387},{"id":7015,"n":"Compote bébé bio Babybio Pomme coing - 4 mois - 2x130g","p":1.82,"u":"7,00 €/KG","img":"https://fd3-photos.leclercdrive.fr/image.ashx?id=2838323&use=l&cat=p&typeid=i","cat":312387},{"id":7016,"n":"Compote bébé Babybio Bio 4 mois Pomme / Pruneau - 2x130g","p":2.05,"u":"7,88 €/KG","img":"https://fd3-photos.leclercdrive.fr/image.ashx?id=2838326&use=l&cat=p&typeid=i","cat":312387},{"id":7017,"n":"Compote bébé Babybio Bio 4 mois Pomme / Banane - 2x130g","p":1.78,"u":"6,85 €/KG","img":"https://fd3-photos.leclercdrive.fr/image.ashx?id=2832011&use=l&cat=p&typeid=i","cat":312387},{"id":7018,"n":"Dessert bébé BabyBio - 6 mois Délice de Fruits Bio - 2x130g","p":1.96,"u":"7,54 €/KG","img":"https://fd3-photos.leclercdrive.fr/image.ashx?id=2838329&use=l&cat=p&typeid=i","cat":312388},{"id":7019,"n":"Compote Cool Fruits bio Vitabio Pomme Pêche Abricot - 4x90g","p":2.42,"u":"6,72 €/KG","img":"https://fd3-photos.leclercdrive.fr/image.ashx?id=2621414&use=l&cat=p&typeid=i","cat":284508},{"id":7025,"n":"Pizza Cuite sur pierre Turini Jambon fromage - 400g","p":2.85,"u":"7,13 €/KG","img":"https://fd3-photos.leclercdrive.fr/image.ashx?id=2815223&use=l&cat=p&typeid=i","cat":284256},{"id":7029,"n":"Velouté de carotte Régal A la Crème fraîche - 1L","p":1.41,"u":"1,41 €/L","img":"https://fd3-photos.leclercdrive.fr/image.ashx?id=2905889&use=l&cat=p&typeid=i","cat":284462},{"id":7030,"n":"Sauce Tomate cuisinée Turini Aux petits légumes - 180g","p":0.84,"u":"4,67 €/KG","img":"https://fd3-photos.leclercdrive.fr/image.ashx?id=2490034&use=l&cat=p&typeid=i","cat":288384},{"id":7058,"n":"Compote Cool Fruits bio Vitabio Pomme Poire - 4x90g","p":2.49,"u":"27,67 €/KG","img":"https://fd3-photos.leclercdrive.fr/image.ashx?id=2621417&use=l&cat=p&typeid=i","cat":284508},{"id":7059,"n":"Compote Cool Fruits bio Vitabio Pomme Fraise Myrtille - 4x90g","p":2.42,"u":"6,72 €/KG","img":"https://fd3-photos.leclercdrive.fr/image.ashx?id=2830303&use=l&cat=p&typeid=i","cat":284508},{"id":7071,"n":"Petits Boudoirs Babybio Bio - Orange Douce - 120g","p":2.63,"u":"21,92 €/KG","img":"https://fd3-photos.leclercdrive.fr/image.ashx?id=2733262&use=l&cat=p&typeid=i","cat":312227},{"id":7082,"n":"AOP Côtes du Marmandais rosé La Vieille église - 75cl","p":2.57,"u":"3,43 €/L","img":"https://fd3-photos.leclercdrive.fr/image.ashx?id=2258685&use=l&cat=p&typeid=i","cat":289558},{"id":7095,"n":"Compote Cool Fruits bio Vitabio Pomme Banane - 4x90g","p":2.51,"u":"6,97 €/KG","img":"https://fd3-photos.leclercdrive.fr/image.ashx?id=2733346&use=l&cat=p&typeid=i","cat":284508},{"id":7128,"n":"Porc au caramel Tables du Monde Riz thaï 300g","p":3.05,"u":"10,17 €/KG","img":"https://fd3-photos.leclercdrive.fr/image.ashx?id=2700957&use=l&cat=p&typeid=i","cat":333665},{"id":7190,"n":"Lait coco Kara - Brique 500ml","p":2.51,"u":"5,02 €/KG","img":"https://fd3-photos.leclercdrive.fr/image.ashx?id=2906898&use=l&cat=p&typeid=i","cat":288992},{"id":7191,"n":"Nouilles chinoises Tanoshi blé tendre - 250g","p":1.68,"u":"6,72 €/KG","img":"https://fd3-photos.leclercdrive.fr/image.ashx?id=2850892&use=l&cat=p&typeid=i","cat":288992},{"id":7199,"n":"Crème noix coco Kara - brique de 200ml","p":1.63,"u":"8,15 €/KG","img":"https://fd3-photos.leclercdrive.fr/image.ashx?id=2906892&use=l&cat=p&typeid=i","cat":288992},{"id":7216,"n":"Talc bébé Mots d'Enfants 250g","p":1.89,"u":"7,56 €/KG","img":"https://fd3-photos.leclercdrive.fr/image.ashx?id=3015033&use=l&cat=p&typeid=i","cat":284741},{"id":7282,"n":"Compote Douceur du Verger  Pomme Poire - 4x100g","p":1.09,"u":"2,73 €/KG","img":"https://fd3-photos.leclercdrive.fr/image.ashx?id=2956903&use=l&cat=p&typeid=i","cat":284416},{"id":7283,"n":"Compote Douceur du Verger Pomme banane - 4x100g","p":1.25,"u":"3,13 €/KG","img":"https://fd3-photos.leclercdrive.fr/image.ashx?id=2956906&use=l&cat=p&typeid=i","cat":284416},{"id":7291,"n":"Jus d'orange sanguine Jafaden 1L","p":3.25,"u":"3,25 €/L","img":"https://fd3-photos.leclercdrive.fr/image.ashx?id=2916671&use=l&cat=p&typeid=i","cat":285435},{"id":7293,"n":"Râpé 3 fromages Les Croisés 200g","p":1.79,"u":"8,95 €/KG","img":"https://fd3-photos.leclercdrive.fr/image.ashx?id=2860067&use=l&cat=p&typeid=i","cat":314035},{"id":7294,"n":"Huile de tournesol Bio Village Bio - 75cl","p":3.59,"u":"4,79 €/L","img":"https://fd3-photos.leclercdrive.fr/image.ashx?id=2894746&use=l&cat=p&typeid=i","cat":284453},{"id":7315,"n":"Concentré de tomates Eco+ 2x140g","p":1.28,"u":"4,57 €/KG","img":"https://fd3-photos.leclercdrive.fr/image.ashx?id=2683511&use=l&cat=p&typeid=i","cat":288384},{"id":7316,"n":"Concentré de tomates Eco+ 3x70g","p":1.75,"u":"8,33 €/KG","img":"https://fd3-photos.leclercdrive.fr/image.ashx?id=2681571&use=l&cat=p&typeid=i","cat":288384},{"id":7339,"n":"Soupe déshydratée Knorr  Douceur d'asperges - 96g","p":1.02,"u":"10,63 €/KG","img":"https://fd3-photos.leclercdrive.fr/image.ashx?id=2790588&use=l&cat=p&typeid=i","cat":284463},{"id":7343,"n":"Pâtes Panzani Penne rigate - 500g","p":1.01,"u":"2,02 €/KG","img":"https://fd3-photos.leclercdrive.fr/image.ashx?id=2876011&use=l&cat=p&typeid=i","cat":284427},{"id":7345,"n":"Pâtes serpentini Panzani 500g","p":0.99,"u":"1,98 €/KG","img":"https://fd3-photos.leclercdrive.fr/image.ashx?id=2876044&use=l&cat=p&typeid=i","cat":284427},{"id":7349,"n":"Croquettes chat One Purina Stérilisé - Boeuf/Blé - 450g","p":2.48,"u":"5,51 €/KG","img":"https://fd3-photos.leclercdrive.fr/image.ashx?id=2681044&use=l&cat=p&typeid=i","cat":284680},{"id":7350,"n":"Couscous à la Marocaine  Garbit - 285g","p":2.79,"u":"9,79 €/KG","img":"https://fd3-photos.leclercdrive.fr/image.ashx?id=2672128&use=l&cat=p&typeid=i","cat":284953},{"id":7360,"n":"Mortadelle Italienne Saint Azay 12 tranches 150g","p":2.14,"u":"14,27 €/KG","img":"https://fd3-photos.leclercdrive.fr/image.ashx?id=2704481&use=l&cat=p&typeid=i","cat":316009},{"id":7362,"n":"Riz Basmati Comptoir du Grain Express 2 min - 250g","p":0.99,"u":"3,96 €/KG","img":"https://fd3-photos.leclercdrive.fr/image.ashx?id=2441192&use=l&cat=p&typeid=i","cat":287600},{"id":7363,"n":"Riz Express Comptoir du Grain A la méditerranéenne - 250g","p":1.2,"u":"4,80 €/KG","img":"https://fd3-photos.leclercdrive.fr/image.ashx?id=2856474&use=l&cat=p&typeid=i","cat":287600},{"id":7366,"n":"Sauce Champignons Rustica 27g","p":0.55,"u":"20,37 €/KG","img":"https://fd3-photos.leclercdrive.fr/image.ashx?id=2188829&use=l&cat=p&typeid=i","cat":288381},{"id":7369,"n":"Chiffonades de rosette Saint Azay - 100g","p":2.0,"u":"20,00 €/KG","img":"https://fd3-photos.leclercdrive.fr/image.ashx?id=2401891&use=l&cat=p&typeid=i","cat":316007},{"id":7375,"n":"Lunettes de Romans NRT Fraise - 350g","p":2.75,"u":"7,86 €/KG","img":"https://fd3-photos.leclercdrive.fr/image.ashx?id=2791920&use=l&cat=p&typeid=i","cat":284489},{"id":7376,"n":"Lunettes de Romans NRT Myrtille - 350g","p":2.89,"u":"8,26 €/KG","img":"https://fd3-photos.leclercdrive.fr/image.ashx?id=2791923&use=l&cat=p&typeid=i","cat":284487},{"id":7378,"n":"Jambon d'Auvergne IGP NRT x4 - 100g","p":3.4,"u":"34,00 €/KG","img":"https://fd3-photos.leclercdrive.fr/image.ashx?id=2670419&use=l&cat=p&typeid=i","cat":316007},{"id":7379,"n":"Jambon de Savoie NRT x6 - 90g","p":2.66,"u":"29,56 €/KG","img":"https://fd3-photos.leclercdrive.fr/image.ashx?id=2670422&use=l&cat=p&typeid=i","cat":316007},{"id":7381,"n":"Sachet repas chats Gourmet 4 variétés poissons - 4x85g","p":1.8,"u":"5,29 €/KG","img":"https://fd3-photos.leclercdrive.fr/image.ashx?id=2867788&use=l&cat=p&typeid=i","cat":285286},{"id":7424,"n":"Bouillon Cubes bouquet garni Knorr - thym persil laurier -x9","p":1.3,"u":"13,13 €/KG","img":"https://fd3-photos.leclercdrive.fr/image.ashx?id=2915667&use=l&cat=p&typeid=i","cat":288379},{"id":7427,"n":"Huile d'olive Puget Vierge extra - 50cl","p":6.5,"u":"13,00 €/L","img":"https://fd3-photos.leclercdrive.fr/image.ashx?id=2915877&use=l&cat=p&typeid=i","cat":284453},{"id":7431,"n":"Huile de friture Frial Lesieur 1l","p":3.27,"u":"3,27 €/L","img":"https://fd3-photos.leclercdrive.fr/image.ashx?id=2916851&use=l&cat=p&typeid=i","cat":284453},{"id":7432,"n":"Huile de friture Frial Lesieur 2L","p":6.79,"u":"3,40 €/L","img":"https://fd3-photos.leclercdrive.fr/image.ashx?id=2916857&use=l&cat=p&typeid=i","cat":284453},{"id":7433,"n":"Vinaigrette Rustica Fines herbes - 50cl","p":1.19,"u":"2,38 €/L","img":"https://fd3-photos.leclercdrive.fr/image.ashx?id=1964912&use=l&cat=p&typeid=i","cat":284456},{"id":7436,"n":"Assortiment biscuits P'tit Déli Biscuits fins - 750g","p":7.8,"u":"10,40 €/KG","img":"https://fd3-photos.leclercdrive.fr/image.ashx?id=2535643&use=l&cat=p&typeid=i","cat":284490},{"id":7437,"n":"Pâte brisée Tablier Blanc Au beurre - 230g","p":1.19,"u":"5,17 €/KG","img":"https://fd3-photos.leclercdrive.fr/image.ashx?id=2635892&use=l&cat=p&typeid=i","cat":333681},{"id":7439,"n":"Vinaigrette Rustica Nature - 1L","p":1.76,"u":"1,76 €/L","img":"https://fd3-photos.leclercdrive.fr/image.ashx?id=1972904&use=l&cat=p&typeid=i","cat":284456},{"id":7441,"n":"Huile de friture Rustica 1L","p":2.75,"u":"2,75 €/L","img":"https://fd3-photos.leclercdrive.fr/image.ashx?id=2900331&use=l&cat=p&typeid=i","cat":284453},{"id":7444,"n":"Dessert fruitier pomme Douceur du Verger s/sucre 4x97g","p":1.05,"u":"2,71 €/KG","img":"https://fd3-photos.leclercdrive.fr/image.ashx?id=2979340&use=l&cat=p&typeid=i","cat":284416},{"id":7448,"n":"Compote Douceur du Verger Coupelle pomme pruneau - 4x100g","p":1.36,"u":"3,40 €/KG","img":"https://fd3-photos.leclercdrive.fr/image.ashx?id=2663479&use=l&cat=p&typeid=i","cat":284508},{"id":7450,"n":"Gâteaux fourrés P'tit Déli Fraise x7 - 196g","p":2.8,"u":"14,29 €/KG","img":"https://fd3-photos.leclercdrive.fr/image.ashx?id=2659777&use=l&cat=p&typeid=i","cat":284495},{"id":7451,"n":"Biscuits P'tit Déli Goûters Fourrés au chocolat 2x300g","p":2.3,"u":"3,83 €/KG","img":"https://fd3-photos.leclercdrive.fr/image.ashx?id=2116182&use=l&cat=p&typeid=i","cat":284488},{"id":7452,"n":"Tubes Fromage blanc Délisse 3 parfums - 12 x40g","p":2.38,"u":"4,96 €/KG","img":"https://fd3-photos.leclercdrive.fr/image.ashx?id=2884231&use=l&cat=p&typeid=i","cat":284415},{"id":7457,"n":"Yaourts de Savoie NRT  Fraise Cerise - 4x150g","p":2.35,"u":"3,92 €/KG","img":"https://fd3-photos.leclercdrive.fr/image.ashx?id=2920803&use=l&cat=p&typeid=i","cat":284410},{"id":7459,"n":"Pâtes Barilla Spaghetti n°5 - 500g","p":0.94,"u":"1,88 €/KG","img":"https://fd3-photos.leclercdrive.fr/image.ashx?id=2392200&use=l&cat=p&typeid=i","cat":284427},{"id":7466,"n":"Pain grillé Epi d'or Brioché x26 - 300g","p":2.15,"u":"7,17 €/KG","img":"https://fd3-photos.leclercdrive.fr/image.ashx?id=2532835&use=l&cat=p&typeid=i","cat":284479},{"id":7508,"n":"Glace Tyrolia Eskiss Cappuccino - 340g","p":2.69,"u":"7,91 €/KG","img":"https://fd3-photos.leclercdrive.fr/image.ashx?id=2085218&use=l&cat=p&typeid=i","cat":284266},{"id":7529,"n":"Fromage Comté Entremont 200g","p":3.07,"u":"15,35 €/KG","img":"https://fd3-photos.leclercdrive.fr/image.ashx?id=2983144&use=l&cat=p&typeid=i","cat":314034},{"id":7530,"n":"Crème fraîche épaisse Bridélice 15%mg 20cl","p":0.82,"u":"4,10 €/L","img":"https://fd3-photos.leclercdrive.fr/image.ashx?id=2970873&use=l&cat=p&typeid=i","cat":284381},{"id":7531,"n":"Faisselle Rians 6%mg - 500g","p":2.13,"u":"4,26 €/KG","img":"https://fd3-photos.leclercdrive.fr/image.ashx?id=2542324&use=l&cat=p&typeid=i","cat":284409},{"id":7536,"n":"Cervelas rémoulade P. Martinet Moutarde de dijon - 300g","p":2.92,"u":"9,73 €/KG","img":"https://fd3-photos.leclercdrive.fr/image.ashx?id=2733079&use=l&cat=p&typeid=i","cat":333657},{"id":7541,"n":"Barquette chiens Lydog Au Boeuf et Coeur - 300g","p":1.63,"u":"5,43 €/KG","img":"https://fd3-photos.leclercdrive.fr/image.ashx?id=2042430&use=l&cat=p&typeid=i","cat":284673},{"id":7548,"n":"Ail Rustica 100g","p":1.69,"u":"16,90 €/KG","img":"https://fd3-photos.leclercdrive.fr/image.ashx?id=2365451&use=l&cat=p&typeid=i","cat":319804},{"id":7549,"n":"Persil Rustica 50g","p":0.99,"u":"19,80 €/KG","img":"https://fd3-photos.leclercdrive.fr/image.ashx?id=2365454&use=l&cat=p&typeid=i","cat":319804},{"id":7556,"n":"Olives fromage Pause Fraîcheur 150g","p":1.99,"u":"13,27 €/KG","img":"https://fd3-photos.leclercdrive.fr/image.ashx?id=2601286&use=l&cat=p&typeid=i","cat":316002},{"id":7557,"n":"Olives à l'ail Couleurs Vives 150g","p":1.99,"u":"13,27 €/KG","img":"https://fd3-photos.leclercdrive.fr/image.ashx?id=2518508&use=l&cat=p&typeid=i","cat":316002},{"id":7560,"n":"Barquettes chats Tous mes amis Mousselines 4 variétés - 4x85g","p":1.75,"u":"5,15 €/KG","img":"https://fd3-photos.leclercdrive.fr/image.ashx?id=2815749&use=l&cat=p&typeid=i","cat":285286},{"id":7563,"n":"Coulis de tomate bio Jardin Bio 500g","p":1.68,"u":"3,36 €/KG","img":"https://fd3-photos.leclercdrive.fr/image.ashx?id=2918841&use=l&cat=p&typeid=i","cat":288384},{"id":7578,"n":"Thé vert bio orange Jardin Bio' Bergamote Max Havelaar x20 30g","p":2.54,"u":"84,67 €/KG","img":"https://fd3-photos.leclercdrive.fr/image.ashx?id=2792666&use=l&cat=p&typeid=i","cat":293233},{"id":7585,"n":"Echalote Rustica 100g","p":1.69,"u":"16,90 €/KG","img":"https://fd3-photos.leclercdrive.fr/image.ashx?id=2365457&use=l&cat=p&typeid=i","cat":319804},{"id":7586,"n":"Fond de veau Rustica 110g","p":2.11,"u":"19,18 €/KG","img":"https://fd3-photos.leclercdrive.fr/image.ashx?id=2188679&use=l&cat=p&typeid=i","cat":288379},{"id":7589,"n":"Biscuits Mikado LU Chocolat au lait - 3x39g","p":2.13,"u":"18,21 €/KG","img":"https://fd3-photos.leclercdrive.fr/image.ashx?id=3001970&use=l&cat=p&typeid=i","cat":284488},{"id":7598,"n":"Ravioli de volaille Jardin Bio' Bio - 700g","p":4.03,"u":"5,76 €/KG","img":"https://fd3-photos.leclercdrive.fr/image.ashx?id=2950183&use=l&cat=p&typeid=i","cat":284442},{"id":7599,"n":"Haricots verts Jardin Bio' Bio extra fin coupés - 360g","p":2.77,"u":"7,69 €/KG","img":"https://fd3-photos.leclercdrive.fr/image.ashx?id=2967151&use=l&cat=p&typeid=i","cat":312606},{"id":7600,"n":"Petits pois carottes JardinBio' Bio - 420g","p":2.73,"u":"6,50 €/KG","img":"https://fd3-photos.leclercdrive.fr/image.ashx?id=2947958&use=l&cat=p&typeid=i","cat":312607},{"id":7601,"n":"Dessert fruitier Jardin Bio' bio Pomme vanille bourbon 680g","p":2.67,"u":"3,93 €/KG","img":"https://fd3-photos.leclercdrive.fr/image.ashx?id=2967786&use=l&cat=p&typeid=i","cat":284508},{"id":7610,"n":"Préparation crêpes Francine 380g","p":1.48,"u":"3,89 €/KG","img":"https://fd3-photos.leclercdrive.fr/image.ashx?id=2989120&use=l&cat=p&typeid=i","cat":284505},{"id":7646,"n":"Spaghetti Jardin Bio Bio quinoa persil ail - 500g","p":1.77,"u":"3,54 €/KG","img":"https://fd3-photos.leclercdrive.fr/image.ashx?id=3014542&use=l&cat=p&typeid=i","cat":284427},{"id":7652,"n":"Compotes Pomme Pruneau Andros 4x100g","p":1.45,"u":"3,63 €/KG","img":"https://fd3-photos.leclercdrive.fr/image.ashx?id=2935789&use=l&cat=p&typeid=i","cat":284416},{"id":7654,"n":"Compote Andros Pomme rhubarbe 4x100g","p":1.66,"u":"16,60 €/KG","img":"https://fd3-photos.leclercdrive.fr/image.ashx?id=2883934&use=l&cat=p&typeid=i","cat":284416},{"id":7655,"n":"Compote Andros Pomme framboise - 4x100g","p":1.72,"u":"4,30 €/KG","img":"https://fd3-photos.leclercdrive.fr/image.ashx?id=2907875&use=l&cat=p&typeid=i","cat":284416},{"id":7672,"n":"Cordon Bleu Le Gaulois Poulet - 200g","p":1.92,"u":"9,60 €/KG","img":"https://fd3-photos.leclercdrive.fr/image.ashx?id=2860223&use=l&cat=p&typeid=i","cat":333683},{"id":7693,"n":"Magret de canard Sud Ouest NRT Séché - 90g","p":3.99,"u":"44,33 €/KG","img":"https://fd3-photos.leclercdrive.fr/image.ashx?id=2958377&use=l&cat=p&typeid=i","cat":316007},{"id":7694,"n":"Magret de canard Sud Ouest NRT Fumé - 90g","p":3.79,"u":"42,11 €/KG","img":"https://fd3-photos.leclercdrive.fr/image.ashx?id=2958380&use=l&cat=p&typeid=i","cat":316007},{"id":7713,"n":"Dessert fruitier pomme pruneaux Douceur du Verger s/sucre4x100g","p":1.54,"u":"3,85 €/KG","img":"https://fd3-photos.leclercdrive.fr/image.ashx?id=1962960&use=l&cat=p&typeid=i","cat":284416},{"id":7750,"n":"Boulghour bio Céréal Bio  repas express 250g","p":1.87,"u":"7,48 €/KG","img":"https://fd3-photos.leclercdrive.fr/image.ashx?id=2575045&use=l&cat=p&typeid=i","cat":284429},{"id":7761,"n":"Galette Croq'Soja Céréal Bio  Bio provençale x2 200g","p":2.21,"u":"11,05 €/KG","img":"https://fd3-photos.leclercdrive.fr/image.ashx?id=2574296&use=l&cat=p&typeid=i","cat":284953},{"id":7772,"n":"Galette bio Céréal Bio  Millet champignons x2 - 200g","p":2.27,"u":"11,35 €/KG","img":"https://fd3-photos.leclercdrive.fr/image.ashx?id=2573543&use=l&cat=p&typeid=i","cat":284953},{"id":7793,"n":"Tutti Free Roux Morceaux - 290g","p":3.93,"u":"13,55 €/KG","img":"https://fd3-photos.leclercdrive.fr/image.ashx?id=2504305&use=l&cat=p&typeid=i","cat":284502},{"id":7857,"n":"Croquettes chiens Fido Au boeuf 1kg","p":2.77,"u":"2,77 €/KG","img":"https://fd3-photos.leclercdrive.fr/image.ashx?id=2972964&use=l&cat=p&typeid=i","cat":294526},{"id":7862,"n":"Petit pot de crème Délisse Café - 4x100g","p":1.8,"u":"4,50 €/KG","img":"https://fd3-photos.leclercdrive.fr/image.ashx?id=2550372&use=l&cat=p&typeid=i","cat":285041},{"id":7864,"n":"Yaourts sucrés Délisse Nature  - 4x125g","p":0.99,"u":"1,98 €/KG","img":"https://fd3-photos.leclercdrive.fr/image.ashx?id=2590415&use=l&cat=p&typeid=i","cat":284409},{"id":7869,"n":"Yaourts aromatisés Délisse Citron - 4x125g","p":1.45,"u":"2,90 €/KG","img":"https://fd3-photos.leclercdrive.fr/image.ashx?id=2134515&use=l&cat=p&typeid=i","cat":286006},{"id":7881,"n":"Camembert Les Croisés 8 portions - 22% mg - 8x30g","p":2.19,"u":"9,13 €/KG","img":"https://fd3-photos.leclercdrive.fr/image.ashx?id=2974798&use=l&cat=p&typeid=i","cat":314033},{"id":7887,"n":"Selles-sur-Cher NRT AOP  Fromage de chèvre - 150g","p":3.49,"u":"23,27 €/KG","img":"https://fd3-photos.leclercdrive.fr/image.ashx?id=2586031&use=l&cat=p&typeid=i","cat":314031},{"id":7965,"n":"Matière grasse Bridelight à tartiner 15% MG - 250g","p":2.3,"u":"9,20 €/KG","img":"https://fd3-photos.leclercdrive.fr/image.ashx?id=2643884&use=l&cat=p&typeid=i","cat":284379},{"id":7972,"n":"Beurre Moulé Paysan Breton Doux - 82%MG - 250g","p":3.24,"u":"12,96 €/KG","img":"https://fd3-photos.leclercdrive.fr/image.ashx?id=2946943&use=l&cat=p&typeid=i","cat":284379},{"id":7977,"n":"Charcennay Fromagerie Milleret 160g","p":1.75,"u":"10,94 €/KG","img":"https://fd3-photos.leclercdrive.fr/image.ashx?id=2450907&use=l&cat=p&typeid=i","cat":329558},{"id":7985,"n":"Saucisse à cuire JL Amiotte Fumée 4x110g","p":5.16,"u":"11,73 €/KG","img":"https://fd3-photos.leclercdrive.fr/image.ashx?id=2753991&use=l&cat=p&typeid=i","cat":316012},{"id":7993,"n":"Beurre d'escargot Rustica Ail et persil - 250g","p":3.49,"u":"13,96 €/KG","img":"https://fd3-photos.leclercdrive.fr/image.ashx?id=1915569&use=l&cat=p&typeid=i","cat":319775},{"id":7997,"n":"Mascarpone Galbani 250g","p":2.94,"u":"11,76 €/KG","img":"https://fd3-photos.leclercdrive.fr/image.ashx?id=3009173&use=l&cat=p&typeid=i","cat":314026},{"id":8003,"n":"Fromage Enfant Kiri Goûter 5 portions barquettes - 175g","p":2.27,"u":"12,97 €/KG","img":"https://fd3-photos.leclercdrive.fr/image.ashx?id=2972883&use=l&cat=p&typeid=i","cat":314030},{"id":8008,"n":"Pizza Cuite sur pierre Turini Fruits de Mer - 400g","p":3.15,"u":"7,88 €/KG","img":"https://fd3-photos.leclercdrive.fr/image.ashx?id=2815202&use=l&cat=p&typeid=i","cat":284256},{"id":8011,"n":"Crème glacée Menthe Eskiss Copeaux de Chocolat - 494g","p":2.79,"u":"5,65 €/KG","img":"https://fd3-photos.leclercdrive.fr/image.ashx?id=2982583&use=l&cat=p&typeid=i","cat":284263},{"id":8012,"n":"Friandises pour chien Lydog Biscuits fourrés Viande - 500g","p":1.29,"u":"2,58 €/KG","img":"https://fd3-photos.leclercdrive.fr/image.ashx?id=2191114&use=l&cat=p&typeid=i","cat":294527},{"id":8013,"n":"Friandises pour chien Lydog Biscuits croquants - 500g","p":1.29,"u":"2,58 €/KG","img":"https://fd3-photos.leclercdrive.fr/image.ashx?id=1954353&use=l&cat=p&typeid=i","cat":294527},{"id":8017,"n":"Pâtes Penne Regate Turini 500g","p":0.6,"u":"1,20 €/KG","img":"https://fd3-photos.leclercdrive.fr/image.ashx?id=2980773&use=l&cat=p&typeid=i","cat":284427},{"id":8023,"n":"Paëla Royale Côté Table 400g","p":2.85,"u":"7,13 €/KG","img":"https://fd3-photos.leclercdrive.fr/image.ashx?id=2499355&use=l&cat=p&typeid=i","cat":333665},{"id":8024,"n":"Barquette chiens Lydog 3 saveurs - 3x300g","p":3.78,"u":"4,20 €/KG","img":"https://fd3-photos.leclercdrive.fr/image.ashx?id=2050639&use=l&cat=p&typeid=i","cat":284673},{"id":8025,"n":"Barquette chiens Lydog 3 saveurs - 3x300g","p":3.79,"u":"4,21 €/KG","img":"https://fd3-photos.leclercdrive.fr/image.ashx?id=2050642&use=l&cat=p&typeid=i","cat":284673},{"id":8026,"n":"Soupe Velouté Régal Soupe Poireaux Pommes de terre 2x30cl","p":1.07,"u":"1,78 €/L","img":"https://fd3-photos.leclercdrive.fr/image.ashx?id=2607440&use=l&cat=p&typeid=i","cat":284462},{"id":8032,"n":"Nougat tendre de Montélimar NRT Barre 200g","p":3.99,"u":"19,95 €/KG","img":"https://fd3-photos.leclercdrive.fr/image.ashx?id=790530&use=l&cat=p&typeid=i","cat":304249},{"id":8033,"n":"Broyés du Poitou NRT Pur beurre - 280g","p":3.17,"u":"11,32 €/KG","img":"https://fd3-photos.leclercdrive.fr/image.ashx?id=2622284&use=l&cat=p&typeid=i","cat":284487},{"id":8121,"n":"Glace Cône Mini Smicy Vanille Chocolat x10 - 175g","p":2.49,"u":"14,23 €/KG","img":"https://fd3-photos.leclercdrive.fr/image.ashx?id=2698168&use=l&cat=p&typeid=i","cat":285250},{"id":8129,"n":"Soupe Mouliné Régal Soupe 10 légumes variés - 2x30cl","p":1.45,"u":"2,42 €/L","img":"https://fd3-photos.leclercdrive.fr/image.ashx?id=2607476&use=l&cat=p&typeid=i","cat":284462},{"id":8136,"n":"Biscuits raisin GERBLE  - 4x5, 360g","p":1.55,"u":"4,31 €/KG","img":"https://fd3-photos.leclercdrive.fr/image.ashx?id=2578726&use=l&cat=p&typeid=i","cat":318651},{"id":8178,"n":"Infusion Tisea Douce soirée 25 sachets","p":0.99,"u":"28,29 €/KG","img":"https://fd3-photos.leclercdrive.fr/image.ashx?id=2553902&use=l&cat=p&typeid=i","cat":293234},{"id":8181,"n":"Mini Paniers Côté Table x20 - 280g","p":6.42,"u":"22,93 €/KG","img":"https://fd3-photos.leclercdrive.fr/image.ashx?id=2228280&use=l&cat=p&typeid=i","cat":319774},{"id":8182,"n":"Mini Feuilletés Côté Table Saucisse x20 - 350g","p":4.19,"u":"11,97 €/KG","img":"https://fd3-photos.leclercdrive.fr/image.ashx?id=2622016&use=l&cat=p&typeid=i","cat":319774},{"id":8191,"n":"Colin d'Alaska Pêche Océan À la Florentine - MSC - 400g","p":3.49,"u":"8,73 €/KG","img":"https://fd3-photos.leclercdrive.fr/image.ashx?id=2930108&use=l&cat=p&typeid=i","cat":319786},{"id":8210,"n":"Barquettes chats Tous mes amis Mousselines 4 variétés - 12x85g","p":4.79,"u":"4,70 €/KG","img":"https://fd3-photos.leclercdrive.fr/image.ashx?id=2860727&use=l&cat=p&typeid=i","cat":285286},{"id":8217,"n":"Filet de Merlu Pêche Océan 4 à 5 pièces 450g","p":6.52,"u":"14,49 €/KG","img":"https://fd3-photos.leclercdrive.fr/image.ashx?id=2553905&use=l&cat=p&typeid=i","cat":319788},{"id":8322,"n":"Coeurs artichauts Florelli Grillés - 170g","p":3.47,"u":"20,41 €/KG","img":"https://fd3-photos.leclercdrive.fr/image.ashx?id=2690003&use=l&cat=p&typeid=i","cat":289010},{"id":8324,"n":"Tomates séchées Florelli 270g","p":2.87,"u":"10,63 €/KG","img":"https://fd3-photos.leclercdrive.fr/image.ashx?id=2633094&use=l&cat=p&typeid=i","cat":289010},{"id":8329,"n":"Crème de vinaigre de Modène Toscoro - 250ml","p":3.47,"u":"13,88 €/L","img":"https://fd3-photos.leclercdrive.fr/image.ashx?id=2767401&use=l&cat=p&typeid=i","cat":289010},{"id":8335,"n":"Sauce pâtes artichaut Florelli Tomate mascarpone - 190g","p":2.27,"u":"11,95 €/KG","img":"https://fd3-photos.leclercdrive.fr/image.ashx?id=3011668&use=l&cat=p&typeid=i","cat":289010},{"id":8337,"n":"Tapenade d'Olives noires  Les Tartinables Florelli 190g","p":2.33,"u":"12,26 €/KG","img":"https://fd3-photos.leclercdrive.fr/image.ashx?id=2884690&use=l&cat=p&typeid=i","cat":289010},{"id":8347,"n":"Sucre semoule fine Erstein Sachet 1kg","p":1.88,"u":"1,88 €/KG","img":"https://fd3-photos.leclercdrive.fr/image.ashx?id=1948685&use=l&cat=p&typeid=i","cat":284502},{"id":8348,"n":"Sucre Erstein n°4 En morceaux - 1kg","p":1.64,"u":"1,64 €/KG","img":"https://fd3-photos.leclercdrive.fr/image.ashx?id=2018934&use=l&cat=p&typeid=i","cat":284502},{"id":8375,"n":"Sauce Déshydratée KNORR Aux Trois Poivres - 32g","p":0.73,"u":"26,07 €/KG","img":"https://fd3-photos.leclercdrive.fr/image.ashx?id=2875933&use=l&cat=p&typeid=i","cat":288381},{"id":8382,"n":"Pâtes spaghetti plat Panzani 500g","p":1.13,"u":"2,26 €/KG","img":"https://fd3-photos.leclercdrive.fr/image.ashx?id=2876041&use=l&cat=p&typeid=i","cat":284427},{"id":8383,"n":"Pâtes Coquillettes Panzani 3 Minutes - 500G","p":1.16,"u":"2,32 €/KG","img":"https://fd3-photos.leclercdrive.fr/image.ashx?id=2867945&use=l&cat=p&typeid=i","cat":284427},{"id":8388,"n":"Pâtes Lustucru macaroni Aux oeufs - 250g","p":0.93,"u":"3,72 €/KG","img":"https://fd3-photos.leclercdrive.fr/image.ashx?id=2519471&use=l&cat=p&typeid=i","cat":284427},{"id":8392,"n":"Torti Weight Watchers St Jacques - 300g","p":4.01,"u":"13,37 €/KG","img":"https://fd3-photos.leclercdrive.fr/image.ashx?id=2610861&use=l&cat=p&typeid=i","cat":333665},{"id":8397,"n":"Madeleine Bonne Maman Pur beurre tradition 300g","p":2.71,"u":"9,03 €/KG","img":"https://fd3-photos.leclercdrive.fr/image.ashx?id=2936137&use=l&cat=p&typeid=i","cat":284492},{"id":8405,"n":"Apéritif Suze L'Originale 15% vol - 1,5L","p":14.67,"u":"9,78 €/L","img":"https://fd3-photos.leclercdrive.fr/image.ashx?id=2431674&use=l&cat=p&typeid=i","cat":284913},{"id":8407,"n":"Crème expert rides Diadermine Nuit Anti-rides - 50ml","p":8.3,"pp":5.48,"u":"109,60 €/L","img":"https://fd3-photos.leclercdrive.fr/image.ashx?id=2500491&use=l&cat=p&typeid=i","cat":325345},{"id":8414,"n":"Chocolat au lait Equador Doux et fondant - 100g","p":1.65,"u":"16,50 €/KG","img":"https://fd3-photos.leclercdrive.fr/image.ashx?id=2758344&use=l&cat=p&typeid=i","cat":284497},{"id":8415,"n":"Pâtes coquillettes Turini Les 3 min - 500g","p":0.72,"u":"1,44 €/KG","img":"https://fd3-photos.leclercdrive.fr/image.ashx?id=2607461&use=l&cat=p&typeid=i","cat":284427},{"id":8416,"n":"Parmentier poisson Côté Table 300g","p":2.35,"u":"7,83 €/KG","img":"https://fd3-photos.leclercdrive.fr/image.ashx?id=2970729&use=l&cat=p&typeid=i","cat":333665},{"id":8419,"n":"Biscuits Crackers Tokapi Emmental - 100g","p":0.68,"u":"6,80 €/KG","img":"https://fd3-photos.leclercdrive.fr/image.ashx?id=2351226&use=l&cat=p&typeid=i","cat":297000},{"id":8420,"n":"Chocolat blanc Tablette D'Or Noix de coco - 200g","p":2.69,"u":"13,45 €/KG","img":"https://fd3-photos.leclercdrive.fr/image.ashx?id=2753472&use=l&cat=p&typeid=i","cat":284957},{"id":8424,"n":"Biscottes Heudebert  Fibres plus - 280g","p":2.22,"u":"7,93 €/KG","img":"https://fd3-photos.leclercdrive.fr/image.ashx?id=2679503&use=l&cat=p&typeid=i","cat":284479},{"id":8428,"n":"Biscuits sablés Granola Chocolat au lait - 225g","p":1.62,"u":"7,20 €/KG","img":"https://fd3-photos.leclercdrive.fr/image.ashx?id=2346675&use=l&cat=p&typeid=i","cat":284488},{"id":8432,"n":"Biscuit Roudor St Michel 2x150g","p":2.57,"u":"8,57 €/KG","img":"https://fd3-photos.leclercdrive.fr/image.ashx?id=2935690&use=l&cat=p&typeid=i","cat":284487},{"id":8464,"n":"Serviettes Vania Maxi Confort Super - Fresh - x14","p":1.87,"u":"0,13 €/P","img":"https://fd3-photos.leclercdrive.fr/image.ashx?id=2907611&use=l&cat=p&typeid=i","cat":284624},{"id":8471,"n":"Lait en poudre Délisse Ecrémé - 750g","p":4.99,"u":"6,65 €/KG","img":"https://fd3-photos.leclercdrive.fr/image.ashx?id=2590698&use=l&cat=p&typeid=i","cat":299162},{"id":8474,"n":"Terrines Tous Mes Amis Les délices de la mer - 3x400g","p":3.69,"u":"3,08 €/KG","img":"https://fd3-photos.leclercdrive.fr/image.ashx?id=1671547&use=l&cat=p&typeid=i","cat":285601},{"id":8475,"n":"Serviette hygiénique Doulys Maxi confort - Normal - x18","p":0.99,"u":"0,06 €/P","img":"https://fd3-photos.leclercdrive.fr/image.ashx?id=2838909&use=l&cat=p&typeid=i","cat":284624},{"id":8494,"n":"Biscuits déli matin P'tit Déli Chocolat/pépites - 600g","p":3.18,"u":"5,30 €/KG","img":"https://fd3-photos.leclercdrive.fr/image.ashx?id=2999496&use=l&cat=p&typeid=i","cat":284491},{"id":8515,"n":"Bâtonnets Dentastix Pedigree Moyen chien x28 - 720g","p":7.03,"u":"9,76 €/KG","img":"https://fd3-photos.leclercdrive.fr/image.ashx?id=2980094&use=l&cat=p&typeid=i","cat":294527},{"id":8521,"n":"Café Soluble Nescafé Spécial Filtre Original - 100g","p":5.05,"u":"50,50 €/KG","img":"https://fd3-photos.leclercdrive.fr/image.ashx?id=2866753&use=l&cat=p&typeid=i","cat":284843},{"id":8528,"n":"Sel fin La Baleine Iodé et fluoré - 750g","p":0.94,"u":"1,25 €/KG","img":"https://fd3-photos.leclercdrive.fr/image.ashx?id=2790612&use=l&cat=p&typeid=i","cat":284457},{"id":8535,"n":"Olives noires Rustica Entières - 225g","p":0.99,"u":"4,40 €/KG","img":"https://fd3-photos.leclercdrive.fr/image.ashx?id=2499076&use=l&cat=p&typeid=i","cat":284458},{"id":8536,"n":"Savon mains en crème Manava Perles d'oranger - 300ml","p":1.25,"u":"4,17 €/L","img":"https://fd3-photos.leclercdrive.fr/image.ashx?id=2935480&use=l&cat=p&typeid=i","cat":284597},{"id":8538,"n":"100% Pur jus d'orange Jafaden  Avec pulpe - 1L","p":1.99,"u":"1,99 €/L","img":"https://fd3-photos.leclercdrive.fr/image.ashx?id=2796043&use=l&cat=p&typeid=i","cat":284521},{"id":8539,"n":"Nectar Jafaden Pêche - 1L","p":1.99,"u":"1,99 €/L","img":"https://fd3-photos.leclercdrive.fr/image.ashx?id=2919607&use=l&cat=p&typeid=i","cat":284915},{"id":8540,"n":"Nectar Jafaden Fraise - 1L","p":2.63,"u":"2,63 €/L","img":"https://fd3-photos.leclercdrive.fr/image.ashx?id=2895768&use=l&cat=p&typeid=i","cat":284915},{"id":8541,"n":"Nectar Jafaden Mangue - 1L","p":2.15,"u":"2,15 €/L","img":"https://fd3-photos.leclercdrive.fr/image.ashx?id=2955710&use=l&cat=p&typeid=i","cat":284916},{"id":8553,"n":"Sauce Barbecue AMORA 490g","p":1.94,"u":"3,96 €/KG","img":"https://fd3-photos.leclercdrive.fr/image.ashx?id=2877298&use=l&cat=p&typeid=i","cat":318431},{"id":8558,"n":"Savon L'Authentique Monsavon Lavant Antibactérien - 6x100g","p":3.97,"u":"6,62 €/KG","img":"https://fd3-photos.leclercdrive.fr/image.ashx?id=2881332&use=l&cat=p&typeid=i","cat":284597},{"id":8559,"n":"Biscuits Bjorg Fourrés Chocolat noir bio 225g","p":2.91,"u":"12,93 €/KG","img":"https://fd3-photos.leclercdrive.fr/image.ashx?id=2970912&use=l&cat=p&typeid=i","cat":284488},{"id":8564,"n":"Pâtes Barilla  Linguine - 500g","p":1.13,"u":"2,26 €/KG","img":"https://fd3-photos.leclercdrive.fr/image.ashx?id=3004444&use=l&cat=p&typeid=i","cat":284427},{"id":8566,"n":"Chocolat noir Bio Village Bio -Dégustation 74% cacao 100g","p":1.59,"u":"15,90 €/KG","img":"https://fd3-photos.leclercdrive.fr/image.ashx?id=2045623&use=l&cat=p&typeid=i","cat":284956},{"id":8572,"n":"Tablette chocolat Côte d'Or Chocolat au lait - 200g","p":3.06,"u":"15,30 €/KG","img":"https://fd3-photos.leclercdrive.fr/image.ashx?id=2944362&use=l&cat=p&typeid=i","cat":284497},{"id":8575,"n":"Tablette chocolat Milka Tendre au lait - 2x100g","p":3.17,"u":"15,85 €/KG","img":"https://fd3-photos.leclercdrive.fr/image.ashx?id=2382330&use=l&cat=p&typeid=i","cat":284497},{"id":8576,"n":"Pâtes Barilla Torsades - 500g","p":0.94,"u":"1,88 €/KG","img":"https://fd3-photos.leclercdrive.fr/image.ashx?id=2392224&use=l&cat=p&typeid=i","cat":284427},{"id":8603,"n":"Cocktail Punch Old Nick Planteur 16%vol - 70cl","p":5.58,"u":"7,97 €/L","img":"https://fd3-photos.leclercdrive.fr/image.ashx?id=2999207&use=l&cat=p&typeid=i","cat":284551},{"id":8634,"n":"Cognac Courcel 40%vol - 20cl","p":6.41,"u":"32,05 €/L","img":"https://fd3-photos.leclercdrive.fr/image.ashx?id=2484035&use=l&cat=p&typeid=i","cat":286032},{"id":8640,"n":"Croque Baby Fromage Cité Marine MSC - 200g","p":2.66,"u":"13,30 €/KG","img":"https://fd3-photos.leclercdrive.fr/image.ashx?id=2844145&use=l&cat=p&typeid=i","cat":284344},{"id":8642,"n":"Dentifrice Dentamyl Anti-tartre 75ml","p":0.74,"u":"9,87 €/L","img":"https://fd3-photos.leclercdrive.fr/image.ashx?id=2489098&use=l&cat=p&typeid=i","cat":284612},{"id":8643,"n":"Amandes en poudre Tablier Blanc 125g","p":1.49,"u":"11,92 €/KG","img":"https://fd3-photos.leclercdrive.fr/image.ashx?id=2460577&use=l&cat=p&typeid=i","cat":284504},{"id":8645,"n":"Pepites de chocolat Tablier Blanc - 100g","p":1.43,"u":"14,30 €/KG","img":"https://fd3-photos.leclercdrive.fr/image.ashx?id=2723138&use=l&cat=p&typeid=i","cat":284504},{"id":8646,"n":"Noix de Coco Râpée  Tablier Blanc - 125g","p":1.41,"u":"11,28 €/KG","img":"https://fd3-photos.leclercdrive.fr/image.ashx?id=2460583&use=l&cat=p&typeid=i","cat":284504},{"id":8648,"n":"Amandes effilées Tablier Blanc 125g","p":1.59,"u":"12,72 €/KG","img":"https://fd3-photos.leclercdrive.fr/image.ashx?id=2460586&use=l&cat=p&typeid=i","cat":284504},{"id":8649,"n":"Raisins Secs Tablier Blanc 250g","p":1.98,"u":"7,92 €/KG","img":"https://fd3-photos.leclercdrive.fr/image.ashx?id=2460589&use=l&cat=p&typeid=i","cat":284504},{"id":8650,"n":"Arôme fleur d'Oranger Tablier Blanc - 200ml","p":1.24,"u":"6,20 €/L","img":"https://fd3-photos.leclercdrive.fr/image.ashx?id=2487449&use=l&cat=p&typeid=i","cat":284504},{"id":8651,"n":"Arôme naturel de vanille Tablier Blanc 20ml","p":1.15,"u":"57,50 €/L","img":"https://fd3-photos.leclercdrive.fr/image.ashx?id=2487452&use=l&cat=p&typeid=i","cat":284504},{"id":8672,"n":"Nappage Tablier Blanc Caramel - 210g","p":1.25,"u":"5,95 €/KG","img":"https://fd3-photos.leclercdrive.fr/image.ashx?id=2487455&use=l&cat=p&typeid=i","cat":284504},{"id":8674,"n":"Sucre Tablier Blanc Spécial confiture - 1kg","p":1.92,"u":"1,92 €/KG","img":"https://fd3-photos.leclercdrive.fr/image.ashx?id=3010416&use=l&cat=p&typeid=i","cat":284502},{"id":8675,"n":"Sucre Tablier Blanc 100 dosettes - 500g","p":2.31,"u":"4,62 €/KG","img":"https://fd3-photos.leclercdrive.fr/image.ashx?id=3010419&use=l&cat=p&typeid=i","cat":284502},{"id":8683,"n":"Saucisson sec d'Ardèche IGP NRT - 280g","p":5.0,"u":"17,86 €/KG","img":"https://fd3-photos.leclercdrive.fr/image.ashx?id=2753502&use=l&cat=p&typeid=i","cat":316006},{"id":8687,"n":"Fromage Emmental râpé NRT IGP Est-Central - 200g","p":3.49,"u":"17,45 €/KG","img":"https://fd3-photos.leclercdrive.fr/image.ashx?id=2771067&use=l&cat=p&typeid=i","cat":314035},{"id":8698,"n":"Assiette soir bébé bio Babybio Légumes riz - 12 mois - 230g","p":2.19,"u":"9,52 €/KG","img":"https://fd3-photos.leclercdrive.fr/image.ashx?id=2859356&use=l&cat=p&typeid=i","cat":312239},{"id":8734,"n":"AOC Champagne brut blanc  Premier cru Pol Carson - 75cl","p":22.99,"u":"30,65 €/L","img":"https://fd3-photos.leclercdrive.fr/image.ashx?id=2909858&use=l&cat=p&typeid=i","cat":284542},{"id":8746,"n":"Sauce Beurre blanc Gastromer 200g","p":1.53,"u":"7,65 €/KG","img":"https://fd3-photos.leclercdrive.fr/image.ashx?id=2504653&use=l&cat=p&typeid=i","cat":284382},{"id":8748,"n":"Lait vitaminé Viva Candia  1% MG - 6x50cl","p":6.54,"u":"2,18 €/L","img":"https://fd3-photos.leclercdrive.fr/image.ashx?id=2891508&use=l&cat=p&typeid=i","cat":317169},{"id":8754,"n":"Sacs congélation Elembal Moyen Zip 20 Sacs","p":1.49,"u":"0,07 €/P","img":"https://fd3-photos.leclercdrive.fr/image.ashx?id=2751886&use=l&cat=p&typeid=i","cat":334134},{"id":8784,"n":"Plat bébé Blédina 8 mois  Riz carotte jambon - 2x200g","p":2.51,"u":"6,28 €/KG","img":"https://fd3-photos.leclercdrive.fr/image.ashx?id=2975065&use=l&cat=p&typeid=i","cat":312236},{"id":8795,"n":"Eau minérale Wattwiller 6x1.5L","p":3.72,"u":"0,41 €/L","img":"https://fd3-photos.leclercdrive.fr/image.ashx?id=2582846&use=l&cat=p&typeid=i","cat":284535},{"id":8804,"n":"Brownie P'tit Déli Chocolat pépites 285g","p":1.86,"u":"6,53 €/KG","img":"https://fd3-photos.leclercdrive.fr/image.ashx?id=2663365&use=l&cat=p&typeid=i","cat":294776},{"id":8809,"n":"Galettes Bretonnes P'tit Déli Pur beurre 2x125g","p":1.45,"u":"5,80 €/KG","img":"https://fd3-photos.leclercdrive.fr/image.ashx?id=2847961&use=l&cat=p&typeid=i","cat":284487},{"id":8825,"n":"Barres de céréales Coco Pops Kellogg's - 6x20g","p":1.87,"u":"15,58 €/KG","img":"https://fd3-photos.leclercdrive.fr/image.ashx?id=2677291&use=l&cat=p&typeid=i","cat":285869},{"id":8831,"n":"Nouille Alsacienne Lustucru 250g","p":0.88,"u":"3,52 €/KG","img":"https://fd3-photos.leclercdrive.fr/image.ashx?id=2503942&use=l&cat=p&typeid=i","cat":284427},{"id":8832,"n":"Pâtes Lustucru collerettes 250g","p":0.92,"u":"3,68 €/KG","img":"https://fd3-photos.leclercdrive.fr/image.ashx?id=1943562&use=l&cat=p&typeid=i","cat":284427},{"id":8842,"n":"Couscous poulet bœuf Garbit - 980g","p":4.47,"u":"4,56 €/KG","img":"https://fd3-photos.leclercdrive.fr/image.ashx?id=2677930&use=l&cat=p&typeid=i","cat":325094},{"id":8854,"n":"Café soluble Plantation  Qualité décaféiné - 200g","p":6.55,"u":"32,75 €/KG","img":"https://fd3-photos.leclercdrive.fr/image.ashx?id=834108&use=l&cat=p&typeid=i","cat":284843},{"id":8855,"n":"Sauce Champignons Turini 420g","p":1.15,"u":"2,74 €/KG","img":"https://fd3-photos.leclercdrive.fr/image.ashx?id=2494189&use=l&cat=p&typeid=i","cat":287599},{"id":8857,"n":"Café soluble Plantation Qualité filtre - x25 - 50g","p":2.09,"u":"41,80 €/KG","img":"https://fd3-photos.leclercdrive.fr/image.ashx?id=2834278&use=l&cat=p&typeid=i","cat":284843},{"id":8858,"n":"Café Soluble Plantation Décaféiné - x25 - 50g","p":2.28,"u":"45,60 €/KG","img":"https://fd3-photos.leclercdrive.fr/image.ashx?id=2834281&use=l&cat=p&typeid=i","cat":284843},{"id":8859,"n":"Café soluble Plantation Chicorée - 100g","p":2.35,"u":"23,50 €/KG","img":"https://fd3-photos.leclercdrive.fr/image.ashx?id=2635904&use=l&cat=p&typeid=i","cat":284843},{"id":8861,"n":"Café soluble Plantation Expresso - x25 - 45g","p":2.29,"u":"50,89 €/KG","img":"https://fd3-photos.leclercdrive.fr/image.ashx?id=2779338&use=l&cat=p&typeid=i","cat":284843},{"id":8864,"n":"Pain de Mie Epi d'or - Nature Longue Conservation - 280g","p":0.74,"u":"2,64 €/KG","img":"https://fd3-photos.leclercdrive.fr/image.ashx?id=2993564&use=l&cat=p&typeid=i","cat":284477},{"id":8865,"n":"Toasts Brioches Epi D'Or x13 - 125g","p":0.94,"u":"7,52 €/KG","img":"https://fd3-photos.leclercdrive.fr/image.ashx?id=2896018&use=l&cat=p&typeid=i","cat":284479},{"id":8869,"n":"Riz complet Comptoir du Grain 10min - 500g","p":1.49,"u":"2,98 €/KG","img":"https://fd3-photos.leclercdrive.fr/image.ashx?id=2909386&use=l&cat=p&typeid=i","cat":284428},{"id":8879,"n":"Coq au Vin de Bergerac NRT 750g","p":4.99,"u":"6,65 €/KG","img":"https://fd3-photos.leclercdrive.fr/image.ashx?id=2723219&use=l&cat=p&typeid=i","cat":284441},{"id":8908,"n":"Crépes Fourrées P'tit Déli Céréales et chocolat x8 - 256g","p":1.81,"u":"7,07 €/KG","img":"https://fd3-photos.leclercdrive.fr/image.ashx?id=2656338&use=l&cat=p&typeid=i","cat":284494},{"id":8910,"n":"Jus 3 agrumes Jafaden Pur jus - 1L","p":2.42,"u":"2,42 €/L","img":"https://fd3-photos.leclercdrive.fr/image.ashx?id=2956047&use=l&cat=p&typeid=i","cat":284917},{"id":8912,"n":"Préparation fraises NRT Sud-Ouest - 315g","p":2.64,"u":"8,38 €/KG","img":"https://fd3-photos.leclercdrive.fr/image.ashx?id=2590472&use=l&cat=p&typeid=i","cat":284480},{"id":8931,"n":"Fromage Emmental Paysan Breton Portion - 220g","p":2.59,"u":"11,77 €/KG","img":"https://fd3-photos.leclercdrive.fr/image.ashx?id=2945559&use=l&cat=p&typeid=i","cat":314034},{"id":8932,"n":"Gin Gibson's 37.5%vol - 1L","p":16.68,"u":"16,68 €/L","img":"https://fd3-photos.leclercdrive.fr/image.ashx?id=2766244&use=l&cat=p&typeid=i","cat":284550},{"id":8951,"n":"Eau minérale Source Amanda Naturelle 6x1,5L","p":2.46,"u":"0,27 €/L","img":"https://fd3-photos.leclercdrive.fr/image.ashx?id=2727629&use=l&cat=p&typeid=i","cat":284535},{"id":8963,"n":"Fromage à tartiner Madame Loïk Fouetté Ech. Ciboulette - 150g","p":1.91,"u":"12,73 €/KG","img":"https://fd3-photos.leclercdrive.fr/image.ashx?id=2986356&use=l&cat=p&typeid=i","cat":314029},{"id":8966,"n":"Biscuits chien Pedigree Biscrok - 500g","p":1.59,"u":"3,18 €/KG","img":"https://fd3-photos.leclercdrive.fr/image.ashx?id=2983456&use=l&cat=p&typeid=i","cat":294527},{"id":8968,"n":"Chocolat poudre Banania 400g","p":2.98,"u":"7,45 €/KG","img":"https://fd3-photos.leclercdrive.fr/image.ashx?id=2225276&use=l&cat=p&typeid=i","cat":293235},{"id":8970,"n":"Riz long blanc de Camargue NRT 500g","p":1.59,"u":"3,18 €/KG","img":"https://fd3-photos.leclercdrive.fr/image.ashx?id=2663803&use=l&cat=p&typeid=i","cat":284428},{"id":8977,"n":"Cacahuètes  Benenuts Grillées à sec - 200g","p":1.74,"u":"8,70 €/KG","img":"https://fd3-photos.leclercdrive.fr/image.ashx?id=2389616&use=l&cat=p&typeid=i","cat":284448},{"id":8985,"n":"Soupe Poule au Pot Knorr Déshydratée - 1L","p":0.97,"u":"0,97 €/L","img":"https://fd3-photos.leclercdrive.fr/image.ashx?id=2826471&use=l&cat=p&typeid=i","cat":284463},{"id":8987,"n":"Pâté Hénaff 156g","p":2.49,"u":"15,96 €/KG","img":"https://fd3-photos.leclercdrive.fr/image.ashx?id=2298361&use=l&cat=p&typeid=i","cat":305149},{"id":9007,"n":"Lait concentré sucré Régilait Écrémé - 397g","p":1.57,"u":"3,95 €/KG","img":"https://fd3-photos.leclercdrive.fr/image.ashx?id=2018652&use=l&cat=p&typeid=i","cat":299162},{"id":9035,"n":"Scotch Whisky Label 5 40%vol - 1L","p":17.93,"u":"17,93 €/L","img":"https://fd3-photos.leclercdrive.fr/image.ashx?id=2519714&use=l&cat=p&typeid=i","cat":284547},{"id":9043,"n":"Fondue Savoyarde RichesMonts  150g","p":2.73,"u":"18,20 €/KG","img":"https://fd3-photos.leclercdrive.fr/image.ashx?id=2833330&use=l&cat=p&typeid=i","cat":314037},{"id":9065,"n":"Fromage tartiflette Ermitage 27%mg - 500g","p":6.09,"u":"12,18 €/KG","img":"https://fd3-photos.leclercdrive.fr/image.ashx?id=2966011&use=l&cat=p&typeid=i","cat":314037},{"id":9080,"n":"Fromage à Tartiner St Môret  Nature 9 Portions - 180g","p":2.2,"u":"12,22 €/KG","img":"https://fd3-photos.leclercdrive.fr/image.ashx?id=2763319&use=l&cat=p&typeid=i","cat":314029},{"id":9091,"n":"Sandwich XXL Daunat Poulet rôti - 230g","p":1.99,"u":"8,65 €/KG","img":"https://fd3-photos.leclercdrive.fr/image.ashx?id=2894260&use=l&cat=p&typeid=i","cat":333658},{"id":9105,"n":"Pate Brisée Eco+ A dérouler - 230g","p":0.53,"u":"2,30 €/KG","img":"https://fd3-photos.leclercdrive.fr/image.ashx?id=2831565&use=l&cat=p&typeid=i","cat":333681},{"id":9123,"n":"Café soluble Plantation Café Au Lait Chicorée - 400g","p":3.59,"u":"8,98 €/KG","img":"https://fd3-photos.leclercdrive.fr/image.ashx?id=2834232&use=l&cat=p&typeid=i","cat":284843},{"id":9124,"n":"Croquettes chiens Lydog Senior - 3kg","p":5.18,"u":"1,73 €/KG","img":"https://fd3-photos.leclercdrive.fr/image.ashx?id=2047025&use=l&cat=p&typeid=i","cat":284672},{"id":9130,"n":"Mouchoirs blancs 2 plis Caresse Boîte mouchoirs en papier -x110","p":1.33,"u":"0,01 €/P","img":"https://fd3-photos.leclercdrive.fr/image.ashx?id=2390416&use=l&cat=p&typeid=i","cat":284638},{"id":9131,"n":"Gel douche et shampooing Carré Homme Tonifiante - 250ml","p":1.27,"u":"5,08 €/L","img":"https://fd3-photos.leclercdrive.fr/image.ashx?id=2927848&use=l&cat=p&typeid=i","cat":284619},{"id":9132,"n":"Soda Pulp'Orange Canette - 6x33cl","p":3.18,"u":"1,61 €/L","img":"https://fd3-photos.leclercdrive.fr/image.ashx?id=2922406&use=l&cat=p&typeid=i","cat":284532},{"id":9138,"n":"Café soluble Plantation Chicorée - 250g","p":2.98,"u":"11,92 €/KG","img":"https://fd3-photos.leclercdrive.fr/image.ashx?id=2556379&use=l&cat=p&typeid=i","cat":284843},{"id":9144,"n":"Vinaigre de Vin blanc Rustica Aromatisé à la noix - 50cl","p":1.64,"u":"3,28 €/L","img":"https://fd3-photos.leclercdrive.fr/image.ashx?id=1670491&use=l&cat=p&typeid=i","cat":298543},{"id":9150,"n":"Soupe Velouté Régal Soupe Potiron - 2x30cl","p":1.76,"u":"2,93 €/L","img":"https://fd3-photos.leclercdrive.fr/image.ashx?id=2607473&use=l&cat=p&typeid=i","cat":284462},{"id":9155,"n":"Moussaka Boeuf Côté Table 300g","p":3.24,"u":"10,80 €/KG","img":"https://fd3-photos.leclercdrive.fr/image.ashx?id=2607906&use=l&cat=p&typeid=i","cat":333665},{"id":9159,"n":"Sandwich  Côté Snack  Polaire Jambon Cheddar 135g","p":1.39,"u":"10,30 €/KG","img":"https://fd3-photos.leclercdrive.fr/image.ashx?id=2619710&use=l&cat=p&typeid=i","cat":333658},{"id":9161,"n":"Tarte aux poireaux Côté Table 2x130g","p":2.54,"u":"9,77 €/KG","img":"https://fd3-photos.leclercdrive.fr/image.ashx?id=2354707&use=l&cat=p&typeid=i","cat":333680},{"id":9162,"n":"Croquettes chat Plénima Premium Chatons - 450g","p":2.24,"u":"4,98 €/KG","img":"https://fd3-photos.leclercdrive.fr/image.ashx?id=1943364&use=l&cat=p&typeid=i","cat":284680},{"id":9167,"n":"Fromage Edam Mimolette Les Croisés dés 150g","p":1.85,"u":"12,33 €/KG","img":"https://fd3-photos.leclercdrive.fr/image.ashx?id=2365472&use=l&cat=p&typeid=i","cat":314027},{"id":9170,"n":"Spaetzles d'Alsace NRT 250g","p":1.39,"u":"5,56 €/KG","img":"https://fd3-photos.leclercdrive.fr/image.ashx?id=2839962&use=l&cat=p&typeid=i","cat":284427},{"id":9171,"n":"Sablés aux Pommes NRT - 150g","p":1.99,"u":"13,27 €/KG","img":"https://fd3-photos.leclercdrive.fr/image.ashx?id=2622290&use=l&cat=p&typeid=i","cat":284487},{"id":9172,"n":"Cassoulet de Castelnaudary Nos Régions ont du Talent 1680g","p":9.96,"u":"5,93 €/KG","img":"https://fd3-photos.leclercdrive.fr/image.ashx?id=2791401&use=l&cat=p&typeid=i","cat":284440},{"id":9173,"n":"Ravioles Label Rouge NRT Dauphiné - 240g","p":2.99,"u":"12,46 €/KG","img":"https://fd3-photos.leclercdrive.fr/image.ashx?id=2704894&use=l&cat=p&typeid=i","cat":333682},{"id":9177,"n":"Flammekueche d'Alsace NRT 180g","p":2.09,"u":"11,61 €/KG","img":"https://fd3-photos.leclercdrive.fr/image.ashx?id=2743864&use=l&cat=p&typeid=i","cat":333680},{"id":9181,"n":"Chinois La Fournée Dorée Crème pâtissière - 600g","p":2.86,"u":"4,77 €/KG","img":"https://fd3-photos.leclercdrive.fr/image.ashx?id=2342090&use=l&cat=p&typeid=i","cat":293600},{"id":9182,"n":"Chinois La Fournée Dorée Crème patissière, Chocolat 500g","p":3.03,"u":"6,06 €/KG","img":"https://fd3-photos.leclercdrive.fr/image.ashx?id=2342093&use=l&cat=p&typeid=i","cat":293600},{"id":9183,"n":"Boules soufflées Tokapi Tomate - 42g","p":0.57,"u":"13,57 €/KG","img":"https://fd3-photos.leclercdrive.fr/image.ashx?id=2898832&use=l&cat=p&typeid=i","cat":284449},{"id":9223,"n":"Pâtes Capellini Turini 500g","p":0.85,"u":"1,70 €/KG","img":"https://fd3-photos.leclercdrive.fr/image.ashx?id=2607482&use=l&cat=p&typeid=i","cat":284427},{"id":9240,"n":"Céréales Special K Kellogg's Chocolat au lait - 300g","p":2.1,"u":"7,00 €/KG","img":"https://fd3-photos.leclercdrive.fr/image.ashx?id=2667124&use=l&cat=p&typeid=i","cat":309512},{"id":9262,"n":"Matière grasse Rustica Tournesol -60%MG -Doux -500G","p":1.53,"u":"3,06 €/KG","img":"https://fd3-photos.leclercdrive.fr/image.ashx?id=1071108&use=l&cat=p&typeid=i","cat":315229},{"id":9265,"n":"Pêche poire ananas  Douceur du verger - 4x70g","p":2.59,"u":"9,25 €/KG","img":"https://fd3-photos.leclercdrive.fr/image.ashx?id=2349100&use=l&cat=p&typeid=i","cat":284507},{"id":9266,"n":"Ananas papaye mangue DDV Sirop léger - 4x70g","p":2.75,"u":"9,82 €/KG","img":"https://fd3-photos.leclercdrive.fr/image.ashx?id=2100775&use=l&cat=p&typeid=i","cat":284507},{"id":9276,"n":"Biscuits Sprits P'tit Déli Chocolat au lait - 150g","p":1.09,"u":"7,27 €/KG","img":"https://fd3-photos.leclercdrive.fr/image.ashx?id=2954746&use=l&cat=p&typeid=i","cat":284488},{"id":9435,"n":"AOP Champagne Mercier  Brut - 75cl","p":24.9,"u":"33,20 €/L","img":"https://fd3-photos.leclercdrive.fr/image.ashx?id=1867174&use=l&cat=p&typeid=i","cat":284542},{"id":9593,"n":"AOP Côtes du Rhône vin rouge Combes Saint Sauveur 75cl","p":3.97,"u":"5,29 €/L","img":"https://fd3-photos.leclercdrive.fr/image.ashx?id=2755414&use=l&cat=p&typeid=i","cat":289556},{"id":9597,"n":"AOP Côtes de Provence rosé Jean Valestrel - 75cl","p":6.85,"u":"9,13 €/L","img":"https://fd3-photos.leclercdrive.fr/image.ashx?id=2236698&use=l&cat=p&typeid=i","cat":289558},{"id":9598,"n":"Nuggets Le Gaulois Extra croustillant x10 - 200g","p":2.38,"u":"11,90 €/KG","img":"https://fd3-photos.leclercdrive.fr/image.ashx?id=2645531&use=l&cat=p&typeid=i","cat":333684},{"id":9632,"n":"IGP Pays d'Oc rouge Les Ormes De Cambras 12.5% vol - 75cl","p":2.87,"u":"3,83 €/L","img":"https://fd3-photos.leclercdrive.fr/image.ashx?id=2445121&use=l&cat=p&typeid=i","cat":289556},{"id":9634,"n":"Scotch Whisky Baird's 40%vol - 1L","p":15.49,"u":"15,49 €/L","img":"https://fd3-photos.leclercdrive.fr/image.ashx?id=2907168&use=l&cat=p&typeid=i","cat":284547},{"id":9635,"n":"Rhum blanc Charrette 49%vol - 1L","p":16.32,"u":"16,32 €/L","img":"https://fd3-photos.leclercdrive.fr/image.ashx?id=1946417&use=l&cat=p&typeid=i","cat":284550},{"id":9638,"n":"AOC Rhum agricole blanc Dillon Martinique 55%vol - 1L","p":19.08,"u":"19,08 €/L","img":"https://fd3-photos.leclercdrive.fr/image.ashx?id=2650946&use=l&cat=p&typeid=i","cat":284550},{"id":9641,"n":"Whisky Ballantine's Finest Blended Scotch 40% vol - 1L","p":20.95,"pp":19.45,"u":"19,45 €/L","img":"https://fd3-photos.leclercdrive.fr/image.ashx?id=2816964&use=l&cat=p&typeid=i","cat":284547},{"id":9660,"n":"Patafix Homedéco 32 pastilles - 1 pièce","p":3.43,"img":"https://fd3-photos.leclercdrive.fr/image.ashx?id=1939612&use=l&cat=p&typeid=i","cat":334133},{"id":9665,"n":"Bâton de colle Uhu stic Classique - 4x8,2g+1x21g","p":7.15,"u":"132,41 €/KG","img":"https://fd3-photos.leclercdrive.fr/image.ashx?id=1560340&use=l&cat=p&typeid=i","cat":334133},{"id":9676,"n":"Bâton de colle Uhu stic 2x8.2g","p":2.6,"u":"162,50 €/KG","img":"https://fd3-photos.leclercdrive.fr/image.ashx?id=2901058&use=l&cat=p&typeid=i","cat":334133},{"id":9689,"n":"Muffin complet Epi d'Or x4 - 250g","p":1.7,"u":"6,80 €/KG","img":"https://fd3-photos.leclercdrive.fr/image.ashx?id=2939058&use=l&cat=p&typeid=i","cat":284985},{"id":9690,"n":"Carré à Langer Mots d'Enfants Jetables x10","p":4.1,"u":"0,41 €/P","img":"https://fd3-photos.leclercdrive.fr/image.ashx?id=3014191&use=l&cat=p&typeid=i","cat":284737},{"id":9700,"n":"Serviette incontinence Chorys Extra plus - x16","p":4.99,"u":"0,31 €/P","img":"https://fd3-photos.leclercdrive.fr/image.ashx?id=2691171&use=l&cat=p&typeid=i","cat":284628},{"id":9708,"n":"Crème aux oeufs Délisse Vanille - 4x100g","p":1.49,"u":"3,73 €/KG","img":"https://fd3-photos.leclercdrive.fr/image.ashx?id=1956631&use=l&cat=p&typeid=i","cat":284419},{"id":9894,"n":"Moutarde de Bourgogne IGP NRT 200g","p":1.5,"u":"7,50 €/KG","img":"https://fd3-photos.leclercdrive.fr/image.ashx?id=2644918&use=l&cat=p&typeid=i","cat":288850},{"id":9898,"n":"Culotte absorbante Chorys Taille L - x10","p":6.99,"u":"0,70 €/P","img":"https://fd3-photos.leclercdrive.fr/image.ashx?id=2623004&use=l&cat=p&typeid=i","cat":284628},{"id":9899,"n":"Culotte absorbante Chorys Taille M - Plus - x12","p":7.99,"u":"0,67 €/P","img":"https://fd3-photos.leclercdrive.fr/image.ashx?id=1675499&use=l&cat=p&typeid=i","cat":284628},{"id":9916,"n":"Epinards Notre Jardin Feuilles à cuire - 600g","p":1.35,"u":"2,25 €/KG","img":"https://fd3-photos.leclercdrive.fr/image.ashx?id=2916677&use=l&cat=p&typeid=i","cat":319805},{"id":9917,"n":"Whisky J&B Rare 40%vol - 1L","p":21.85,"u":"21,85 €/L","img":"https://fd3-photos.leclercdrive.fr/image.ashx?id=2497638&use=l&cat=p&typeid=i","cat":284547},{"id":9920,"n":"Riz rond blanc de Camargue NRT 500g","p":1.79,"u":"3,58 €/KG","img":"https://fd3-photos.leclercdrive.fr/image.ashx?id=2663839&use=l&cat=p&typeid=i","cat":284428},{"id":9933,"n":"Mouchoirs blancs 4 plis Caresse Mouchoirs papier - 24 étuis","p":2.51,"u":"0,10 €/P","img":"https://fd3-photos.leclercdrive.fr/image.ashx?id=2870017&use=l&cat=p&typeid=i","cat":284638},{"id":9937,"n":"Eau de source de Montagne Bouchon sport - 12x33cl","p":2.89,"u":"0,73 €/L","img":"https://fd3-photos.leclercdrive.fr/image.ashx?id=2909879&use=l&cat=p&typeid=i","cat":284535},{"id":10063,"n":"Whisky Bourbon Four Roses 40%vol - 1L","p":25.77,"u":"25,77 €/L","img":"https://fd3-photos.leclercdrive.fr/image.ashx?id=2929476&use=l&cat=p&typeid=i","cat":284547},{"id":10069,"n":"Gâteaux moelleux Pépito  Pépites de chocolat - 150g","p":1.29,"u":"8,60 €/KG","img":"https://fd3-photos.leclercdrive.fr/image.ashx?id=2374396&use=l&cat=p&typeid=i","cat":284495},{"id":10072,"n":"Navettes NRT Fleur d'oranger - 400g","p":2.89,"u":"7,23 €/KG","img":"https://fd3-photos.leclercdrive.fr/image.ashx?id=2909410&use=l&cat=p&typeid=i","cat":284487},{"id":10073,"n":"Tablette chocolat Bio Village Bio Chocolat au lait - 100g","p":1.89,"u":"18,90 €/KG","img":"https://fd3-photos.leclercdrive.fr/image.ashx?id=2861899&use=l&cat=p&typeid=i","cat":284497},{"id":10074,"n":"Tablette de chocolat Equador Noir et menthe 100g","p":1.19,"u":"11,90 €/KG","img":"https://fd3-photos.leclercdrive.fr/image.ashx?id=2834296&use=l&cat=p&typeid=i","cat":284956},{"id":10075,"n":"Tablette de chocolat Equador Amandes éffilées orange 100g","p":1.73,"u":"17,30 €/KG","img":"https://fd3-photos.leclercdrive.fr/image.ashx?id=2368524&use=l&cat=p&typeid=i","cat":284956},{"id":10076,"n":"Tablette chocolat Equador Noir framboise 100g","p":1.82,"u":"18,20 €/KG","img":"https://fd3-photos.leclercdrive.fr/image.ashx?id=2834290&use=l&cat=p&typeid=i","cat":284956},{"id":10086,"n":"Fondants Autour du Dessert Chocolat x2 - 180g","p":1.99,"u":"11,06 €/KG","img":"https://fd3-photos.leclercdrive.fr/image.ashx?id=2070033&use=l&cat=p&typeid=i","cat":284267},{"id":10091,"n":"Filets maquereaux Pêche Océan Tomate basilic - 169g","p":1.46,"u":"8,64 €/KG","img":"https://fd3-photos.leclercdrive.fr/image.ashx?id=2394657&use=l&cat=p&typeid=i","cat":303868},{"id":10092,"n":"Palets de légumes Notre Jardin Courgettes Carottes - x8 300g","p":1.74,"u":"5,80 €/KG","img":"https://fd3-photos.leclercdrive.fr/image.ashx?id=2878711&use=l&cat=p&typeid=i","cat":319802},{"id":10093,"n":"Palets légumes Notre Jardin Poireaux Carottes - x8 300g","p":1.99,"u":"6,63 €/KG","img":"https://fd3-photos.leclercdrive.fr/image.ashx?id=2878708&use=l&cat=p&typeid=i","cat":319802},{"id":10108,"n":"Croquants aux amandes NRT 300g","p":2.74,"u":"9,13 €/KG","img":"https://fd3-photos.leclercdrive.fr/image.ashx?id=2679795&use=l&cat=p&typeid=i","cat":284487},{"id":10114,"n":"Essuie-tout Uni Vert Compact Ecologique - x2","p":2.7,"u":"1,35 €/P","img":"https://fd3-photos.leclercdrive.fr/image.ashx?id=2571929&use=l&cat=p&typeid=i","cat":284635},{"id":10122,"n":"Mini gratins Côté Table Aux 3 légumes - x4 480g","p":3.12,"u":"6,50 €/KG","img":"https://fd3-photos.leclercdrive.fr/image.ashx?id=2074419&use=l&cat=p&typeid=i","cat":319802},{"id":10124,"n":"Bâtonnets poulet Pic'Express x18 400g","p":5.13,"u":"12,83 €/KG","img":"https://fd3-photos.leclercdrive.fr/image.ashx?id=2054954&use=l&cat=p&typeid=i","cat":319780},{"id":10126,"n":"Pomme de terre Patato Rigolo Pom'Lisse 750g","p":1.94,"u":"2,59 €/KG","img":"https://fd3-photos.leclercdrive.fr/image.ashx?id=2958323&use=l&cat=p&typeid=i","cat":319792},{"id":10163,"n":"Palets légumes Notre Jardin Choux-fleurs Brocolis - x8 300g","p":2.1,"u":"7,00 €/KG","img":"https://fd3-photos.leclercdrive.fr/image.ashx?id=2878714&use=l&cat=p&typeid=i","cat":319802},{"id":10211,"n":"Pâtes Nouilles Turini 1kg","p":1.35,"u":"1,35 €/KG","img":"https://fd3-photos.leclercdrive.fr/image.ashx?id=2980444&use=l&cat=p&typeid=i","cat":284427},{"id":10212,"n":"Rubans anti-mouches Insectivor x4","p":0.85,"u":"0,21 €/P","img":"https://fd3-photos.leclercdrive.fr/image.ashx?id=2555077&use=l&cat=p&typeid=i","cat":298368},{"id":10215,"n":"Sauce Basquaise Rustica Aux 2 poivrons - 400g","p":1.29,"u":"3,23 €/KG","img":"https://fd3-photos.leclercdrive.fr/image.ashx?id=2887398&use=l&cat=p&typeid=i","cat":287599},{"id":10217,"n":"Sauce Curry Rustica Légumes et lait de coco - 400g","p":1.31,"u":"3,28 €/KG","img":"https://fd3-photos.leclercdrive.fr/image.ashx?id=2887404&use=l&cat=p&typeid=i","cat":287599},{"id":10220,"n":"Tampons Doulys Compact Normal - x20","p":2.24,"u":"0,11 €/P","img":"https://fd3-photos.leclercdrive.fr/image.ashx?id=2965464&use=l&cat=p&typeid=i","cat":284626},{"id":10223,"n":"Framboises entières  Douceur du Verger 1kg","p":9.61,"u":"9,61 €/KG","img":"https://fd3-photos.leclercdrive.fr/image.ashx?id=2072614&use=l&cat=p&typeid=i","cat":284268},{"id":10227,"n":"Mini gratins Côté Table Dauphinois - x4 480g","p":2.99,"u":"6,23 €/KG","img":"https://fd3-photos.leclercdrive.fr/image.ashx?id=2627640&use=l&cat=p&typeid=i","cat":319802},{"id":10231,"n":"Confiture Douceur du verger Framboises - Allégée - 340g","p":1.24,"u":"3,65 €/KG","img":"https://fd3-photos.leclercdrive.fr/image.ashx?id=2965473&use=l&cat=p&typeid=i","cat":284480},{"id":10232,"n":"Confiture Douceur du Verger Allégée Pêche 340g","p":1.32,"u":"3,88 €/KG","img":"https://fd3-photos.leclercdrive.fr/image.ashx?id=2965476&use=l&cat=p&typeid=i","cat":284480},{"id":10244,"n":"Thon entier Pêche Océan Naturel - 280g","p":3.72,"u":"13,29 €/KG","img":"https://fd3-photos.leclercdrive.fr/image.ashx?id=2436314&use=l&cat=p&typeid=i","cat":303867},{"id":10324,"n":"Pommes de terre Bio Bio Village Vapeur et sautées  - 1.5kg","p":2.99,"u":"1,99 €/KG","img":"https://fd3-photos.leclercdrive.fr/image.ashx?id=2960535&use=l&cat=p&typeid=i","cat":284352},{"id":10344,"n":"Petit Beurre Pocket P'ti Déli 3x12 sachets 300g","p":1.68,"u":"5,60 €/KG","img":"https://fd3-photos.leclercdrive.fr/image.ashx?id=1965518&use=l&cat=p&typeid=i","cat":284487},{"id":10346,"n":"Vinaigrette allégée Rustica Balsamique huile d'olive - 50cl","p":2.49,"u":"4,98 €/L","img":"https://fd3-photos.leclercdrive.fr/image.ashx?id=1972913&use=l&cat=p&typeid=i","cat":284456},{"id":10348,"n":"Huile de noix Rustica 50cl","p":4.68,"u":"9,36 €/L","img":"https://fd3-photos.leclercdrive.fr/image.ashx?id=2523703&use=l&cat=p&typeid=i","cat":284453},{"id":10351,"n":"Sacs à couche Mots d'Enfant Parfumés - x50","p":1.6,"u":"0,03 €/P","img":"https://fd3-photos.leclercdrive.fr/image.ashx?id=1886564&use=l&cat=p&typeid=i","cat":284737},{"id":10379,"n":"Riz long blanc parfumé Dragon 2kg","p":5.47,"u":"2,74 €/KG","img":"https://fd3-photos.leclercdrive.fr/image.ashx?id=2594926&use=l&cat=p&typeid=i","cat":288993},{"id":10382,"n":"Choucroute Royale Côté Table 400g","p":1.99,"u":"4,98 €/KG","img":"https://fd3-photos.leclercdrive.fr/image.ashx?id=2977147&use=l&cat=p&typeid=i","cat":284441},{"id":10384,"n":"Sauce Chasseur Knorr 23g","p":0.89,"u":"38,70 €/KG","img":"https://fd3-photos.leclercdrive.fr/image.ashx?id=1936770&use=l&cat=p&typeid=i","cat":288381},{"id":10388,"n":"Amer Cuisener 1L","p":6.2,"u":"6,20 €/L","img":"https://fd3-photos.leclercdrive.fr/image.ashx?id=2396066&use=l&cat=p&typeid=i","cat":284913},{"id":10395,"n":"Cornichons Hartherz Aigre doux - 380g","p":1.95,"u":"5,13 €/KG","img":"https://fd3-photos.leclercdrive.fr/image.ashx?id=1604447&use=l&cat=p&typeid=i","cat":284458},{"id":10397,"n":"Pâtes Grand'Mère Spaetzles - 500g","p":2.47,"u":"4,94 €/KG","img":"https://fd3-photos.leclercdrive.fr/image.ashx?id=2018865&use=l&cat=p&typeid=i","cat":284427},{"id":10398,"n":"Biscuit apéritif ancel Bretzels Maxi - 200g","p":0.83,"u":"4,15 €/KG","img":"https://fd3-photos.leclercdrive.fr/image.ashx?id=2991813&use=l&cat=p&typeid=i","cat":297000},{"id":10400,"n":"IGP Pâtes Grand-Mère Knepfle - 500g","p":2.57,"u":"5,14 €/KG","img":"https://fd3-photos.leclercdrive.fr/image.ashx?id=2018862&use=l&cat=p&typeid=i","cat":284427},{"id":10401,"n":"IGP Pâtes Grand'Mère Nids n°2 - 250g","p":1.07,"u":"4,28 €/KG","img":"https://fd3-photos.leclercdrive.fr/image.ashx?id=2191978&use=l&cat=p&typeid=i","cat":284427},{"id":10407,"n":"Crème fraîche entière Fleurette 50cl","p":3.18,"u":"6,36 €/L","img":"https://fd3-photos.leclercdrive.fr/image.ashx?id=2224454&use=l&cat=p&typeid=i","cat":284381},{"id":10408,"n":"Boisson végétale Riz nature Bjorg Bio - 1L","p":1.97,"u":"1,97 €/L","img":"https://fd3-photos.leclercdrive.fr/image.ashx?id=2970915&use=l&cat=p&typeid=i","cat":316067},{"id":10417,"n":"AOP Fitou rouge Réserve Saint Esteve - 75cl","p":3.99,"pp":2.79,"u":"3,72 €/L","img":"https://fd3-photos.leclercdrive.fr/image.ashx?id=2407295&use=l&cat=p&typeid=i","cat":289556},{"id":10436,"n":"Couscous Dari  semoule blé, grain fin -  1kg","p":3.47,"u":"3,47 €/KG","img":"https://fd3-photos.leclercdrive.fr/image.ashx?id=2173502&use=l&cat=p&typeid=i","cat":284429},{"id":10439,"n":"Citrons confits Samia 820g","p":2.97,"u":"3,62 €/KG","img":"https://fd3-photos.leclercdrive.fr/image.ashx?id=2850518&use=l&cat=p&typeid=i","cat":284504},{"id":10446,"n":"Bonbons géléifiés cola Samia Halal - 200g","p":1.85,"u":"9,25 €/KG","img":"https://fd3-photos.leclercdrive.fr/image.ashx?id=2304824&use=l&cat=p&typeid=i","cat":289013},{"id":10465,"n":"Adoucissant Hyperdou Pure caresse - 3x250ml","p":1.19,"u":"1,59 €/L","img":"https://fd3-photos.leclercdrive.fr/image.ashx?id=2809078&use=l&cat=p&typeid=i","cat":284650},{"id":10472,"n":"Salade mechouia Samia Piquante - 350g","p":4.63,"u":"13,23 €/KG","img":"https://fd3-photos.leclercdrive.fr/image.ashx?id=2850964&use=l&cat=p&typeid=i","cat":289013},{"id":10526,"n":"Pommes Noisettes McCain 1kg","p":2.94,"u":"2,94 €/KG","img":"https://fd3-photos.leclercdrive.fr/image.ashx?id=2911312&use=l&cat=p&typeid=i","cat":319792},{"id":10527,"n":"Pommes Rissolées McCain  1kg","p":2.63,"u":"2,63 €/KG","img":"https://fd3-photos.leclercdrive.fr/image.ashx?id=2911309&use=l&cat=p&typeid=i","cat":319792},{"id":10577,"n":"Flammekueche Kauffer's Noix de St Jacques - 2x250g","p":6.57,"u":"13,14 €/KG","img":"https://fd3-photos.leclercdrive.fr/image.ashx?id=1563079&use=l&cat=p&typeid=i","cat":284257},{"id":10637,"n":"Crème entière Délisse Fluide - 30% MG - 2x25cl","p":2.72,"u":"5,44 €/L","img":"https://fd3-photos.leclercdrive.fr/image.ashx?id=3002560&use=l&cat=p&typeid=i","cat":284381},{"id":10638,"n":"Crème légère fluide UHT Délisse 12%mg - 2x25cl","p":2.36,"u":"4,72 €/L","img":"https://fd3-photos.leclercdrive.fr/image.ashx?id=3002563&use=l&cat=p&typeid=i","cat":284381},{"id":10641,"n":"Yaourts lait entier nature Bio Bio village - 4x125g","p":0.95,"u":"1,90 €/KG","img":"https://fd3-photos.leclercdrive.fr/image.ashx?id=2743831&use=l&cat=p&typeid=i","cat":284409},{"id":10646,"n":"Knoepfle aux oeufs Alb Gold 400g","p":2.33,"u":"5,83 €/KG","img":"https://fd3-photos.leclercdrive.fr/image.ashx?id=1738183&use=l&cat=p&typeid=i","cat":333682},{"id":10655,"n":"IGP Pays d'Oc rouge Cabernet Sauvignon 12.5% vol - 75cl","p":3.17,"u":"4,23 €/L","img":"https://fd3-photos.leclercdrive.fr/image.ashx?id=2189904&use=l&cat=p&typeid=i","cat":289556},{"id":10658,"n":"Beurre gastronomique Président Doux - 82% MG - 125g","p":1.78,"u":"14,24 €/KG","img":"https://fd3-photos.leclercdrive.fr/image.ashx?id=2740592&use=l&cat=p&typeid=i","cat":284379},{"id":10663,"n":"Fromage blanc Bibeleskaes Nature - 8%mg - 500g","p":1.97,"u":"3,94 €/KG","img":"https://fd3-photos.leclercdrive.fr/image.ashx?id=2839725&use=l&cat=p&typeid=i","cat":284409},{"id":10664,"n":"Fromage blanc Alsace Lait Nature - 2.8%mg - 500g","p":1.83,"u":"3,66 €/KG","img":"https://fd3-photos.leclercdrive.fr/image.ashx?id=2848815&use=l&cat=p&typeid=i","cat":284409},{"id":10667,"n":"Eau gazeuse Carola rouge Pétillante - 6x50cl","p":2.29,"u":"0,76 €/L","img":"https://fd3-photos.leclercdrive.fr/image.ashx?id=2450877&use=l&cat=p&typeid=i","cat":284536},{"id":10668,"n":"Eau gazeuse Carola rouge Pétillante - 6x1,25L","p":3.4,"u":"0,45 €/L","img":"https://fd3-photos.leclercdrive.fr/image.ashx?id=2665298&use=l&cat=p&typeid=i","cat":284536},{"id":10669,"n":"Eau gazeuse Carola verte Finement pétillante - 6x50cl","p":2.29,"u":"0,76 €/L","img":"https://fd3-photos.leclercdrive.fr/image.ashx?id=2450883&use=l&cat=p&typeid=i","cat":284536},{"id":10674,"n":"Soda Coca-Cola Bouteille - 6x50cl","p":6.4,"u":"2,13 €/L","img":"https://fd3-photos.leclercdrive.fr/image.ashx?id=2885414&use=l&cat=p&typeid=i","cat":284530},{"id":10690,"n":"Poêlée côté sud Paysan Breton 750g","p":3.66,"u":"4,88 €/KG","img":"https://fd3-photos.leclercdrive.fr/image.ashx?id=2882397&use=l&cat=p&typeid=i","cat":319823},{"id":10697,"n":"Sardines huile olive Connétable Sans arrêtes 115g","p":3.23,"u":"28,09 €/KG","img":"https://fd3-photos.leclercdrive.fr/image.ashx?id=2139046&use=l&cat=p&typeid=i","cat":305146},{"id":10699,"n":"Sardines de Bretagne Connetable Huile d'olive - 135g","p":2.77,"u":"20,52 €/KG","img":"https://fd3-photos.leclercdrive.fr/image.ashx?id=2677330&use=l&cat=p&typeid=i","cat":305146},{"id":10703,"n":"Thon blanc entier Connétable Huile d'olive - 160g","p":3.2,"u":"20,00 €/KG","img":"https://fd3-photos.leclercdrive.fr/image.ashx?id=2910127&use=l&cat=p&typeid=i","cat":303867},{"id":10712,"n":"Rillette de sardine à la tomate Les Mouettes d'Arvor - 125g","p":2.66,"u":"21,28 €/KG","img":"https://fd3-photos.leclercdrive.fr/image.ashx?id=1891144&use=l&cat=p&typeid=i","cat":305149},{"id":10713,"n":"Rillettes maquereaux moutarde Les Mouettes d'Arvor - 125g","p":2.52,"u":"20,16 €/KG","img":"https://fd3-photos.leclercdrive.fr/image.ashx?id=1891147&use=l&cat=p&typeid=i","cat":303868},{"id":10714,"n":"Rillette saumon Mouette d'Arvor Citron Aneth - 125g","p":2.26,"u":"18,08 €/KG","img":"https://fd3-photos.leclercdrive.fr/image.ashx?id=1891153&use=l&cat=p&typeid=i","cat":305147},{"id":10720,"n":"Vin mousseux Charles Volner Demi-sec - 11%vol. - 75cl","p":4.27,"u":"5,69 €/L","img":"https://fd3-photos.leclercdrive.fr/image.ashx?id=1592055&use=l&cat=p&typeid=i","cat":284544},{"id":10727,"n":"IGP Pays d'oc blanc Roche Mazet Sauvignon 12% vol - 75 cl","p":2.72,"u":"3,63 €/L","img":"https://fd3-photos.leclercdrive.fr/image.ashx?id=2342024&use=l&cat=p&typeid=i","cat":289557},{"id":10766,"n":"Pain d'épices P'tit Déli 350g","p":1.81,"u":"5,17 €/KG","img":"https://fd3-photos.leclercdrive.fr/image.ashx?id=2975542&use=l&cat=p&typeid=i","cat":284493},{"id":10767,"n":"Riz cantonais Comptoir du Grain Express 2 min - 250g","p":1.19,"u":"4,76 €/KG","img":"https://fd3-photos.leclercdrive.fr/image.ashx?id=2441198&use=l&cat=p&typeid=i","cat":287600},{"id":10781,"n":"Chair de tomate Notre Jardin Nature - 400g","p":1.99,"u":"4,98 €/KG","img":"https://fd3-photos.leclercdrive.fr/image.ashx?id=2590436&use=l&cat=p&typeid=i","cat":312608},{"id":10785,"n":"Mogette cuisinée NRT De Vendée - 820g","p":3.01,"u":"3,67 €/KG","img":"https://fd3-photos.leclercdrive.fr/image.ashx?id=2771384&use=l&cat=p&typeid=i","cat":312606},{"id":10788,"n":"Moutarde de Dijon Bio Village Bio - 200g","p":1.54,"u":"7,70 €/KG","img":"https://fd3-photos.leclercdrive.fr/image.ashx?id=2607954&use=l&cat=p&typeid=i","cat":288850},{"id":10795,"n":"Moutarde de Dijon NRT À l'ancienne - 200g","p":1.39,"u":"6,95 €/KG","img":"https://fd3-photos.leclercdrive.fr/image.ashx?id=2644921&use=l&cat=p&typeid=i","cat":288850},{"id":10796,"n":"Terrine Côté Table Sanglier cognac - 180g","p":2.99,"u":"16,61 €/KG","img":"https://fd3-photos.leclercdrive.fr/image.ashx?id=2519423&use=l&cat=p&typeid=i","cat":305149},{"id":10927,"n":"Noix de cajou grilées Eco+ Salées - 125g","p":1.34,"u":"10,72 €/KG","img":"https://fd3-photos.leclercdrive.fr/image.ashx?id=2839815&use=l&cat=p&typeid=i","cat":284448},{"id":10928,"n":"Mélange Eco+ Graines et raisin - 200g","p":1.45,"u":"7,25 €/KG","img":"https://fd3-photos.leclercdrive.fr/image.ashx?id=2780713&use=l&cat=p&typeid=i","cat":284448},{"id":10930,"n":"Chocolat pâtissier Eco+ Spécial dessert 200g","p":1.59,"u":"7,95 €/KG","img":"https://fd3-photos.leclercdrive.fr/image.ashx?id=2793140&use=l&cat=p&typeid=i","cat":285562},{"id":10932,"n":"Sauce tomate cuisinée Eco+ 420g","p":0.8,"u":"1,90 €/KG","img":"https://fd3-photos.leclercdrive.fr/image.ashx?id=2739715&use=l&cat=p&typeid=i","cat":288384},{"id":10938,"n":"Barquette chien Eco+ Au boeuf - 300g","p":0.52,"u":"1,73 €/KG","img":"https://fd3-photos.leclercdrive.fr/image.ashx?id=2957545&use=l&cat=p&typeid=i","cat":284673},{"id":10955,"n":"Blocs WC Eco+ Eau bleue - x2","p":0.65,"u":"0,33 €/P","img":"https://fd3-photos.leclercdrive.fr/image.ashx?id=2856115&use=l&cat=p&typeid=i","cat":284662},{"id":10967,"n":"Jus d'orange Andros Oranges pressées - 1L","p":2.88,"u":"2,88 €/L","img":"https://fd3-photos.leclercdrive.fr/image.ashx?id=2882632&use=l&cat=p&typeid=i","cat":285435},{"id":10970,"n":"Jus de clémentines Andros  Clémentines Pressées - 1L","p":2.95,"u":"2,95 €/L","img":"https://fd3-photos.leclercdrive.fr/image.ashx?id=2882647&use=l&cat=p&typeid=i","cat":285435},{"id":10994,"n":"Gâteaux P'tit Déli Pépites de chocolat 10x30g","p":1.89,"u":"6,30 €/KG","img":"https://fd3-photos.leclercdrive.fr/image.ashx?id=1947354&use=l&cat=p&typeid=i","cat":284495},{"id":11003,"n":"Compote Douceur du Verger Coupelle pomme poire - 4x100g","p":1.34,"u":"3,35 €/KG","img":"https://fd3-photos.leclercdrive.fr/image.ashx?id=2663488&use=l&cat=p&typeid=i","cat":284508},{"id":11007,"n":"Barquettes chats Tous mes amis Les Menus 4 variétés - 8x100g","p":4.49,"u":"5,61 €/KG","img":"https://fd3-photos.leclercdrive.fr/image.ashx?id=2050645&use=l&cat=p&typeid=i","cat":285286},{"id":11024,"n":"Mayonnaise Rustica A la moutarde de Dijon - 175g","p":0.66,"u":"3,77 €/KG","img":"https://fd3-photos.leclercdrive.fr/image.ashx?id=980107&use=l&cat=p&typeid=i","cat":298295},{"id":11033,"n":"Compote Douceur du Verger Gourdes pomme - 4x90g","p":0.99,"u":"2,75 €/KG","img":"https://fd3-photos.leclercdrive.fr/image.ashx?id=2837042&use=l&cat=p&typeid=i","cat":284508},{"id":11034,"n":"Terrine de campagne Côté Table Porc confit - 2x180g","p":2.79,"u":"7,75 €/KG","img":"https://fd3-photos.leclercdrive.fr/image.ashx?id=2519426&use=l&cat=p&typeid=i","cat":305149},{"id":11037,"n":"Sauce tomate Italienne Zapetti - 3x190g","p":3.52,"u":"6,18 €/KG","img":"https://fd3-photos.leclercdrive.fr/image.ashx?id=2579975&use=l&cat=p&typeid=i","cat":288384},{"id":11042,"n":"Crêpes Côté Table Fromage fondu x20 1kg","p":3.29,"u":"3,29 €/KG","img":"https://fd3-photos.leclercdrive.fr/image.ashx?id=2756849&use=l&cat=p&typeid=i","cat":319776},{"id":11046,"n":"Duo de riz Camargue Bio village Bio  - 500g","p":3.9,"u":"7,80 €/KG","img":"https://fd3-photos.leclercdrive.fr/image.ashx?id=2477008&use=l&cat=p&typeid=i","cat":284428},{"id":11070,"n":"Soupe instantanée Royco  Oignons & Croûtons - 4x200ml","p":1.56,"u":"19,50 €/KG","img":"https://fd3-photos.leclercdrive.fr/image.ashx?id=2650985&use=l&cat=p&typeid=i","cat":293527},{"id":11079,"n":"Brioches fourrées Epi d'Or Chocolat x8 - 310g","p":1.64,"u":"5,29 €/KG","img":"https://fd3-photos.leclercdrive.fr/image.ashx?id=2860730&use=l&cat=p&typeid=i","cat":293505},{"id":11152,"n":"Pomme de terre Ratte du Touquet Nos Régions ont du Talent 1kg","p":2.04,"u":"2,04 €/KG","img":"https://fd3-photos.leclercdrive.fr/image.ashx?id=2581857&use=l&cat=p&typeid=i","cat":284352},{"id":11175,"n":"Plat bébé soir Blédiner 8 mois Risotto courgette - 2x200g","p":2.27,"u":"5,68 €/KG","img":"https://fd3-photos.leclercdrive.fr/image.ashx?id=2921043&use=l&cat=p&typeid=i","cat":312239},{"id":11176,"n":"Lait céréales bébé Blédiner 6m Courgette soir - 2x250ml","p":2.02,"u":"4,04 €/L","img":"https://fd3-photos.leclercdrive.fr/image.ashx?id=2960147&use=l&cat=p&typeid=i","cat":312239},{"id":11178,"n":"Plat bébé soir Blédiner 12 mois Pâtes tomate courgette - 2x200g","p":2.28,"u":"5,70 €/KG","img":"https://fd3-photos.leclercdrive.fr/image.ashx?id=2902966&use=l&cat=p&typeid=i","cat":312239},{"id":11292,"n":"AOC Clairette de Die Jaillance Esprit de terroirTradition 75cl","p":5.95,"u":"7,93 €/L","img":"https://fd3-photos.leclercdrive.fr/image.ashx?id=2453499&use=l&cat=p&typeid=i","cat":284545},{"id":11306,"n":"IGP Saucisse de Montbéliard Cuite - 5x90g","p":6.47,"u":"14,38 €/KG","img":"https://fd3-photos.leclercdrive.fr/image.ashx?id=2603279&use=l&cat=p&typeid=i","cat":316012},{"id":11308,"n":"Couscous Tipiak - Grain moyen Prêt en 4 min - 1kg","p":2.11,"u":"2,11 €/KG","img":"https://fd3-photos.leclercdrive.fr/image.ashx?id=2947826&use=l&cat=p&typeid=i","cat":284429},{"id":11310,"n":"Crème Chantilly Isigny Ste Mère Sucrée et vanillée - 250g","p":2.73,"u":"10,92 €/KG","img":"https://fd3-photos.leclercdrive.fr/image.ashx?id=3004384&use=l&cat=p&typeid=i","cat":284382},{"id":11320,"n":"IGP Saucisse de Montbéliard à cuire - 2x150g","p":5.48,"u":"18,27 €/KG","img":"https://fd3-photos.leclercdrive.fr/image.ashx?id=2750450&use=l&cat=p&typeid=i","cat":316012},{"id":11324,"n":"Pontarlier Ponsec 45%vol - 1L","p":25.13,"u":"25,13 €/L","img":"https://fd3-photos.leclercdrive.fr/image.ashx?id=2592621&use=l&cat=p&typeid=i","cat":284548},{"id":11326,"n":"IGP Saucisses Montbéliard Aux Produits Saugets x2 - 300g","p":6.5,"u":"21,67 €/KG","img":"https://fd3-photos.leclercdrive.fr/image.ashx?id=2652661&use=l&cat=p&typeid=i","cat":316012},{"id":11327,"n":"IGP Saucisses Montbeliard Crues x6","p":12.95,"u":"2,16 €/P","img":"https://fd3-photos.leclercdrive.fr/image.ashx?id=1746512&use=l&cat=p&typeid=i","cat":316012},{"id":11328,"n":"Fromage de tête 300g","p":4.46,"u":"14,87 €/KG","img":"https://fd3-photos.leclercdrive.fr/image.ashx?id=1621749&use=l&cat=p&typeid=i","cat":316008},{"id":11333,"n":"Betteraves cubes BIO Allaire 2x200g","p":1.07,"u":"2,68 €/KG","img":"https://fd3-photos.leclercdrive.fr/image.ashx?id=2472285&use=l&cat=p&typeid=i","cat":284352},{"id":11335,"n":"Marrons Bio Allaire 200g","p":2.2,"u":"11,00 €/KG","img":"https://fd3-photos.leclercdrive.fr/image.ashx?id=2472288&use=l&cat=p&typeid=i","cat":284357},{"id":11391,"n":"Crème caramel Bonne Maman Aux oeufs frais - 4x100g","p":2.13,"u":"5,33 €/KG","img":"https://fd3-photos.leclercdrive.fr/image.ashx?id=1987563&use=l&cat=p&typeid=i","cat":284419},{"id":11454,"n":"Pasta box Sodebo Tortellini Jambon - 280g","p":3.13,"u":"11,18 €/KG","img":"https://fd3-photos.leclercdrive.fr/image.ashx?id=2362630&use=l&cat=p&typeid=i","cat":334983},{"id":11464,"n":"Pointe de brie Président Crémeux - 200g","p":1.97,"u":"9,85 €/KG","img":"https://fd3-photos.leclercdrive.fr/image.ashx?id=2029841&use=l&cat=p&typeid=i","cat":314033},{"id":11481,"n":"Salade Coleslaw Pierre Martinet Chou et carottes rapées - 500g","p":2.26,"u":"4,52 €/KG","img":"https://fd3-photos.leclercdrive.fr/image.ashx?id=2733076&use=l&cat=p&typeid=i","cat":333657},{"id":11499,"n":"Lait Bio entier Lactel UHT Bouteille - 6x1l","p":11.94,"u":"1,99 €/L","img":"https://fd3-photos.leclercdrive.fr/image.ashx?id=2892775&use=l&cat=p&typeid=i","cat":285610},{"id":11501,"n":"Yaourts Mamie Nova Cerise griotte - 2x150g","p":1.26,"u":"4,20 €/KG","img":"https://fd3-photos.leclercdrive.fr/image.ashx?id=2912245&use=l&cat=p&typeid=i","cat":284410},{"id":11503,"n":"Crème gourmande Mamie Nova Vanille bourbon 2x150g","p":1.61,"u":"5,37 €/KG","img":"https://fd3-photos.leclercdrive.fr/image.ashx?id=2909017&use=l&cat=p&typeid=i","cat":285041},{"id":11507,"n":"Yaourts Mamie Nova Noix de coco - 2x150g","p":1.52,"u":"5,07 €/KG","img":"https://fd3-photos.leclercdrive.fr/image.ashx?id=2888488&use=l&cat=p&typeid=i","cat":284410},{"id":11508,"n":"Lait céréales Blédidej 6 mois Biscuit  - 4x250ml","p":3.46,"u":"3,46 €/L","img":"https://fd3-photos.leclercdrive.fr/image.ashx?id=2921040&use=l&cat=p&typeid=i","cat":312226},{"id":11509,"n":"Feuille de brick Tablier Blanc 8 feuilles - 136g","p":0.77,"u":"5,66 €/KG","img":"https://fd3-photos.leclercdrive.fr/image.ashx?id=1938558&use=l&cat=p&typeid=i","cat":333681},{"id":11527,"n":"Essuie-tout blanc Mimosa Super absorbant - x6","p":3.74,"u":"0,62 €/P","img":"https://fd3-photos.leclercdrive.fr/image.ashx?id=2691129&use=l&cat=p&typeid=i","cat":284635},{"id":11561,"n":"Boisson sans alcool D'Artigny Classic - 75cl","p":3.26,"u":"4,35 €/L","img":"https://fd3-photos.leclercdrive.fr/image.ashx?id=2804430&use=l&cat=p&typeid=i","cat":289460},{"id":11562,"n":"Boisson sans alcool D'Artigny Pêche - 75cl","p":3.31,"u":"4,41 €/L","img":"https://fd3-photos.leclercdrive.fr/image.ashx?id=2854393&use=l&cat=p&typeid=i","cat":289460},{"id":11577,"n":"IGP Pays d'Oc rouge Bio Sauvignon Autrement - 75cl","p":5.28,"u":"7,04 €/L","img":"https://fd3-photos.leclercdrive.fr/image.ashx?id=2571470&use=l&cat=p&typeid=i","cat":289556},{"id":11587,"n":"Papier toilette Mimosa Rose - Ultra doux - x12","p":2.82,"u":"0,24 €/P","img":"https://fd3-photos.leclercdrive.fr/image.ashx?id=2073176&use=l&cat=p&typeid=i","cat":284634},{"id":11633,"n":"Collant Well Elastivoile Satiné ibiza T1","p":4.45,"img":"https://fd3-photos.leclercdrive.fr/image.ashx?id=2056377&use=l&cat=p&typeid=i","cat":334130},{"id":11639,"n":"Mi-bas Well Elastivoile Satiné ibiza taille U x2","p":4.45,"img":"https://fd3-photos.leclercdrive.fr/image.ashx?id=2056389&use=l&cat=p&typeid=i","cat":334130},{"id":11642,"n":"Mi-bas Well Actiwell Circulation ibiza T39/41 x1","p":3.7,"img":"https://fd3-photos.leclercdrive.fr/image.ashx?id=2056407&use=l&cat=p&typeid=i","cat":334130},{"id":11645,"n":"Mi-bas Well Actiwell Circulation ibiza T36/38 x1","p":3.7,"img":"https://fd3-photos.leclercdrive.fr/image.ashx?id=2056413&use=l&cat=p&typeid=i","cat":334130},{"id":11647,"n":"Collant voile Well Body Galbe Noir - T1","p":5.35,"img":"https://fd3-photos.leclercdrive.fr/image.ashx?id=589096&use=l&cat=p&typeid=i","cat":334130},{"id":11649,"n":"Collant voile Well Body Galbe Noir - T3","p":5.35,"img":"https://fd3-photos.leclercdrive.fr/image.ashx?id=589104&use=l&cat=p&typeid=i","cat":334130},{"id":11684,"n":"Collants Well Elastivoile Résistant noir T3","p":3.7,"img":"https://fd3-photos.leclercdrive.fr/image.ashx?id=2056545&use=l&cat=p&typeid=i","cat":334130},{"id":11804,"n":"Collant voile Well Body Galbe Noir - T2","p":5.35,"img":"https://fd3-photos.leclercdrive.fr/image.ashx?id=589530&use=l&cat=p&typeid=i","cat":334130},{"id":11805,"n":"Collant voile Well Body Galbe Noir - T4","p":5.35,"img":"https://fd3-photos.leclercdrive.fr/image.ashx?id=589532&use=l&cat=p&typeid=i","cat":334130},{"id":11809,"n":"Collants Well Elastivoile Résistant ibiza T4","p":3.7,"img":"https://fd3-photos.leclercdrive.fr/image.ashx?id=2560837&use=l&cat=p&typeid=i","cat":334130},{"id":11810,"n":"Collant Well Elastivoile Résistant noir T4","p":3.7,"img":"https://fd3-photos.leclercdrive.fr/image.ashx?id=2056374&use=l&cat=p&typeid=i","cat":334130},{"id":11822,"n":"Bonbons Werther's Original Caramel - 300g","p":3.31,"u":"11,03 €/KG","img":"https://fd3-photos.leclercdrive.fr/image.ashx?id=2659798&use=l&cat=p&typeid=i","cat":304252},{"id":11827,"n":"Chewing-gum Regular Hollywood Chlorophylle - 155g","p":2.62,"u":"16,90 €/KG","img":"https://fd3-photos.leclercdrive.fr/image.ashx?id=2682848&use=l&cat=p&typeid=i","cat":304251},{"id":11878,"n":"AOC Bordeaux vin rouge Chantet Blanet - BIB 3L","p":9.99,"u":"3,33 €/L","img":"https://fd3-photos.leclercdrive.fr/image.ashx?id=2708456&use=l&cat=p&typeid=i","cat":289560},{"id":11879,"n":"AOC Côtes du Rhône vin rouge Grégoire XI - BIB 3L","p":9.99,"u":"3,33 €/L","img":"https://fd3-photos.leclercdrive.fr/image.ashx?id=2714980&use=l&cat=p&typeid=i","cat":289560},{"id":11888,"n":"AOC Crémant d'Alsace brut rosé Rebmann - 75 cl","p":5.95,"u":"7,93 €/L","img":"https://fd3-photos.leclercdrive.fr/image.ashx?id=2682651&use=l&cat=p&typeid=i","cat":284545},{"id":11903,"n":"Arôme naturel de citron Vahiné 20ml","p":1.23,"u":"61,50 €/L","img":"https://fd3-photos.leclercdrive.fr/image.ashx?id=2559772&use=l&cat=p&typeid=i","cat":284504},{"id":11906,"n":"Nappage caramel Vahiné 700g","p":3.47,"u":"4,96 €/KG","img":"https://fd3-photos.leclercdrive.fr/image.ashx?id=2983234&use=l&cat=p&typeid=i","cat":284504},{"id":11908,"n":"Perles multicolores Vahiné 80g","p":1.37,"u":"17,13 €/KG","img":"https://fd3-photos.leclercdrive.fr/image.ashx?id=2524308&use=l&cat=p&typeid=i","cat":284504},{"id":11910,"n":"Colorant alimentaire Vahiné Assortiment x3","p":1.48,"u":"0,49 €/P","img":"https://fd3-photos.leclercdrive.fr/image.ashx?id=2939352&use=l&cat=p&typeid=i","cat":284504},{"id":11917,"n":"Crayon pâtissier Vahiné x1","p":1.27,"img":"https://fd3-photos.leclercdrive.fr/image.ashx?id=2983240&use=l&cat=p&typeid=i","cat":284504},{"id":12012,"n":"Riz Vivien Paille superfino Spécial risotto - 1kg","p":3.35,"u":"3,35 €/KG","img":"https://fd3-photos.leclercdrive.fr/image.ashx?id=2280296&use=l&cat=p&typeid=i","cat":284428},{"id":12013,"n":"Riz Thaï Vivien Paille 1kg","p":2.51,"u":"2,51 €/KG","img":"https://fd3-photos.leclercdrive.fr/image.ashx?id=2421733&use=l&cat=p&typeid=i","cat":284428},{"id":12014,"n":"Riz Basmati Vivien Paille 1kg","p":2.71,"u":"2,71 €/KG","img":"https://fd3-photos.leclercdrive.fr/image.ashx?id=2326361&use=l&cat=p&typeid=i","cat":284428},{"id":12015,"n":"Riz long Vivien Paille Bomba perliz cello 1kg","p":2.83,"u":"2,83 €/KG","img":"https://fd3-photos.leclercdrive.fr/image.ashx?id=2284085&use=l&cat=p&typeid=i","cat":284428},{"id":12017,"n":"Riz rond Vivien Paille dessert Perliz cello - 1kg","p":2.17,"u":"2,17 €/KG","img":"https://fd3-photos.leclercdrive.fr/image.ashx?id=2284082&use=l&cat=p&typeid=i","cat":284428},{"id":12063,"n":"Rasoirs jetables Bic sensitive 3 lames - x12","p":4.81,"u":"0,40 €/P","img":"https://fd3-photos.leclercdrive.fr/image.ashx?id=2768502&use=l&cat=p&typeid=i","cat":284616},{"id":12078,"n":"Pâte à tartiner Nustikao 400g","p":1.83,"u":"4,58 €/KG","img":"https://fd3-photos.leclercdrive.fr/image.ashx?id=2856411&use=l&cat=p&typeid=i","cat":284481},{"id":12116,"n":"Sauce aigre douce Suzi Wan 400g","p":1.32,"u":"3,30 €/KG","img":"https://fd3-photos.leclercdrive.fr/image.ashx?id=2024300&use=l&cat=p&typeid=i","cat":288992},{"id":12122,"n":"Vermicelles de riz Suzi Wan 250g","p":2.07,"u":"8,28 €/KG","img":"https://fd3-photos.leclercdrive.fr/image.ashx?id=3002183&use=l&cat=p&typeid=i","cat":288992},{"id":12131,"n":"Crème coco Suzi Wan 200ml","p":1.29,"u":"6,45 €/L","img":"https://fd3-photos.leclercdrive.fr/image.ashx?id=2886250&use=l&cat=p&typeid=i","cat":288992},{"id":12170,"n":"AOP Bordeaux rosé Baron de Lestac - 75cl","p":3.72,"u":"4,96 €/L","img":"https://fd3-photos.leclercdrive.fr/image.ashx?id=2179368&use=l&cat=p&typeid=i","cat":289558},{"id":12235,"n":"Tapenade olives vertes NRT 90g","p":1.84,"u":"20,44 €/KG","img":"https://fd3-photos.leclercdrive.fr/image.ashx?id=2839986&use=l&cat=p&typeid=i","cat":284451},{"id":12236,"n":"Spaghetti d'Alsace NRT 250g","p":1.39,"u":"5,56 €/KG","img":"https://fd3-photos.leclercdrive.fr/image.ashx?id=2839983&use=l&cat=p&typeid=i","cat":284427},{"id":12241,"n":"Pâte à pizza Tablier Blanc Herbes de Provence - 500g","p":1.99,"u":"3,98 €/KG","img":"https://fd3-photos.leclercdrive.fr/image.ashx?id=1731164&use=l&cat=p&typeid=i","cat":333681},{"id":12242,"n":"Rillettes de saumon MSC Ronde des mers - 150g","p":1.99,"u":"13,27 €/KG","img":"https://fd3-photos.leclercdrive.fr/image.ashx?id=2552424&use=l&cat=p&typeid=i","cat":285191},{"id":12243,"n":"Rillettes de thon MSC Ronde des mers - 150g","p":1.99,"u":"13,27 €/KG","img":"https://fd3-photos.leclercdrive.fr/image.ashx?id=2644873&use=l&cat=p&typeid=i","cat":285191},{"id":12245,"n":"Galettes Bretonnes P'tit Déli Pépites chocolat 130g","p":1.34,"u":"10,31 €/KG","img":"https://fd3-photos.leclercdrive.fr/image.ashx?id=2387973&use=l&cat=p&typeid=i","cat":284487},{"id":12249,"n":"Torsades d'Alsace NRT 250g","p":1.39,"u":"5,56 €/KG","img":"https://fd3-photos.leclercdrive.fr/image.ashx?id=2839980&use=l&cat=p&typeid=i","cat":284427},{"id":12258,"n":"Gros sel de l'Ile de Ré NRT Sachet -1kg","p":1.69,"u":"1,69 €/KG","img":"https://fd3-photos.leclercdrive.fr/image.ashx?id=2802879&use=l&cat=p&typeid=i","cat":284457},{"id":12259,"n":"Fromage Mimolette vieille NRT  Label Rouge  - 200g","p":3.65,"u":"18,25 €/KG","img":"https://fd3-photos.leclercdrive.fr/image.ashx?id=2934829&use=l&cat=p&typeid=i","cat":314034},{"id":12261,"n":"Double concentré tomates Turini 3X70g","p":2.15,"u":"10,24 €/KG","img":"https://fd3-photos.leclercdrive.fr/image.ashx?id=2623962&use=l&cat=p&typeid=i","cat":288384},{"id":12331,"n":"Bonbons Fisherman's Friend Eucalyptus - 3x25g","p":2.37,"u":"31,60 €/KG","img":"https://fd3-photos.leclercdrive.fr/image.ashx?id=2654026&use=l&cat=p&typeid=i","cat":304256},{"id":12333,"n":"Frisk Menthe Forte  sans sucres - 5,7g","p":1.16,"u":"193,33 €/KG","img":"https://fd3-photos.leclercdrive.fr/image.ashx?id=2660206&use=l&cat=p&typeid=i","cat":304256},{"id":12342,"n":"Sucettes Chupa Chups Fresh cola - 192g","p":2.27,"u":"11,82 €/KG","img":"https://fd3-photos.leclercdrive.fr/image.ashx?id=2149489&use=l&cat=p&typeid=i","cat":304252},{"id":12362,"n":"Thon entier Pêche Océan Naturel - 2x140g","p":3.75,"u":"13,39 €/KG","img":"https://fd3-photos.leclercdrive.fr/image.ashx?id=2941420&use=l&cat=p&typeid=i","cat":303867},{"id":12363,"n":"Thon entier Pêche Océan Naturel - 3x93g","p":3.99,"u":"14,30 €/KG","img":"https://fd3-photos.leclercdrive.fr/image.ashx?id=2941408&use=l&cat=p&typeid=i","cat":303867},{"id":12365,"n":"Couscous royal Côté Table Volaille et merguez 980g","p":3.69,"u":"3,77 €/KG","img":"https://fd3-photos.leclercdrive.fr/image.ashx?id=2977144&use=l&cat=p&typeid=i","cat":325094},{"id":12373,"n":"Moutarde Rustica Mi-forte - 415g","p":1.29,"u":"3,11 €/KG","img":"https://fd3-photos.leclercdrive.fr/image.ashx?id=1961437&use=l&cat=p&typeid=i","cat":288850},{"id":12374,"n":"Purée de tomates Turini 3x200g","p":1.2,"u":"2,00 €/KG","img":"https://fd3-photos.leclercdrive.fr/image.ashx?id=2174684&use=l&cat=p&typeid=i","cat":288384},{"id":12376,"n":"Pâtes Alphabet Turini 500g","p":0.99,"u":"1,98 €/KG","img":"https://fd3-photos.leclercdrive.fr/image.ashx?id=2980797&use=l&cat=p&typeid=i","cat":284427},{"id":12380,"n":"Infusion Tiséa Digestion facilitée x25","p":0.99,"u":"24,75 €/KG","img":"https://fd3-photos.leclercdrive.fr/image.ashx?id=2696253&use=l&cat=p&typeid=i","cat":293234},{"id":12384,"n":"Thon entier Pêche Océan Huile de tournesol - 3x80g","p":2.49,"u":"10,38 €/KG","img":"https://fd3-photos.leclercdrive.fr/image.ashx?id=2941405&use=l&cat=p&typeid=i","cat":303867},{"id":12391,"n":"Sirop Frucci Fraise - 1L","p":3.5,"u":"3,50 €/L","img":"https://fd3-photos.leclercdrive.fr/image.ashx?id=2954076&use=l&cat=p&typeid=i","cat":295020},{"id":12394,"n":"Nectar Jafaden Abricot - 4x20cl","p":2.68,"u":"3,35 €/L","img":"https://fd3-photos.leclercdrive.fr/image.ashx?id=2955674&use=l&cat=p&typeid=i","cat":284524},{"id":12396,"n":"100% Pur jus de tomate Jafaden - 4x20cl","p":2.32,"u":"2,90 €/L","img":"https://fd3-photos.leclercdrive.fr/image.ashx?id=2562858&use=l&cat=p&typeid=i","cat":284523},{"id":12397,"n":"Vin mousseux d'Union Européenne Brut Blazer - 75 cl","p":3.15,"u":"4,20 €/L","img":"https://fd3-photos.leclercdrive.fr/image.ashx?id=2623950&use=l&cat=p&typeid=i","cat":284544},{"id":12399,"n":"Apéritif anisé Cantanis Sans alcool - 1L","p":2.25,"u":"2,25 €/L","img":"https://fd3-photos.leclercdrive.fr/image.ashx?id=2520011&use=l&cat=p&typeid=i","cat":284549},{"id":12402,"n":"Crème de mûres Auguste Muniot 15%vol. - 50cl","p":4.58,"u":"9,16 €/L","img":"https://fd3-photos.leclercdrive.fr/image.ashx?id=2541525&use=l&cat=p&typeid=i","cat":286032},{"id":12421,"n":"Vinaigre de vin Rustica Aromatisé Framboise - 50cl","p":1.99,"u":"3,98 €/L","img":"https://fd3-photos.leclercdrive.fr/image.ashx?id=2142181&use=l&cat=p&typeid=i","cat":298543},{"id":12422,"n":"Jus de citron vert Rustica 2x12,5cll","p":1.31,"u":"5,24 €/L","img":"https://fd3-photos.leclercdrive.fr/image.ashx?id=2974789&use=l&cat=p&typeid=i","cat":288383},{"id":12424,"n":"Pâtes Spaghetti Turini 3min - 500g","p":0.78,"u":"1,56 €/KG","img":"https://fd3-photos.leclercdrive.fr/image.ashx?id=2607464&use=l&cat=p&typeid=i","cat":284427},{"id":12426,"n":"Pâtes Cheveux d'anges Turini 1kg","p":1.61,"u":"1,61 €/KG","img":"https://fd3-photos.leclercdrive.fr/image.ashx?id=3015042&use=l&cat=p&typeid=i","cat":284427},{"id":12437,"n":"Sel fin de l'île de Ré NRT 250g","p":1.35,"u":"5,40 €/KG","img":"https://fd3-photos.leclercdrive.fr/image.ashx?id=2802876&use=l&cat=p&typeid=i","cat":284457},{"id":12438,"n":"Vinaigre Balsamique MAILLE Velours de Modène - 25cl","p":3.34,"u":"13,36 €/L","img":"https://fd3-photos.leclercdrive.fr/image.ashx?id=2889994&use=l&cat=p&typeid=i","cat":298543},{"id":12441,"n":"Moutarde Amora Fine et douce  - 435g","p":1.7,"u":"3,91 €/KG","img":"https://fd3-photos.leclercdrive.fr/image.ashx?id=2507608&use=l&cat=p&typeid=i","cat":288850},{"id":12451,"n":"Thé glacé Fresh Tea Pêche - Brique - 6x20cl","p":2.34,"u":"1,95 €/L","img":"https://fd3-photos.leclercdrive.fr/image.ashx?id=2622248&use=l&cat=p&typeid=i","cat":295019},{"id":12453,"n":"Soda Jean's Cola sans Caféine Zéro - Bouteille - 1,5L","p":0.96,"u":"0,64 €/L","img":"https://fd3-photos.leclercdrive.fr/image.ashx?id=2637865&use=l&cat=p&typeid=i","cat":284530},{"id":12464,"n":"Soda Jean's Cola Zéro Bouteille - 1,5L","p":0.45,"u":"0,30 €/L","img":"https://fd3-photos.leclercdrive.fr/image.ashx?id=2637883&use=l&cat=p&typeid=i","cat":284530},{"id":12467,"n":"Jus multifruits Jafaden Pur jus - 1L","p":1.99,"u":"1,99 €/L","img":"https://fd3-photos.leclercdrive.fr/image.ashx?id=2958705&use=l&cat=p&typeid=i","cat":284917},{"id":12469,"n":"100% Pur jus d'orange Jafaden  Sans pulpe - 1L","p":1.99,"u":"1,99 €/L","img":"https://fd3-photos.leclercdrive.fr/image.ashx?id=2842477&use=l&cat=p&typeid=i","cat":284521},{"id":12471,"n":"Thon entier Pêche Océan Huile de tournesol - 160g","p":1.63,"u":"10,19 €/KG","img":"https://fd3-photos.leclercdrive.fr/image.ashx?id=2941399&use=l&cat=p&typeid=i","cat":303867},{"id":12477,"n":"Cassoulet Saucisse de Toulouse Côté Table - 420g","p":2.11,"u":"5,02 €/KG","img":"https://fd3-photos.leclercdrive.fr/image.ashx?id=2977861&use=l&cat=p&typeid=i","cat":284440},{"id":12501,"n":"Café soluble Plantation Sélection - 200g","p":4.53,"u":"22,65 €/KG","img":"https://fd3-photos.leclercdrive.fr/image.ashx?id=1034044&use=l&cat=p&typeid=i","cat":284843},{"id":12506,"n":"Marshmallows Copains Copines Vanille 300g","p":1.25,"u":"4,17 €/KG","img":"https://fd3-photos.leclercdrive.fr/image.ashx?id=2934646&use=l&cat=p&typeid=i","cat":304250},{"id":12512,"n":"Vinaigre de vin aux noix Maille - 50cl","p":1.6,"u":"3,20 €/L","img":"https://fd3-photos.leclercdrive.fr/image.ashx?id=2875999&use=l&cat=p&typeid=i","cat":298543},{"id":12513,"n":"Cornichons Maille Malossol A la russe 440g","p":3.58,"u":"8,14 €/KG","img":"https://fd3-photos.leclercdrive.fr/image.ashx?id=2076023&use=l&cat=p&typeid=i","cat":284458},{"id":12521,"n":"Miettes de thon Pêche Océan Huile de tournesol - 3x80g","p":2.35,"u":"9,79 €/KG","img":"https://fd3-photos.leclercdrive.fr/image.ashx?id=2943608&use=l&cat=p&typeid=i","cat":303867},{"id":12527,"n":"Chocolat Pâtissier Tablette dOr Noir - 200g","p":1.79,"u":"8,95 €/KG","img":"https://fd3-photos.leclercdrive.fr/image.ashx?id=2723356&use=l&cat=p&typeid=i","cat":285562},{"id":12529,"n":"Moutarde de Dijon Rustica  195g","p":1.25,"u":"6,41 €/KG","img":"https://fd3-photos.leclercdrive.fr/image.ashx?id=1921604&use=l&cat=p&typeid=i","cat":288850},{"id":12532,"n":"Café en grains Plantation Tradition - 1kg","p":10.15,"u":"10,15 €/KG","img":"https://fd3-photos.leclercdrive.fr/image.ashx?id=2856405&use=l&cat=p&typeid=i","cat":293237},{"id":12534,"n":"Café moulu Plantation  Fruité & délicat déca - 250g","p":3.69,"u":"14,76 €/KG","img":"https://fd3-photos.leclercdrive.fr/image.ashx?id=2856402&use=l&cat=p&typeid=i","cat":284750},{"id":12549,"n":"Rasoirs jetables Venus Gillette Simply Venus 2 - x10","p":3.5,"u":"0,35 €/P","img":"https://fd3-photos.leclercdrive.fr/image.ashx?id=2881789&use=l&cat=p&typeid=i","cat":325352},{"id":12551,"n":"Raviolis légumes Bio Village Bio - 700g","p":2.54,"u":"3,63 €/KG","img":"https://fd3-photos.leclercdrive.fr/image.ashx?id=2717252&use=l&cat=p&typeid=i","cat":284442},{"id":12555,"n":"Mogette cuite au naturel NRT De Vendée - 530g","p":3.19,"u":"6,02 €/KG","img":"https://fd3-photos.leclercdrive.fr/image.ashx?id=2771025&use=l&cat=p&typeid=i","cat":312606},{"id":12557,"n":"Vinaigrette Rustica Echalote - 50cl","p":1.27,"u":"2,54 €/L","img":"https://fd3-photos.leclercdrive.fr/image.ashx?id=1972901&use=l&cat=p&typeid=i","cat":284456},{"id":12564,"n":"Châtaignes Notre Jardin Entières - 420g","p":5.09,"u":"12,12 €/KG","img":"https://fd3-photos.leclercdrive.fr/image.ashx?id=1965527&use=l&cat=p&typeid=i","cat":312612},{"id":12565,"n":"Haricots beurre Notre Jardin Extra fins - 220g","p":1.88,"u":"8,55 €/KG","img":"https://fd3-photos.leclercdrive.fr/image.ashx?id=2988039&use=l&cat=p&typeid=i","cat":312606},{"id":12566,"n":"Sel régénérant Eco+ 4kg","p":2.04,"u":"0,51 €/KG","img":"https://fd3-photos.leclercdrive.fr/image.ashx?id=2865236&use=l&cat=p&typeid=i","cat":284657},{"id":12573,"n":"Eponges Mamison salle de bain Décorées x2","p":0.99,"u":"0,50 €/P","img":"https://fd3-photos.leclercdrive.fr/image.ashx?id=2199055&use=l&cat=p&typeid=i","cat":284667},{"id":12581,"n":"Soupe Déshydratée Thaï KNORR Nouilles & Champignons - 70cl","p":1.32,"u":"1,89 €/L","img":"https://fd3-photos.leclercdrive.fr/image.ashx?id=2772554&use=l&cat=p&typeid=i","cat":284463},{"id":12584,"n":"Pain grillé bio Bio Village Blé complet x12 - 250g","p":1.77,"u":"7,08 €/KG","img":"https://fd3-photos.leclercdrive.fr/image.ashx?id=2619749&use=l&cat=p&typeid=i","cat":284479},{"id":12587,"n":"Compote Douceur du Verger Gourdes multivariétés - 12x90g","p":3.93,"u":"3,64 €/KG","img":"https://fd3-photos.leclercdrive.fr/image.ashx?id=2837039&use=l&cat=p&typeid=i","cat":284508},{"id":12588,"n":"Sel régénérant Visior Lave-vaisselle - 4x1kg","p":2.69,"u":"0,67 €/KG","img":"https://fd3-photos.leclercdrive.fr/image.ashx?id=2463401&use=l&cat=p&typeid=i","cat":284657},{"id":12591,"n":"Soupe déshydratée Knorr 9 légumes - 75cl","p":0.94,"u":"1,25 €/L","img":"https://fd3-photos.leclercdrive.fr/image.ashx?id=2790585&use=l&cat=p&typeid=i","cat":284463},{"id":12593,"n":"Soupe déshydratée Knorr 9 légumes - 105g","p":0.93,"u":"8,86 €/KG","img":"https://fd3-photos.leclercdrive.fr/image.ashx?id=2875930&use=l&cat=p&typeid=i","cat":284463},{"id":12601,"n":"Oignon Rustica Coupés - 100g","p":2.14,"u":"21,40 €/KG","img":"https://fd3-photos.leclercdrive.fr/image.ashx?id=2365466&use=l&cat=p&typeid=i","cat":319804},{"id":12602,"n":"Ciboulette Rustica Coupé - 50g","p":1.65,"u":"33,00 €/KG","img":"https://fd3-photos.leclercdrive.fr/image.ashx?id=2365460&use=l&cat=p&typeid=i","cat":319804},{"id":12605,"n":"Cornichons Maille Le Mini 210g","p":2.77,"u":"13,19 €/KG","img":"https://fd3-photos.leclercdrive.fr/image.ashx?id=2877310&use=l&cat=p&typeid=i","cat":284458},{"id":12606,"n":"Marmite bouillon Knorr Poule - 224g","p":2.18,"u":"9,73 €/KG","img":"https://fd3-photos.leclercdrive.fr/image.ashx?id=2960288&use=l&cat=p&typeid=i","cat":288379},{"id":12611,"n":"Crozets au Sarrasin NRT 400g","p":2.3,"u":"5,75 €/KG","img":"https://fd3-photos.leclercdrive.fr/image.ashx?id=2856220&use=l&cat=p&typeid=i","cat":284427},{"id":12668,"n":"Pizza Cuite sur pierre Turini Jambon fromage - 3x350g","p":6.22,"u":"5,92 €/KG","img":"https://fd3-photos.leclercdrive.fr/image.ashx?id=2815232&use=l&cat=p&typeid=i","cat":284256},{"id":12669,"n":"Sauce Burger AMORA 260g","p":1.73,"u":"6,65 €/KG","img":"https://fd3-photos.leclercdrive.fr/image.ashx?id=2893853&use=l&cat=p&typeid=i","cat":318431},{"id":12670,"n":"Basilic Rustica Coupé - 50g","p":1.69,"u":"33,80 €/KG","img":"https://fd3-photos.leclercdrive.fr/image.ashx?id=2365463&use=l&cat=p&typeid=i","cat":319804},{"id":12674,"n":"Nids d'Alsace NRT 250g","p":1.39,"u":"5,56 €/KG","img":"https://fd3-photos.leclercdrive.fr/image.ashx?id=2839968&use=l&cat=p&typeid=i","cat":284427},{"id":12675,"n":"Pizza Cuite sur pierre Turini 4 fromages - 400g","p":2.71,"u":"6,78 €/KG","img":"https://fd3-photos.leclercdrive.fr/image.ashx?id=2815229&use=l&cat=p&typeid=i","cat":284256},{"id":12676,"n":"Pizza Cuite sur pierre Turini Chorizo - 400g","p":2.69,"u":"6,73 €/KG","img":"https://fd3-photos.leclercdrive.fr/image.ashx?id=2815226&use=l&cat=p&typeid=i","cat":284256},{"id":12685,"n":"Biscuit P'tit Beurres chocolait P'tit Déli 268g","p":2.69,"u":"10,04 €/KG","img":"https://fd3-photos.leclercdrive.fr/image.ashx?id=2473975&use=l&cat=p&typeid=i","cat":284488},{"id":12702,"n":"Poisson pané Pêche Océan Tomate - MSC - x8 - 600g","p":4.29,"u":"7,15 €/KG","img":"https://fd3-photos.leclercdrive.fr/image.ashx?id=2930111&use=l&cat=p&typeid=i","cat":319788},{"id":12706,"n":"Dentifrice Dentamyl Soin complet 75ml","p":0.76,"u":"10,13 €/L","img":"https://fd3-photos.leclercdrive.fr/image.ashx?id=2276480&use=l&cat=p&typeid=i","cat":284612},{"id":12712,"n":"Sauce Poivrons Aubergine Turini 190g","p":1.79,"u":"9,42 €/KG","img":"https://fd3-photos.leclercdrive.fr/image.ashx?id=2478474&use=l&cat=p&typeid=i","cat":287599},{"id":12729,"n":"Pânés poulet Le Gaulois x2 -  200g","p":2.31,"u":"11,55 €/KG","img":"https://fd3-photos.leclercdrive.fr/image.ashx?id=2261660&use=l&cat=p&typeid=i","cat":333684},{"id":12739,"n":"Friand viande Côté Table 2x110g","p":1.65,"u":"7,50 €/KG","img":"https://fd3-photos.leclercdrive.fr/image.ashx?id=2820436&use=l&cat=p&typeid=i","cat":333671},{"id":12741,"n":"Emmental fromage râpé bio Bio village - 100g","p":1.49,"u":"14,90 €/KG","img":"https://fd3-photos.leclercdrive.fr/image.ashx?id=2757942&use=l&cat=p&typeid=i","cat":314035},{"id":12816,"n":"Dentifrice blancheur Dentamyl Soin complet 75ml","p":0.98,"u":"13,07 €/L","img":"https://fd3-photos.leclercdrive.fr/image.ashx?id=2489110&use=l&cat=p&typeid=i","cat":284612},{"id":12916,"n":"Infusion bio Bio Village Digestion x20 - 30g","p":1.55,"u":"51,67 €/KG","img":"https://fd3-photos.leclercdrive.fr/image.ashx?id=2961710&use=l&cat=p&typeid=i","cat":293234},{"id":12917,"n":"Infusion bio Bio Village Pour le soir x20 - 30g","p":1.75,"u":"58,33 €/KG","img":"https://fd3-photos.leclercdrive.fr/image.ashx?id=2854261&use=l&cat=p&typeid=i","cat":293234},{"id":12930,"n":"Mélange forestier Notre Jardin 450g","p":2.56,"u":"5,69 €/KG","img":"https://fd3-photos.leclercdrive.fr/image.ashx?id=2873111&use=l&cat=p&typeid=i","cat":319823},{"id":12932,"n":"Escargots Maître Coquilles Préparés moyens x48 - 270g","p":10.99,"u":"40,70 €/KG","img":"https://fd3-photos.leclercdrive.fr/image.ashx?id=1979677&use=l&cat=p&typeid=i","cat":319775},{"id":12939,"n":"Lait Bio demi-écrémé Grandlait Candia Bouteille - 6x1L","p":10.42,"u":"1,74 €/L","img":"https://fd3-photos.leclercdrive.fr/image.ashx?id=2735086&use=l&cat=p&typeid=i","cat":284377},{"id":12965,"n":"Crêpes dentelles chocolat NRT 100g","p":1.82,"u":"18,20 €/KG","img":"https://fd3-photos.leclercdrive.fr/image.ashx?id=2770265&use=l&cat=p&typeid=i","cat":284490},{"id":12966,"n":"Assortiment biscuits fins P'tit Déli 200g","p":2.39,"u":"11,95 €/KG","img":"https://fd3-photos.leclercdrive.fr/image.ashx?id=2554578&use=l&cat=p&typeid=i","cat":284490},{"id":13014,"n":"Déodorant spray Scorpio Scorpio rouge - 150ml","p":2.52,"u":"16,80 €/L","img":"https://fd3-photos.leclercdrive.fr/image.ashx?id=2329780&use=l&cat=p&typeid=i","cat":284618},{"id":13342,"n":"Thon entier Le Savoureux Huile d'olive - 160g","p":3.34,"u":"20,88 €/KG","img":"https://fd3-photos.leclercdrive.fr/image.ashx?id=2960159&use=l&cat=p&typeid=i","cat":303867},{"id":13356,"n":"IGP Fleur de sel Le Guérandais Tradition -  125g","p":2.85,"u":"22,80 €/KG","img":"https://fd3-photos.leclercdrive.fr/image.ashx?id=2457881&use=l&cat=p&typeid=i","cat":284457},{"id":13428,"n":"Beurre Moulé Paysan Breton Demi-sel - 80% MG - 125g","p":1.76,"u":"14,08 €/KG","img":"https://fd3-photos.leclercdrive.fr/image.ashx?id=2939766&use=l&cat=p&typeid=i","cat":284379},{"id":13434,"n":"Dessert Empresure Malo Chocolat - 4x125g","p":1.9,"u":"3,80 €/KG","img":"https://fd3-photos.leclercdrive.fr/image.ashx?id=2842684&use=l&cat=p&typeid=i","cat":285041},{"id":13440,"n":"Purée de fruit NATURNES Fruits du verger 6M+ - 4x130g","p":2.19,"u":"4,21 €/KG","img":"https://fd3-photos.leclercdrive.fr/image.ashx?id=2478387&use=l&cat=p&typeid=i","cat":312388},{"id":13446,"n":"La Poêlée Celtique  Paysan Breton - 1kg","p":3.27,"u":"3,27 €/KG","img":"https://fd3-photos.leclercdrive.fr/image.ashx?id=2882394&use=l&cat=p&typeid=i","cat":319823},{"id":13464,"n":"Tripoux aveyronnais NRT 400g","p":5.46,"u":"13,65 €/KG","img":"https://fd3-photos.leclercdrive.fr/image.ashx?id=2723225&use=l&cat=p&typeid=i","cat":284441},{"id":13503,"n":"Biscottes bio Bio Village Au germe de blé x36 - 300g","p":1.99,"u":"6,63 €/KG","img":"https://fd3-photos.leclercdrive.fr/image.ashx?id=2634881&use=l&cat=p&typeid=i","cat":284479},{"id":13506,"n":"Gâteau Creusois NRT Noisettes - 350g","p":4.49,"u":"12,83 €/KG","img":"https://fd3-photos.leclercdrive.fr/image.ashx?id=2622302&use=l&cat=p&typeid=i","cat":293600},{"id":13532,"n":"Purée pomme de terre Pom'lisse Saveur d'antan - 4x125g - 500g","p":2.49,"u":"4,98 €/KG","img":"https://fd3-photos.leclercdrive.fr/image.ashx?id=2965734&use=l&cat=p&typeid=i","cat":284431},{"id":13559,"n":"Thé breakfast Britley 50 sachets - 100g","p":1.22,"u":"12,20 €/KG","img":"https://fd3-photos.leclercdrive.fr/image.ashx?id=1075170&use=l&cat=p&typeid=i","cat":293233},{"id":13583,"n":"Fromage L'Ortolan Léger Fromagerie Milleret -  250g","p":3.06,"u":"12,24 €/KG","img":"https://fd3-photos.leclercdrive.fr/image.ashx?id=2450916&use=l&cat=p&typeid=i","cat":314036},{"id":13585,"n":"Fleur de sel de l'Ile de Ré NRT 125g","p":2.49,"u":"19,92 €/KG","img":"https://fd3-photos.leclercdrive.fr/image.ashx?id=2644915&use=l&cat=p&typeid=i","cat":284457},{"id":13589,"n":"Fromage Brillat Savarin NRT  IGP - 200g","p":3.39,"u":"16,95 €/KG","img":"https://fd3-photos.leclercdrive.fr/image.ashx?id=2771064&use=l&cat=p&typeid=i","cat":329558},{"id":13590,"n":"Profiteroles Trofic Crème glacée vanille 280g","p":3.7,"u":"13,21 €/KG","img":"https://fd3-photos.leclercdrive.fr/image.ashx?id=3007037&use=l&cat=p&typeid=i","cat":284267},{"id":13604,"n":"Poissons panés au fromage Pêche Océan MSC - 180g","p":1.89,"u":"10,50 €/KG","img":"https://fd3-photos.leclercdrive.fr/image.ashx?id=2953608&use=l&cat=p&typeid=i","cat":284344},{"id":13609,"n":"Bière du Nord NRT Ambrée - 7° - 6x25cl","p":4.84,"u":"3,23 €/L","img":"https://fd3-photos.leclercdrive.fr/image.ashx?id=2663842&use=l&cat=p&typeid=i","cat":334872},{"id":13639,"n":"Nougat tendre de Montélimar NRT  sachet 200g","p":3.49,"u":"17,45 €/KG","img":"https://fd3-photos.leclercdrive.fr/image.ashx?id=1072714&use=l&cat=p&typeid=i","cat":304249},{"id":13643,"n":"Biscuits nappés Bio Village Bio Chocolat au lait 200g","p":2.43,"u":"12,15 €/KG","img":"https://fd3-photos.leclercdrive.fr/image.ashx?id=1937516&use=l&cat=p&typeid=i","cat":284488},{"id":13646,"n":"Rochers Equador Chocolat noir x7 245g","p":2.49,"u":"10,16 €/KG","img":"https://fd3-photos.leclercdrive.fr/image.ashx?id=2842483&use=l&cat=p&typeid=i","cat":327600},{"id":13647,"n":"Rochers Equador Chocolat au lait x7 - 245g","p":2.45,"u":"10,00 €/KG","img":"https://fd3-photos.leclercdrive.fr/image.ashx?id=2842480&use=l&cat=p&typeid=i","cat":327600},{"id":13648,"n":"Biscuit Croc Break P'tit Déli Lait et goût chocolat - 300g","p":1.24,"u":"4,13 €/KG","img":"https://fd3-photos.leclercdrive.fr/image.ashx?id=1993182&use=l&cat=p&typeid=i","cat":284488},{"id":13649,"n":"Pansement Primoplast Cicatrisant hydrocolloïde x8","p":5.95,"img":"https://fd3-photos.leclercdrive.fr/image.ashx?id=2856480&use=l&cat=p&typeid=i","cat":284630},{"id":13650,"n":"Gel à l'arnica Primoplast 50g","p":1.62,"u":"32,40 €/KG","img":"https://fd3-photos.leclercdrive.fr/image.ashx?id=2856477&use=l&cat=p&typeid=i","cat":284630},{"id":13663,"n":"Mini-crêpes fourrées Tokapi  Comté - 65g","p":1.96,"u":"30,15 €/KG","img":"https://fd3-photos.leclercdrive.fr/image.ashx?id=2853892&use=l&cat=p&typeid=i","cat":297000},{"id":13678,"n":"Croûtons salade Epi d'Or Ail et fines herbes - 60g","p":0.6,"u":"10,00 €/KG","img":"https://fd3-photos.leclercdrive.fr/image.ashx?id=2606040&use=l&cat=p&typeid=i","cat":284464},{"id":13679,"n":"Croûtons salade Epi d'Or Nature - 60g","p":0.6,"u":"10,00 €/KG","img":"https://fd3-photos.leclercdrive.fr/image.ashx?id=2607909&use=l&cat=p&typeid=i","cat":284464},{"id":13681,"n":"Pâté pur porc Côtés Table 2 Foie 1 campagne - 3x78g","p":1.9,"u":"8,12 €/KG","img":"https://fd3-photos.leclercdrive.fr/image.ashx?id=2518505&use=l&cat=p&typeid=i","cat":305149},{"id":13682,"n":"Pâté de campagne Côté Table Pur porc - 3x78g","p":1.85,"u":"7,91 €/KG","img":"https://fd3-photos.leclercdrive.fr/image.ashx?id=2478763&use=l&cat=p&typeid=i","cat":305149},{"id":13684,"n":"Bouillon de légumes Rustica Cubes - 12x10g","p":0.67,"u":"5,58 €/KG","img":"https://fd3-photos.leclercdrive.fr/image.ashx?id=1753198&use=l&cat=p&typeid=i","cat":288379},{"id":13685,"n":"Bouillon de volaille Rustica Cubes - 12x10g","p":0.8,"u":"6,67 €/KG","img":"https://fd3-photos.leclercdrive.fr/image.ashx?id=1880027&use=l&cat=p&typeid=i","cat":288379},{"id":13686,"n":"Bouillon Pot au feu Rustica Cubes - 12x10g","p":1.39,"u":"11,58 €/KG","img":"https://fd3-photos.leclercdrive.fr/image.ashx?id=1880024&use=l&cat=p&typeid=i","cat":288379},{"id":13693,"n":"Gaufrettes fourrées Tokapi Chèvre et poivre - 75g","p":1.29,"u":"17,20 €/KG","img":"https://fd3-photos.leclercdrive.fr/image.ashx?id=2067944&use=l&cat=p&typeid=i","cat":297000},{"id":13694,"n":"Riz long Comptoir du Grain 500g","p":1.47,"u":"2,94 €/KG","img":"https://fd3-photos.leclercdrive.fr/image.ashx?id=2886534&use=l&cat=p&typeid=i","cat":284428},{"id":13696,"n":"Soufflés Snack's Tokapi Cacahuète - 90g","p":0.47,"u":"5,22 €/KG","img":"https://fd3-photos.leclercdrive.fr/image.ashx?id=2677026&use=l&cat=p&typeid=i","cat":284449},{"id":13698,"n":"Légumes couscous Notre Jardin 400g","p":1.43,"u":"3,58 €/KG","img":"https://fd3-photos.leclercdrive.fr/image.ashx?id=2854216&use=l&cat=p&typeid=i","cat":312612},{"id":13701,"n":"Riz Thaï Comptoir du Grain Sélection Riz long - 500g","p":1.79,"u":"3,58 €/KG","img":"https://fd3-photos.leclercdrive.fr/image.ashx?id=2565610&use=l&cat=p&typeid=i","cat":284428},{"id":13703,"n":"Petits pois Notre Jardin A l'étuvée - Très fins - 560g","p":1.29,"u":"2,30 €/KG","img":"https://fd3-photos.leclercdrive.fr/image.ashx?id=2691018&use=l&cat=p&typeid=i","cat":312607},{"id":13706,"n":"Gel wc antibactérien Domestos Javel - Fraîcheur Alpine - 1L","p":1.84,"u":"1,84 €/L","img":"https://fd3-photos.leclercdrive.fr/image.ashx?id=2616306&use=l&cat=p&typeid=i","cat":284662},{"id":13711,"n":"Croquettes chat Ultima Stérilisé - Poulet - 1.5kg","p":6.31,"u":"4,21 €/KG","img":"https://fd3-photos.leclercdrive.fr/image.ashx?id=2886385&use=l&cat=p&typeid=i","cat":284680},{"id":13715,"n":"Croquettes chat Purina One Stérilisé - Boeuf/Blé-1.5kg","p":6.9,"u":"4,60 €/KG","img":"https://fd3-photos.leclercdrive.fr/image.ashx?id=2488040&use=l&cat=p&typeid=i","cat":284680},{"id":13719,"n":"Croquettes chat Purina One Adulte - Poulet/Céréales -1.5kg","p":6.48,"u":"4,32 €/KG","img":"https://fd3-photos.leclercdrive.fr/image.ashx?id=2537682&use=l&cat=p&typeid=i","cat":284680},{"id":13722,"n":"Croquettes chat Ultima Stérilisé - Saumon - 1.5kg","p":6.29,"u":"4,19 €/KG","img":"https://fd3-photos.leclercdrive.fr/image.ashx?id=2921897&use=l&cat=p&typeid=i","cat":284680},{"id":13731,"n":"Barquettes chats Gourmet Gold Les mousselines - 12x85g","p":5.49,"u":"5,38 €/KG","img":"https://fd3-photos.leclercdrive.fr/image.ashx?id=2967046&use=l&cat=p&typeid=i","cat":285286},{"id":13733,"n":"Barquettes chats Gourmet Gold Les terrines - 12x85g","p":5.67,"u":"5,56 €/KG","img":"https://fd3-photos.leclercdrive.fr/image.ashx?id=2979069&use=l&cat=p&typeid=i","cat":285286},{"id":13742,"n":"Tablette chocolat Côte d'Or Truffé noir - 190g","p":3.67,"u":"19,32 €/KG","img":"https://fd3-photos.leclercdrive.fr/image.ashx?id=2938932&use=l&cat=p&typeid=i","cat":284956},{"id":13770,"n":"Croissants surgelés Epi d'Or Cuisson four - 6x60g","p":2.58,"u":"7,17 €/KG","img":"https://fd3-photos.leclercdrive.fr/image.ashx?id=2900088&use=l&cat=p&typeid=i","cat":284267},{"id":13776,"n":"Mouchoirs blancs 3 plis Caresse Boîte - x110","p":1.35,"u":"0,01 €/P","img":"https://fd3-photos.leclercdrive.fr/image.ashx?id=2858784&use=l&cat=p&typeid=i","cat":284638},{"id":13777,"n":"Lingettes bébé Eco+ Epaisses - x72","p":0.72,"u":"0,01 €/P","img":"https://fd3-photos.leclercdrive.fr/image.ashx?id=2874672&use=l&cat=p&typeid=i","cat":284738},{"id":13782,"n":"Déodorant Manava anti-traces 200ml","p":1.29,"u":"6,45 €/L","img":"https://fd3-photos.leclercdrive.fr/image.ashx?id=2692952&use=l&cat=p&typeid=i","cat":284595},{"id":13784,"n":"Gel douche et shampooing Carré Homme Energisante - 250ml","p":1.15,"u":"4,60 €/L","img":"https://fd3-photos.leclercdrive.fr/image.ashx?id=2927845&use=l&cat=p&typeid=i","cat":284619},{"id":13785,"n":"Shampooing Vitanove Réparateur - 250ml","p":1.45,"u":"5,80 €/L","img":"https://fd3-photos.leclercdrive.fr/image.ashx?id=1879257&use=l&cat=p&typeid=i","cat":284606},{"id":13786,"n":"Shampooing Vitanove Equilibrant - 250ml","p":1.79,"u":"7,16 €/L","img":"https://fd3-photos.leclercdrive.fr/image.ashx?id=1913165&use=l&cat=p&typeid=i","cat":284606},{"id":13787,"n":"Shampooing Vitanove Extra Color - 250ml","p":1.56,"u":"6,24 €/L","img":"https://fd3-photos.leclercdrive.fr/image.ashx?id=1889779&use=l&cat=p&typeid=i","cat":284606},{"id":13788,"n":"Après-shampooing Vitanove Extra color - 200ml","p":1.38,"u":"6,90 €/L","img":"https://fd3-photos.leclercdrive.fr/image.ashx?id=2618302&use=l&cat=p&typeid=i","cat":284607},{"id":13789,"n":"Shampooing Vitanove Lissant - 250ml","p":1.79,"u":"7,16 €/L","img":"https://fd3-photos.leclercdrive.fr/image.ashx?id=1907456&use=l&cat=p&typeid=i","cat":284606},{"id":13790,"n":"Après-shampooing Vitanove Lissant - 200ml","p":1.49,"u":"7,45 €/L","img":"https://fd3-photos.leclercdrive.fr/image.ashx?id=2618314&use=l&cat=p&typeid=i","cat":284607},{"id":13811,"n":"Nettoyant visage Argile Garnier Peaux à imperfections - 150ml","p":4.06,"u":"27,07 €/L","img":"https://fd3-photos.leclercdrive.fr/image.ashx?id=2867548&use=l&cat=p&typeid=i","cat":284603},{"id":13975,"n":"Salade Notre Jardin Mâche - 200g","p":1.52,"u":"7,60 €/KG","img":"https://fd3-photos.leclercdrive.fr/image.ashx?id=2662583&use=l&cat=p&typeid=i","cat":284353},{"id":13987,"n":"Bande cohésive Primoplast 2.5m x 6cm","p":2.75,"img":"https://fd3-photos.leclercdrive.fr/image.ashx?id=2856438&use=l&cat=p&typeid=i","cat":284630},{"id":13992,"n":"Recharge savon mains Manava Gel lavande - 250ml","p":0.69,"u":"2,76 €/L","img":"https://fd3-photos.leclercdrive.fr/image.ashx?id=2935477&use=l&cat=p&typeid=i","cat":284597},{"id":13995,"n":"Bandes extensibles Primoplast 4mx6cm - x2","p":1.29,"img":"https://fd3-photos.leclercdrive.fr/image.ashx?id=2856444&use=l&cat=p&typeid=i","cat":284630},{"id":13998,"n":"Pâte feuilletée Eco+ A dérouler - 230g","p":0.53,"u":"2,30 €/KG","img":"https://fd3-photos.leclercdrive.fr/image.ashx?id=2794178&use=l&cat=p&typeid=i","cat":333681},{"id":14007,"n":"Jambon de Bayonne IGP NRT 4 Grandes Tranches - 120g","p":3.63,"u":"30,25 €/KG","img":"https://fd3-photos.leclercdrive.fr/image.ashx?id=2670428&use=l&cat=p&typeid=i","cat":316007},{"id":14018,"n":"Chocolat Pâtissier Tablette dOr Noir corsé - 64% cacao - 200g","p":2.09,"u":"10,45 €/KG","img":"https://fd3-photos.leclercdrive.fr/image.ashx?id=2602349&use=l&cat=p&typeid=i","cat":285562},{"id":14023,"n":"Rasoir Carré Homme 3 lames - x1","p":3.99,"img":"https://fd3-photos.leclercdrive.fr/image.ashx?id=2704621&use=l&cat=p&typeid=i","cat":284616},{"id":14027,"n":"Lingettes Hygiène intime Doulys x20","p":1.8,"img":"https://fd3-photos.leclercdrive.fr/image.ashx?id=2999718&use=l&cat=p&typeid=i","cat":284627},{"id":14033,"n":"Crochets anti-mites Insectivor Cèdre 2x3ml","p":1.99,"u":"331,67 €/L","img":"https://fd3-photos.leclercdrive.fr/image.ashx?id=2849575&use=l&cat=p&typeid=i","cat":298368},{"id":14038,"n":"Cassoulet au confit canard NRT - 420g","p":2.75,"u":"6,55 €/KG","img":"https://fd3-photos.leclercdrive.fr/image.ashx?id=2791413&use=l&cat=p&typeid=i","cat":284440},{"id":14051,"n":"Confiture extra bio Bio Village Myrtilles - 370g","p":2.29,"u":"6,19 €/KG","img":"https://fd3-photos.leclercdrive.fr/image.ashx?id=2965620&use=l&cat=p&typeid=i","cat":284480},{"id":14058,"n":"Confiture rhubarbe NRT Des Hauts-de-France - 315g","p":2.85,"u":"9,05 €/KG","img":"https://fd3-photos.leclercdrive.fr/image.ashx?id=779340&use=l&cat=p&typeid=i","cat":284480},{"id":14061,"n":"Confiture poires williams NRT De la Valée du Rhône - 315g","p":2.83,"u":"8,98 €/KG","img":"https://fd3-photos.leclercdrive.fr/image.ashx?id=2699792&use=l&cat=p&typeid=i","cat":284480},{"id":14062,"n":"Préparation framboises NRT Du Massif Central - 315g","p":4.02,"u":"12,76 €/KG","img":"https://fd3-photos.leclercdrive.fr/image.ashx?id=2518526&use=l&cat=p&typeid=i","cat":284480},{"id":14063,"n":"Préparation NRT Agrumes de Corse - 315g","p":2.82,"u":"8,95 €/KG","img":"https://fd3-photos.leclercdrive.fr/image.ashx?id=2460646&use=l&cat=p&typeid=i","cat":284480},{"id":14064,"n":"Préparation NRT Abricots d'Occitanie - 315g","p":2.87,"u":"9,11 €/KG","img":"https://fd3-photos.leclercdrive.fr/image.ashx?id=2590466&use=l&cat=p&typeid=i","cat":284480},{"id":14075,"n":"Lait de coco Tables du monde 400ml","p":1.52,"u":"3,80 €/L","img":"https://fd3-photos.leclercdrive.fr/image.ashx?id=1960758&use=l&cat=p&typeid=i","cat":288992},{"id":14080,"n":"Chair de tomate Notre Jardin Basilic - 400g","p":2.9,"u":"7,25 €/KG","img":"https://fd3-photos.leclercdrive.fr/image.ashx?id=2603692&use=l&cat=p&typeid=i","cat":312608},{"id":14081,"n":"Ratatouille Bio Village Bio A la provençale - 650g","p":2.35,"u":"3,62 €/KG","img":"https://fd3-photos.leclercdrive.fr/image.ashx?id=2762513&use=l&cat=p&typeid=i","cat":312612},{"id":14082,"n":"Miel de fleurs bio Bio Village 500g","p":4.99,"u":"9,98 €/KG","img":"https://fd3-photos.leclercdrive.fr/image.ashx?id=2348265&use=l&cat=p&typeid=i","cat":287643},{"id":14084,"n":"Confiture bio Bio Village Oranges - 370g","p":2.26,"u":"6,11 €/KG","img":"https://fd3-photos.leclercdrive.fr/image.ashx?id=2965623&use=l&cat=p&typeid=i","cat":284480},{"id":14087,"n":"Quenelles de veau Coté Table Sauce financière 400g","p":1.85,"u":"4,63 €/KG","img":"https://fd3-photos.leclercdrive.fr/image.ashx?id=2977864&use=l&cat=p&typeid=i","cat":284441},{"id":14088,"n":"Garnit bouchée reine Coté Table 400g","p":1.79,"u":"4,48 €/KG","img":"https://fd3-photos.leclercdrive.fr/image.ashx?id=2977150&use=l&cat=p&typeid=i","cat":284441},{"id":14091,"n":"Miel d'Acacia Nid d'abeille 375g","p":4.33,"u":"11,55 €/KG","img":"https://fd3-photos.leclercdrive.fr/image.ashx?id=2635901&use=l&cat=p&typeid=i","cat":287643},{"id":14094,"n":"Confiture pêches de vigne NRT De la Valée du Rhône - 315g","p":3.03,"u":"9,62 €/KG","img":"https://fd3-photos.leclercdrive.fr/image.ashx?id=2657286&use=l&cat=p&typeid=i","cat":284480},{"id":14099,"n":"Spray nettoyant Eco+ avec Javel 750ml","p":0.87,"u":"1,16 €/L","img":"https://fd3-photos.leclercdrive.fr/image.ashx?id=2837003&use=l&cat=p&typeid=i","cat":325357},{"id":14100,"n":"Quatre-quarts breton NRT 400g","p":3.99,"u":"9,98 €/KG","img":"https://fd3-photos.leclercdrive.fr/image.ashx?id=2663827&use=l&cat=p&typeid=i","cat":294776},{"id":14107,"n":"Tielles sétoises NRT x2 - 220g","p":2.93,"u":"13,32 €/KG","img":"https://fd3-photos.leclercdrive.fr/image.ashx?id=2663830&use=l&cat=p&typeid=i","cat":285340},{"id":14111,"n":"Houmous Tables du Monde 200g","p":1.43,"u":"7,15 €/KG","img":"https://fd3-photos.leclercdrive.fr/image.ashx?id=2872258&use=l&cat=p&typeid=i","cat":315999},{"id":14113,"n":"Rasoirs jetables Siliss 2 lames - x10","p":1.19,"u":"0,12 €/P","img":"https://fd3-photos.leclercdrive.fr/image.ashx?id=2873546&use=l&cat=p&typeid=i","cat":325352},{"id":14114,"n":"Brosse à dents Dentamyl Médium x4","p":0.99,"u":"0,25 €/P","img":"https://fd3-photos.leclercdrive.fr/image.ashx?id=2790922&use=l&cat=p&typeid=i","cat":284614},{"id":14118,"n":"Carottes râpées Eco+ Assaisonnées - 500g","p":0.84,"u":"1,68 €/KG","img":"https://fd3-photos.leclercdrive.fr/image.ashx?id=2850805&use=l&cat=p&typeid=i","cat":333657},{"id":14124,"n":"Rosette pur porc Eco+ 12 tranches - 150g","p":1.24,"u":"8,27 €/KG","img":"https://fd3-photos.leclercdrive.fr/image.ashx?id=2728222&use=l&cat=p&typeid=i","cat":316007},{"id":14125,"n":"Pâté croûte Franche-Comté NRT x2 - 200g","p":3.29,"u":"16,45 €/KG","img":"https://fd3-photos.leclercdrive.fr/image.ashx?id=2670434&use=l&cat=p&typeid=i","cat":316003},{"id":14131,"n":"Désodorisant Visior Lave-vaisselle Citron - x2","p":1.29,"u":"0,65 €/P","img":"https://fd3-photos.leclercdrive.fr/image.ashx?id=2951119&use=l&cat=p&typeid=i","cat":284657},{"id":14132,"n":"Bloc wc javel Syphon 2x40g","p":1.46,"u":"18,25 €/KG","img":"https://fd3-photos.leclercdrive.fr/image.ashx?id=2302540&use=l&cat=p&typeid=i","cat":284662},{"id":14135,"n":"Brosse à dents Eco+ Médium x2","p":0.23,"u":"0,12 €/P","img":"https://fd3-photos.leclercdrive.fr/image.ashx?id=2783783&use=l&cat=p&typeid=i","cat":284614},{"id":14138,"n":"Lingettes dépoussiérantes Eco+ x40","p":1.76,"u":"0,04 €/P","img":"https://fd3-photos.leclercdrive.fr/image.ashx?id=2805972&use=l&cat=p&typeid=i","cat":325364},{"id":14140,"n":"Savon extra-doux Manava Douceur d'amande 6x100g","p":3.16,"u":"5,27 €/KG","img":"https://fd3-photos.leclercdrive.fr/image.ashx?id=2331312&use=l&cat=p&typeid=i","cat":284597},{"id":14143,"n":"Diffuseur électrique Insectivor Anti-moustiques + recharge 35ml","p":4.65,"img":"https://fd3-photos.leclercdrive.fr/image.ashx?id=2717102&use=l&cat=p&typeid=i","cat":298368},{"id":14144,"n":"Lingettes bébé Mots d'Enfants Débarbouillantes - x40","p":1.47,"u":"0,04 €/P","img":"https://fd3-photos.leclercdrive.fr/image.ashx?id=2856471&use=l&cat=p&typeid=i","cat":284738},{"id":14150,"n":"Nettoyant sol carrelés Clair Savon huile de lin 1L","p":2.15,"u":"2,15 €/L","img":"https://fd3-photos.leclercdrive.fr/image.ashx?id=2822102&use=l&cat=p&typeid=i","cat":284907},{"id":14153,"n":"Bonbons Eco+ Menthe Eucalyptus - 240g","p":1.01,"u":"4,21 €/KG","img":"https://fd3-photos.leclercdrive.fr/image.ashx?id=2699090&use=l&cat=p&typeid=i","cat":304252},{"id":14154,"n":"Bonbons gélifiés Eco+ Frites - 200g","p":1.11,"u":"5,55 €/KG","img":"https://fd3-photos.leclercdrive.fr/image.ashx?id=2774066&use=l&cat=p&typeid=i","cat":304250},{"id":14158,"n":"Fromage Mystère du Prieuré Lait pasteurisé - 340g","p":2.65,"u":"7,79 €/KG","img":"https://fd3-photos.leclercdrive.fr/image.ashx?id=2900085&use=l&cat=p&typeid=i","cat":329184},{"id":14159,"n":"Bonbons gélifiés Eco+ Goût cola - 200g","p":0.95,"u":"4,75 €/KG","img":"https://fd3-photos.leclercdrive.fr/image.ashx?id=2717099&use=l&cat=p&typeid=i","cat":304250},{"id":14163,"n":"Crème nettoyante Clair 3en1 - Fraicheur - 750ml","p":1.28,"u":"1,71 €/L","img":"https://fd3-photos.leclercdrive.fr/image.ashx?id=2358324&use=l&cat=p&typeid=i","cat":325357},{"id":14164,"n":"Roquefort AOP Eco+ Lait cru brebis 150g","p":2.16,"u":"14,40 €/KG","img":"https://fd3-photos.leclercdrive.fr/image.ashx?id=2712858&use=l&cat=p&typeid=i","cat":314032},{"id":14167,"n":"Brosse à dents Dentamyl Extra souple x1","p":0.85,"img":"https://fd3-photos.leclercdrive.fr/image.ashx?id=2790925&use=l&cat=p&typeid=i","cat":284614},{"id":14168,"n":"Dentifrice Dentamyl Protection gencives 75ml","p":0.92,"u":"12,27 €/L","img":"https://fd3-photos.leclercdrive.fr/image.ashx?id=2489092&use=l&cat=p&typeid=i","cat":284612},{"id":14170,"n":"Nettoyant lave-vaisselle Visior 250ml","p":2.65,"u":"10,60 €/L","img":"https://fd3-photos.leclercdrive.fr/image.ashx?id=2946451&use=l&cat=p&typeid=i","cat":284657},{"id":14187,"n":"Masque réparateur Vitanove Secs abîmés cassants 300ml","p":2.64,"u":"8,80 €/L","img":"https://fd3-photos.leclercdrive.fr/image.ashx?id=2856275&use=l&cat=p&typeid=i","cat":284608},{"id":14190,"n":"Savon mains en crème Manava nourrissante à l'amande - 300ml","p":0.9,"u":"3,00 €/L","img":"https://fd3-photos.leclercdrive.fr/image.ashx?id=2935471&use=l&cat=p&typeid=i","cat":284597},{"id":14193,"n":"Masque capillaire Vitanove Extra color 300ml","p":2.69,"u":"8,97 €/L","img":"https://fd3-photos.leclercdrive.fr/image.ashx?id=2149095&use=l&cat=p&typeid=i","cat":284608},{"id":14195,"n":"Bande à découper Primoplast Peaux sensibles - 10x6cm","p":0.89,"img":"https://fd3-photos.leclercdrive.fr/image.ashx?id=2856417&use=l&cat=p&typeid=i","cat":284630},{"id":14196,"n":"Après-shampooing Vitanove Réparateur - 200ml","p":1.43,"u":"7,15 €/L","img":"https://fd3-photos.leclercdrive.fr/image.ashx?id=2618311&use=l&cat=p&typeid=i","cat":284607},{"id":14211,"n":"Lotion après-rasage Carré Homme Boisée tonifiant 100ml","p":2.61,"u":"26,10 €/L","img":"https://fd3-photos.leclercdrive.fr/image.ashx?id=2854222&use=l&cat=p&typeid=i","cat":288147},{"id":14212,"n":"Lotion après-rasage Carré Homme Marine tonifiant 100ml","p":2.61,"u":"26,10 €/L","img":"https://fd3-photos.leclercdrive.fr/image.ashx?id=2854219&use=l&cat=p&typeid=i","cat":288147},{"id":14217,"n":"Crème pieds Primoplast Nutri-réparatrice - 75ml","p":1.49,"u":"19,87 €/L","img":"https://fd3-photos.leclercdrive.fr/image.ashx?id=2832930&use=l&cat=p&typeid=i","cat":325354},{"id":14218,"n":"Dentifrice enfant Dentamyl Bubble gum - 3 à 6 ans - 50ml","p":0.89,"u":"17,80 €/L","img":"https://fd3-photos.leclercdrive.fr/image.ashx?id=2075185&use=l&cat=p&typeid=i","cat":288898},{"id":14219,"n":"Dentifrice enfant Dentamyl Menthe - 7 à 13 ans - 75ml","p":0.74,"u":"9,87 €/L","img":"https://fd3-photos.leclercdrive.fr/image.ashx?id=2489113&use=l&cat=p&typeid=i","cat":288898},{"id":14220,"n":"Shampooing Vitanove Volumateur - 250ml","p":1.79,"u":"7,16 €/L","img":"https://fd3-photos.leclercdrive.fr/image.ashx?id=1909519&use=l&cat=p&typeid=i","cat":284606},{"id":14222,"n":"Lait de toilette Mots d'Enfants Bébé peaux délicates - 250ml","p":1.95,"u":"7,80 €/L","img":"https://fd3-photos.leclercdrive.fr/image.ashx?id=3015024&use=l&cat=p&typeid=i","cat":284741},{"id":14223,"n":"Dépoussiérant meubles Clair Multi-surfaces 300ml","p":1.03,"u":"3,43 €/L","img":"https://fd3-photos.leclercdrive.fr/image.ashx?id=2531098&use=l&cat=p&typeid=i","cat":325364},{"id":14224,"n":"Gel wc Syphon surpuissant 750ml","p":1.07,"u":"1,43 €/L","img":"https://fd3-photos.leclercdrive.fr/image.ashx?id=2558790&use=l&cat=p&typeid=i","cat":284662},{"id":14235,"n":"Change complet Chorys Taille M - x20","p":9.94,"u":"0,50 €/P","img":"https://fd3-photos.leclercdrive.fr/image.ashx?id=2576721&use=l&cat=p&typeid=i","cat":284628},{"id":14236,"n":"Jambon cru Eco+ 8 tranches - 150g","p":1.77,"u":"11,80 €/KG","img":"https://fd3-photos.leclercdrive.fr/image.ashx?id=2917638&use=l&cat=p&typeid=i","cat":316007},{"id":14243,"n":"Pain de mie nature Epi d'Or Grandes tranches - 825g","p":1.61,"u":"1,95 €/KG","img":"https://fd3-photos.leclercdrive.fr/image.ashx?id=2860724&use=l&cat=p&typeid=i","cat":284477},{"id":14258,"n":"Ravioles de la Drôme NRT Chèvre - 240g","p":3.39,"u":"14,13 €/KG","img":"https://fd3-photos.leclercdrive.fr/image.ashx?id=2704900&use=l&cat=p&typeid=i","cat":333682},{"id":14271,"n":"Crème de marrons NRT De l'Ardèche - 325g","p":3.03,"u":"9,32 €/KG","img":"https://fd3-photos.leclercdrive.fr/image.ashx?id=1173619&use=l&cat=p&typeid=i","cat":284481},{"id":14276,"n":"Cassoulet au confit canard NRT - 840g","p":4.99,"u":"5,94 €/KG","img":"https://fd3-photos.leclercdrive.fr/image.ashx?id=2791410&use=l&cat=p&typeid=i","cat":284440},{"id":14280,"n":"Bûche Sainte Maure Touraine NRT AOP - Fromage de chèvre - 250g","p":5.07,"u":"20,28 €/KG","img":"https://fd3-photos.leclercdrive.fr/image.ashx?id=2919673&use=l&cat=p&typeid=i","cat":314031},{"id":14282,"n":"Préparation citrons NRT De Corse -  315g","p":2.69,"u":"8,54 €/KG","img":"https://fd3-photos.leclercdrive.fr/image.ashx?id=2699810&use=l&cat=p&typeid=i","cat":284480},{"id":14283,"n":"Foie gras canard IGP Sud-Ouest NRT Entier- 180g","p":13.99,"u":"77,72 €/KG","img":"https://fd3-photos.leclercdrive.fr/image.ashx?id=2991494&use=l&cat=p&typeid=i","cat":305148},{"id":14285,"n":"Fromage Emmental Eco+ Râpé - 200g","p":1.5,"u":"7,50 €/KG","img":"https://fd3-photos.leclercdrive.fr/image.ashx?id=2942166&use=l&cat=p&typeid=i","cat":314035},{"id":14292,"n":"Eau aromatisée Volvic Zest  Citron - 1,5L","p":1.07,"u":"0,71 €/L","img":"https://fd3-photos.leclercdrive.fr/image.ashx?id=2730253&use=l&cat=p&typeid=i","cat":284537},{"id":14293,"n":"Eau aromatisée Volvic Zest Citron - 6x50cl","p":3.28,"u":"1,09 €/L","img":"https://fd3-photos.leclercdrive.fr/image.ashx?id=2730256&use=l&cat=p&typeid=i","cat":284537},{"id":14311,"n":"IGT Lambrusco vin italien Vilaveroni Secco rouge - 75cl","p":3.8,"u":"5,07 €/L","img":"https://fd3-photos.leclercdrive.fr/image.ashx?id=2333018&use=l&cat=p&typeid=i","cat":289556},{"id":14316,"n":"Lasagnes saumon Côté Table 1kg","p":7.26,"u":"7,26 €/KG","img":"https://fd3-photos.leclercdrive.fr/image.ashx?id=2790928&use=l&cat=p&typeid=i","cat":284254},{"id":14327,"n":"Poêlée Côté Table Franc-Comtoise - 900g","p":4.19,"u":"4,66 €/KG","img":"https://fd3-photos.leclercdrive.fr/image.ashx?id=2048440&use=l&cat=p&typeid=i","cat":319823},{"id":14328,"n":"Hachis parmentier Côté Table 300g","p":2.56,"u":"8,53 €/KG","img":"https://fd3-photos.leclercdrive.fr/image.ashx?id=2718802&use=l&cat=p&typeid=i","cat":284254},{"id":14330,"n":"Poêlée de légumes Notre Jardin Légumes grillés - 750g","p":3.11,"u":"4,15 €/KG","img":"https://fd3-photos.leclercdrive.fr/image.ashx?id=2771369&use=l&cat=p&typeid=i","cat":319823},{"id":14334,"n":"Ratatouille Notre Jardin Cuisinée 750g","p":2.85,"u":"3,80 €/KG","img":"https://fd3-photos.leclercdrive.fr/image.ashx?id=2873129&use=l&cat=p&typeid=i","cat":319823},{"id":14336,"n":"Pavé saumon Pêche Océan ASC Atlantique -  500g","p":11.19,"u":"22,38 €/KG","img":"https://fd3-photos.leclercdrive.fr/image.ashx?id=2930114&use=l&cat=p&typeid=i","cat":319786},{"id":14344,"n":"Pain de mie Nature Harrys Longue conservation - 550g","p":2.07,"u":"3,76 €/KG","img":"https://fd3-photos.leclercdrive.fr/image.ashx?id=2518109&use=l&cat=p&typeid=i","cat":284477},{"id":14349,"n":"Biscuits Truffine Equador  Meringue crème cacao - 100g","p":2.97,"u":"29,70 €/KG","img":"https://fd3-photos.leclercdrive.fr/image.ashx?id=2597618&use=l&cat=p&typeid=i","cat":284490},{"id":14352,"n":"Savon Manava  Karité - 2x100g","p":1.39,"u":"6,95 €/KG","img":"https://fd3-photos.leclercdrive.fr/image.ashx?id=2455371&use=l&cat=p&typeid=i","cat":284597},{"id":14358,"n":"Spécialité au soja Nat & Vie Fruits rouges - 4x100g","p":1.29,"u":"3,23 €/KG","img":"https://fd3-photos.leclercdrive.fr/image.ashx?id=2901440&use=l&cat=p&typeid=i","cat":316071},{"id":14359,"n":"Change complet Chorys Taille L - x20","p":10.7,"u":"0,54 €/P","img":"https://fd3-photos.leclercdrive.fr/image.ashx?id=2699435&use=l&cat=p&typeid=i","cat":284628},{"id":14360,"n":"Yaourts à boire Délisse Petits Délis fruits - 8x100g","p":3.2,"u":"4,00 €/KG","img":"https://fd3-photos.leclercdrive.fr/image.ashx?id=2754886&use=l&cat=p&typeid=i","cat":284415},{"id":14371,"n":"Mousse à la crème Duodélisse Nature - 4x100g","p":1.49,"u":"3,73 €/KG","img":"https://fd3-photos.leclercdrive.fr/image.ashx?id=2387334&use=l&cat=p&typeid=i","cat":284409},{"id":14376,"n":"Dés de fromage Les Croisés Ail et fines herbes - 120g","p":1.54,"u":"12,83 €/KG","img":"https://fd3-photos.leclercdrive.fr/image.ashx?id=2741616&use=l&cat=p&typeid=i","cat":314027},{"id":14381,"n":"Palets bretons NRT 100g","p":1.83,"u":"18,30 €/KG","img":"https://fd3-photos.leclercdrive.fr/image.ashx?id=2622299&use=l&cat=p&typeid=i","cat":284487},{"id":14383,"n":"Blocs WC Syphon Activ' Effect  Lavande - x3","p":1.09,"u":"0,36 €/P","img":"https://fd3-photos.leclercdrive.fr/image.ashx?id=2320710&use=l&cat=p&typeid=i","cat":284662},{"id":14389,"n":"Abricots Maitre Prunille Moelleux - 250g","p":4.78,"u":"19,12 €/KG","img":"https://fd3-photos.leclercdrive.fr/image.ashx?id=1747031&use=l&cat=p&typeid=i","cat":284357},{"id":14427,"n":"Pastis Ricard Anisé 45% vol - 70cl","p":16.81,"u":"24,01 €/L","img":"https://fd3-photos.leclercdrive.fr/image.ashx?id=2976776&use=l&cat=p&typeid=i","cat":284548},{"id":14428,"n":"Whisky Clan Campbell Blended Scotch 40% vol - 1L","p":19.75,"u":"19,75 €/L","img":"https://fd3-photos.leclercdrive.fr/image.ashx?id=2868921&use=l&cat=p&typeid=i","cat":284547},{"id":14434,"n":"Pastis de Marseille Vivalis 45%vol - 70cl","p":12.88,"u":"18,40 €/L","img":"https://fd3-photos.leclercdrive.fr/image.ashx?id=2805024&use=l&cat=p&typeid=i","cat":284548},{"id":14440,"n":"Bière blonde Desquiles Canette - 5.9%vol. - 50cl","p":1.35,"u":"2,70 €/L","img":"https://fd3-photos.leclercdrive.fr/image.ashx?id=2646991&use=l&cat=p&typeid=i","cat":334853},{"id":14441,"n":"Eau minérale naturelle Evian  6x1l","p":2.94,"u":"0,49 €/L","img":"https://fd3-photos.leclercdrive.fr/image.ashx?id=2969019&use=l&cat=p&typeid=i","cat":284535},{"id":14447,"n":"Sirop Frucci Thé Pêche - 75cl","p":3.2,"u":"4,27 €/L","img":"https://fd3-photos.leclercdrive.fr/image.ashx?id=2922697&use=l&cat=p&typeid=i","cat":295020},{"id":14452,"n":"Sirop Sport Citron - 1L","p":2.4,"u":"2,40 €/L","img":"https://fd3-photos.leclercdrive.fr/image.ashx?id=3011182&use=l&cat=p&typeid=i","cat":295020},{"id":14458,"n":"Biscuits tablette Eco+ Chocolat au lait - 150g","p":0.98,"u":"6,53 €/KG","img":"https://fd3-photos.leclercdrive.fr/image.ashx?id=2682750&use=l&cat=p&typeid=i","cat":284488},{"id":14499,"n":"Miel de lavande Provence IGP Nos Régions ont du Talent 375g","p":6.29,"u":"16,77 €/KG","img":"https://fd3-photos.leclercdrive.fr/image.ashx?id=2771073&use=l&cat=p&typeid=i","cat":287643},{"id":14512,"n":"Sachets glaçons Elembal x15","p":0.8,"img":"https://fd3-photos.leclercdrive.fr/image.ashx?id=2671810&use=l&cat=p&typeid=i","cat":334134},{"id":14543,"n":"Serviettes papier Homeside Double épaisseur 33x33cm - x100","p":2.29,"img":"https://fd3-photos.leclercdrive.fr/image.ashx?id=1659678&use=l&cat=p&typeid=i","cat":334134},{"id":14544,"n":"Serviettes papier Homeside Triple épaisseur 40x40 x50","p":2.99,"u":"0,06 €/P","img":"https://fd3-photos.leclercdrive.fr/image.ashx?id=1659681&use=l&cat=p&typeid=i","cat":334134},{"id":14574,"n":"Serviette incontinence Chorys Normal - x12","p":1.99,"u":"0,17 €/P","img":"https://fd3-photos.leclercdrive.fr/image.ashx?id=2393848&use=l&cat=p&typeid=i","cat":284628},{"id":14575,"n":"Serviette incontinence Chorys Mini - x20","p":1.99,"u":"0,10 €/P","img":"https://fd3-photos.leclercdrive.fr/image.ashx?id=2448409&use=l&cat=p&typeid=i","cat":284628},{"id":14578,"n":"Papier toilette Mimosa Rose - Ultra doux - x6","p":2.59,"u":"0,43 €/P","img":"https://fd3-photos.leclercdrive.fr/image.ashx?id=2777839&use=l&cat=p&typeid=i","cat":284634},{"id":14579,"n":"Papier toilette Mimosa Blanc - Ultra doux - x6","p":2.65,"u":"0,44 €/P","img":"https://fd3-photos.leclercdrive.fr/image.ashx?id=2777842&use=l&cat=p&typeid=i","cat":284634},{"id":14582,"n":"Bandes de cire froide Siliss Corps - Peaux sensibles - x40","p":2.21,"u":"0,06 €/P","img":"https://fd3-photos.leclercdrive.fr/image.ashx?id=2699426&use=l&cat=p&typeid=i","cat":325351},{"id":14625,"n":"Boisson énergétique Powerade Ice storm - 50cl","p":1.05,"u":"2,10 €/L","img":"https://fd3-photos.leclercdrive.fr/image.ashx?id=2970756&use=l&cat=p&typeid=i","cat":284533},{"id":14626,"n":"Boisson aux fruits Oasis Saveur Pêche Abricot - 2L","p":2.35,"u":"1,18 €/L","img":"https://fd3-photos.leclercdrive.fr/image.ashx?id=2688635&use=l&cat=p&typeid=i","cat":295018},{"id":14633,"n":"AOP Bordeaux rouge La Croix d'Austéran - 75cl","p":4.55,"u":"6,07 €/L","img":"https://fd3-photos.leclercdrive.fr/image.ashx?id=1672093&use=l&cat=p&typeid=i","cat":289556},{"id":14635,"n":"Soda Jean's Cola Bouteille - 4x50cl","p":2.76,"u":"1,38 €/L","img":"https://fd3-photos.leclercdrive.fr/image.ashx?id=2684811&use=l&cat=p&typeid=i","cat":284530},{"id":14636,"n":"Soda Jean's Cola Zéro Canette - 6x33cl","p":1.98,"u":"1,00 €/L","img":"https://fd3-photos.leclercdrive.fr/image.ashx?id=2637886&use=l&cat=p&typeid=i","cat":284530},{"id":14654,"n":"Soupe liquide Liebig  Potiron - Brique 1L","p":2.81,"u":"2,81 €/L","img":"https://fd3-photos.leclercdrive.fr/image.ashx?id=2785355&use=l&cat=p&typeid=i","cat":284462},{"id":14657,"n":"Eponges gratounette Spontex x2","p":2.34,"u":"1,17 €/P","img":"https://fd3-photos.leclercdrive.fr/image.ashx?id=2392292&use=l&cat=p&typeid=i","cat":284667},{"id":14659,"n":"Gel désinfectant mains Sanytol Au thé vert - 250ml","p":3.65,"u":"14,60 €/L","img":"https://fd3-photos.leclercdrive.fr/image.ashx?id=1754056&use=l&cat=p&typeid=i","cat":284630},{"id":14660,"n":"Gel désinfectant mains Sanytol Au thé vert - 75ml","p":1.97,"u":"26,27 €/L","img":"https://fd3-photos.leclercdrive.fr/image.ashx?id=2338730&use=l&cat=p&typeid=i","cat":284630},{"id":14661,"n":"Lingettes Hygiène Intime Usage Quotidien Intima Hamamélis x20","p":2.52,"u":"0,13 €/P","img":"https://fd3-photos.leclercdrive.fr/image.ashx?id=2886675&use=l&cat=p&typeid=i","cat":284627},{"id":14675,"n":"boisson végétale lait d'amande  bio bjorg intense - 1L","p":2.8,"u":"2,80 €/L","img":"https://fd3-photos.leclercdrive.fr/image.ashx?id=2970918&use=l&cat=p&typeid=i","cat":316067},{"id":14680,"n":"Céréales muesli vitaminé fruits bjorg bio 750g","p":3.97,"u":"5,29 €/KG","img":"https://fd3-photos.leclercdrive.fr/image.ashx?id=2906160&use=l&cat=p&typeid=i","cat":309512},{"id":14684,"n":"Huile d'olive Bio Bjorg Vierge extra - 75cl","p":10.55,"u":"14,07 €/L","img":"https://fd3-photos.leclercdrive.fr/image.ashx?id=2786015&use=l&cat=p&typeid=i","cat":284453},{"id":14688,"n":"Biscuits Bjorg Fourrés Chocolat lait bio 225g","p":2.94,"u":"13,07 €/KG","img":"https://fd3-photos.leclercdrive.fr/image.ashx?id=2970927&use=l&cat=p&typeid=i","cat":284488},{"id":14690,"n":"Chocolat Alter Eco Noir Intense Max Havelaar Bio - 100g","p":2.57,"u":"25,70 €/KG","img":"https://fd3-photos.leclercdrive.fr/image.ashx?id=2906523&use=l&cat=p&typeid=i","cat":284956},{"id":14691,"n":"Chocolat Alter Eco Noir Absolu Pérou 85% cacao bio - 100g","p":2.83,"u":"28,30 €/KG","img":"https://fd3-photos.leclercdrive.fr/image.ashx?id=2906535&use=l&cat=p&typeid=i","cat":284956},{"id":14693,"n":"chocolat noir  eclats d'amandes alter eco bio - 100g","p":2.77,"u":"27,70 €/KG","img":"https://fd3-photos.leclercdrive.fr/image.ashx?id=2906529&use=l&cat=p&typeid=i","cat":284956},{"id":14694,"n":"Chocolat lait Bio Alter Eco Noisettes Max Havelaar - 100g","p":2.47,"u":"24,70 €/KG","img":"https://fd3-photos.leclercdrive.fr/image.ashx?id=2967292&use=l&cat=p&typeid=i","cat":284497},{"id":14701,"n":"Chocolat Pâtissier Alter Eco Bio - 200g","p":3.13,"u":"15,65 €/KG","img":"https://fd3-photos.leclercdrive.fr/image.ashx?id=2961089&use=l&cat=p&typeid=i","cat":285562},{"id":14713,"n":"Rasoirs jetables Bic Twin Lady x8","p":1.88,"u":"0,24 €/P","img":"https://fd3-photos.leclercdrive.fr/image.ashx?id=2887569&use=l&cat=p&typeid=i","cat":325352},{"id":14749,"n":"Eau nettoyante Mixa Bébé  Hydratante - 250ml","p":3.07,"u":"12,28 €/L","img":"https://fd3-photos.leclercdrive.fr/image.ashx?id=2286603&use=l&cat=p&typeid=i","cat":284741},{"id":14761,"n":"Baume Après-rasage Nivea Men Peaux Sensibles - 100ml","p":4.09,"u":"40,90 €/L","img":"https://fd3-photos.leclercdrive.fr/image.ashx?id=3014590&use=l&cat=p&typeid=i","cat":288147},{"id":14763,"n":"Shampooing Pétrol Hahn Force -  250ml","p":2.29,"u":"9,16 €/L","img":"https://fd3-photos.leclercdrive.fr/image.ashx?id=2104450&use=l&cat=p&typeid=i","cat":284621},{"id":14814,"n":"Compotes pommes Andros 4x100g","p":1.49,"u":"3,73 €/KG","img":"https://fd3-photos.leclercdrive.fr/image.ashx?id=2883925&use=l&cat=p&typeid=i","cat":284416},{"id":14867,"n":"Adoucissant Hyperdou Pure Caresse - 750ml","p":1.99,"u":"2,65 €/L","img":"https://fd3-photos.leclercdrive.fr/image.ashx?id=2614446&use=l&cat=p&typeid=i","cat":284650},{"id":14873,"n":"Pastilles javel La Croix x40","p":1.87,"u":"13,96 €/KG","img":"https://fd3-photos.leclercdrive.fr/image.ashx?id=2679693&use=l&cat=p&typeid=i","cat":284661},{"id":14880,"n":"Compote Charles & Alice Pommes Mangues - 4x100g","p":1.44,"u":"3,60 €/KG","img":"https://fd3-photos.leclercdrive.fr/image.ashx?id=2757347&use=l&cat=p&typeid=i","cat":284416},{"id":14887,"n":"Compote Charles & Alice Pommes - 4x100g","p":1.46,"u":"3,65 €/KG","img":"https://fd3-photos.leclercdrive.fr/image.ashx?id=2757677&use=l&cat=p&typeid=i","cat":284416},{"id":14888,"n":"Compote Charles & Alice Pommes Poires - 4x100g","p":1.45,"u":"3,63 €/KG","img":"https://fd3-photos.leclercdrive.fr/image.ashx?id=2936902&use=l&cat=p&typeid=i","cat":284416},{"id":14893,"n":"Yaourts allégés Sveltesse   Fruits Panachés - 12x125g","p":3.25,"u":"2,17 €/KG","img":"https://fd3-photos.leclercdrive.fr/image.ashx?id=2649569&use=l&cat=p&typeid=i","cat":315000},{"id":14898,"n":"Coeur de laitue Florette 200g","p":1.87,"u":"9,35 €/KG","img":"https://fd3-photos.leclercdrive.fr/image.ashx?id=2476542&use=l&cat=p&typeid=i","cat":284353},{"id":14901,"n":"Mozzarella di Buffala AOP Les Croisés - 125g","p":1.65,"u":"13,20 €/KG","img":"https://fd3-photos.leclercdrive.fr/image.ashx?id=2686329&use=l&cat=p&typeid=i","cat":314026},{"id":14904,"n":"Fromage frais nature Bio Bio village - 3.5% MG - 500g","p":1.75,"u":"3,50 €/KG","img":"https://fd3-photos.leclercdrive.fr/image.ashx?id=2839944&use=l&cat=p&typeid=i","cat":284409},{"id":14918,"n":"Dessert fruitier framboise Douceur du Verger s/sucre 4x97g","p":1.49,"u":"3,84 €/KG","img":"https://fd3-photos.leclercdrive.fr/image.ashx?id=2509098&use=l&cat=p&typeid=i","cat":284416},{"id":14919,"n":"Compote Douceur du Verger Pomme Abricot - 4x97g","p":1.23,"u":"3,17 €/KG","img":"https://fd3-photos.leclercdrive.fr/image.ashx?id=2983793&use=l&cat=p&typeid=i","cat":284416},{"id":14924,"n":"Lasagnes chèvre épinards Côté Table - 500g","p":2.95,"u":"5,90 €/KG","img":"https://fd3-photos.leclercdrive.fr/image.ashx?id=2647874&use=l&cat=p&typeid=i","cat":284254},{"id":14927,"n":"Fromage Emmental IGP NRT Grand cru Label Rouge - 250g","p":3.69,"u":"14,76 €/KG","img":"https://fd3-photos.leclercdrive.fr/image.ashx?id=2356388&use=l&cat=p&typeid=i","cat":314034},{"id":14931,"n":"Rhum blanc Old Nick 40%vol - 1L","p":14.85,"u":"14,85 €/L","img":"https://fd3-photos.leclercdrive.fr/image.ashx?id=2483750&use=l&cat=p&typeid=i","cat":284550},{"id":14932,"n":"Rhum blanc Saint James 40% vol - 70cl","p":11.8,"u":"16,86 €/L","img":"https://fd3-photos.leclercdrive.fr/image.ashx?id=2970948&use=l&cat=p&typeid=i","cat":284550},{"id":14934,"n":"Gin Gibson 37.5%vol - 70cl","p":11.53,"u":"16,47 €/L","img":"https://fd3-photos.leclercdrive.fr/image.ashx?id=2755396&use=l&cat=p&typeid=i","cat":284550},{"id":14976,"n":"Vodka Novotna  Pure grain 37.5%vol - 1,5L","p":22.07,"u":"14,71 €/L","img":"https://fd3-photos.leclercdrive.fr/image.ashx?id=784852&use=l&cat=p&typeid=i","cat":284550},{"id":14980,"n":"Crème de framboise Auguste  Mugniot 15%vol. - 50cl","p":5.49,"u":"10,98 €/L","img":"https://fd3-photos.leclercdrive.fr/image.ashx?id=829186&use=l&cat=p&typeid=i","cat":286032},{"id":14983,"n":"Pastis de Marseille Vivalis 45%vol - 1,5L","p":25.35,"u":"16,90 €/L","img":"https://fd3-photos.leclercdrive.fr/image.ashx?id=2820418&use=l&cat=p&typeid=i","cat":284548},{"id":14989,"n":"Bière blonde Amsterdam  Navigator 8%vol. - 50cl","p":1.41,"u":"2,82 €/L","img":"https://fd3-photos.leclercdrive.fr/image.ashx?id=2191104&use=l&cat=p&typeid=i","cat":334853},{"id":14993,"n":"Bière blonde Leffe Rituel 9% - 6x25cl","p":5.63,"u":"3,75 €/L","img":"https://fd3-photos.leclercdrive.fr/image.ashx?id=2548285&use=l&cat=p&typeid=i","cat":334852},{"id":14997,"n":"Bière blonde du Nord NRT - 7° - 6x25cl","p":3.72,"u":"2,48 €/L","img":"https://fd3-photos.leclercdrive.fr/image.ashx?id=2663815&use=l&cat=p&typeid=i","cat":334852},{"id":15007,"n":"Protège-slips Doulys Ultra-mince Normal Plié - x30","p":1.19,"u":"0,04 €/P","img":"https://fd3-photos.leclercdrive.fr/image.ashx?id=2816109&use=l&cat=p&typeid=i","cat":284625},{"id":15010,"n":"Serviette incontinence Chorys Extra - x10","p":1.99,"u":"0,20 €/P","img":"https://fd3-photos.leclercdrive.fr/image.ashx?id=2393851&use=l&cat=p&typeid=i","cat":284628},{"id":15016,"n":"AOP Crémant d'Alsace Wolfberger Brut - 75cl","p":7.32,"u":"9,76 €/L","img":"https://fd3-photos.leclercdrive.fr/image.ashx?id=2323502&use=l&cat=p&typeid=i","cat":284544},{"id":15022,"n":"Jus de pamplemousse rose Bio Bio Village - 1L","p":3.82,"u":"3,82 €/L","img":"https://fd3-photos.leclercdrive.fr/image.ashx?id=2901524&use=l&cat=p&typeid=i","cat":284914},{"id":15025,"n":"Nectar Jafaden Pomme kiwi - 1L","p":2.35,"u":"2,35 €/L","img":"https://fd3-photos.leclercdrive.fr/image.ashx?id=2895771&use=l&cat=p&typeid=i","cat":284915},{"id":15034,"n":"Déodorant bille Bio Naïa 50ml","p":1.35,"u":"27,00 €/L","img":"https://fd3-photos.leclercdrive.fr/image.ashx?id=2481210&use=l&cat=p&typeid=i","cat":284595},{"id":15036,"n":"Huile sèche corps bio Bio Naïa Spray - 100ml","p":4.59,"u":"45,90 €/L","img":"https://fd3-photos.leclercdrive.fr/image.ashx?id=2610196&use=l&cat=p&typeid=i","cat":325349},{"id":15039,"n":"Crème visage bio Bio Naïa Hydratante 50ml","p":1.99,"u":"39,80 €/L","img":"https://fd3-photos.leclercdrive.fr/image.ashx?id=2998466&use=l&cat=p&typeid=i","cat":325345},{"id":15053,"n":"Déodorant Manava Grenade - 200ml","p":1.39,"u":"6,95 €/L","img":"https://fd3-photos.leclercdrive.fr/image.ashx?id=2699276&use=l&cat=p&typeid=i","cat":284595},{"id":15058,"n":"Biscuits tablettes Bio Village Bio Chocolat au lait 150g","p":2.38,"u":"15,87 €/KG","img":"https://fd3-photos.leclercdrive.fr/image.ashx?id=2650819&use=l&cat=p&typeid=i","cat":284488},{"id":15059,"n":"Gaufrettes P'tit Déli Praliné chocolat au lait - 175g","p":1.85,"u":"10,57 €/KG","img":"https://fd3-photos.leclercdrive.fr/image.ashx?id=2817157&use=l&cat=p&typeid=i","cat":284488},{"id":15060,"n":"Biscuits tablettes Bio Village Bio Chocolat noir 150g","p":2.39,"u":"15,93 €/KG","img":"https://fd3-photos.leclercdrive.fr/image.ashx?id=2708943&use=l&cat=p&typeid=i","cat":284488},{"id":15066,"n":"Savon douceur Manava Bouquet fleurs blanches 4x100g","p":1.45,"u":"3,63 €/KG","img":"https://fd3-photos.leclercdrive.fr/image.ashx?id=2358342&use=l&cat=p&typeid=i","cat":284597},{"id":15076,"n":"Recharges plaquettes Insectivor Anti-moustiques - x30","p":3.24,"u":"0,11 €/P","img":"https://fd3-photos.leclercdrive.fr/image.ashx?id=2741604&use=l&cat=p&typeid=i","cat":298368},{"id":15089,"n":"Pain d'épices Bio au miel Bjorg 300g","p":1.95,"u":"6,50 €/KG","img":"https://fd3-photos.leclercdrive.fr/image.ashx?id=2890136&use=l&cat=p&typeid=i","cat":284367},{"id":15095,"n":"Boisson végétale Noisette Bio  Bjorg- 1L","p":2.43,"u":"2,43 €/L","img":"https://fd3-photos.leclercdrive.fr/image.ashx?id=2972970&use=l&cat=p&typeid=i","cat":316067},{"id":15108,"n":"Salade Mexicaine Petit Navire 220g","p":1.97,"u":"8,95 €/KG","img":"https://fd3-photos.leclercdrive.fr/image.ashx?id=2829652&use=l&cat=p&typeid=i","cat":284437},{"id":15130,"n":"Gâteaux fourrés P'tit Déli Abricot x7 - 196g","p":2.69,"u":"13,72 €/KG","img":"https://fd3-photos.leclercdrive.fr/image.ashx?id=2046047&use=l&cat=p&typeid=i","cat":284495},{"id":15131,"n":"Nectar multifruits Jafaden 2L","p":2.49,"u":"1,25 €/L","img":"https://fd3-photos.leclercdrive.fr/image.ashx?id=2956032&use=l&cat=p&typeid=i","cat":284917},{"id":15140,"n":"Biscuits Croustine P'tit Déli Meringue noisette 100g","p":2.29,"u":"22,90 €/KG","img":"https://fd3-photos.leclercdrive.fr/image.ashx?id=2545574&use=l&cat=p&typeid=i","cat":284487},{"id":15142,"n":"Biscuits P'tit Déli Florentin Amande chocolat 100g","p":1.92,"u":"19,20 €/KG","img":"https://fd3-photos.leclercdrive.fr/image.ashx?id=2562701&use=l&cat=p&typeid=i","cat":284490},{"id":15145,"n":"Champignons Tables du Monde Noirs déshydratés 25g","p":2.49,"u":"99,60 €/KG","img":"https://fd3-photos.leclercdrive.fr/image.ashx?id=2920166&use=l&cat=p&typeid=i","cat":288992},{"id":15149,"n":"Petit Beurre P'tit Déli Pépites chocolat x24 200g","p":1.87,"u":"9,35 €/KG","img":"https://fd3-photos.leclercdrive.fr/image.ashx?id=2694100&use=l&cat=p&typeid=i","cat":284487},{"id":15150,"n":"Biscuits P'tit Déli Déli'Coco 100g","p":1.89,"u":"18,90 €/KG","img":"https://fd3-photos.leclercdrive.fr/image.ashx?id=2562704&use=l&cat=p&typeid=i","cat":284490},{"id":15152,"n":"Biscuits P'tit Déli Fleur de caramel 100g","p":2.25,"u":"22,50 €/KG","img":"https://fd3-photos.leclercdrive.fr/image.ashx?id=2935220&use=l&cat=p&typeid=i","cat":284490},{"id":15159,"n":"Fécule de maïs Tablier Blanc 400g","p":1.19,"u":"2,98 €/KG","img":"https://fd3-photos.leclercdrive.fr/image.ashx?id=2853690&use=l&cat=p&typeid=i","cat":288382},{"id":15162,"n":"Rillettes pur porc Côté Table 3x78g","p":2.75,"u":"11,75 €/KG","img":"https://fd3-photos.leclercdrive.fr/image.ashx?id=2518514&use=l&cat=p&typeid=i","cat":305149},{"id":15163,"n":"Sablés fourrés P'tit Déli Noisette 125g","p":1.92,"u":"15,36 €/KG","img":"https://fd3-photos.leclercdrive.fr/image.ashx?id=2791266&use=l&cat=p&typeid=i","cat":284487},{"id":15181,"n":"Boisson aux fruits Oasis Saveur Fraise Framboise - 2L","p":2.45,"u":"1,23 €/L","img":"https://fd3-photos.leclercdrive.fr/image.ashx?id=2677819&use=l&cat=p&typeid=i","cat":295018},{"id":15183,"n":"Filets de maquereaux Saupiquet Escabèche - 169g","p":2.09,"u":"12,37 €/KG","img":"https://fd3-photos.leclercdrive.fr/image.ashx?id=2829970&use=l&cat=p&typeid=i","cat":303868},{"id":15288,"n":"Mouchoirs blancs 4 plis Caresse Mini étuis x15","p":1.16,"u":"0,08 €/P","img":"https://fd3-photos.leclercdrive.fr/image.ashx?id=2824262&use=l&cat=p&typeid=i","cat":284638},{"id":15342,"n":"Chocolat Eco+ Noir - 5x100g","p":3.78,"u":"7,56 €/KG","img":"https://fd3-photos.leclercdrive.fr/image.ashx?id=2775460&use=l&cat=p&typeid=i","cat":284956},{"id":15431,"n":"Cappuccino nature  x10 stick - 140g","p":2.52,"u":"18,00 €/KG","img":"https://fd3-photos.leclercdrive.fr/image.ashx?id=2458055&use=l&cat=p&typeid=i","cat":284843},{"id":15433,"n":"Hachés de poulet rotis  Maître Coq - 180g","p":2.3,"u":"12,78 €/KG","img":"https://fd3-photos.leclercdrive.fr/image.ashx?id=1884310&use=l&cat=p&typeid=i","cat":316010},{"id":15451,"n":"Escalope de dinde Maître Coq Fine x2 - 240g","p":3.92,"u":"16,33 €/KG","img":"https://fd3-photos.leclercdrive.fr/image.ashx?id=2770088&use=l&cat=p&typeid=i","cat":284337},{"id":15476,"n":"Eau nettoyante Mots d'Enfants Hydratante - 250ml","p":1.93,"u":"7,72 €/L","img":"https://fd3-photos.leclercdrive.fr/image.ashx?id=3015048&use=l&cat=p&typeid=i","cat":284741},{"id":15492,"n":"AOC Muscadet blanc Botinière - 75 Cl","p":5.24,"u":"6,99 €/L","img":"https://fd3-photos.leclercdrive.fr/image.ashx?id=2476275&use=l&cat=p&typeid=i","cat":289557},{"id":15513,"n":"Gâteau cacao Oreo Lu Rouleaux Vanille - 154g","p":1.05,"u":"6,82 €/KG","img":"https://fd3-photos.leclercdrive.fr/image.ashx?id=3002282&use=l&cat=p&typeid=i","cat":284488},{"id":15542,"n":"Prépartion mirabelles NRT De Lorraine  - 315g","p":2.64,"u":"8,38 €/KG","img":"https://fd3-photos.leclercdrive.fr/image.ashx?id=2699795&use=l&cat=p&typeid=i","cat":284480},{"id":15564,"n":"Chips paysannes Pom'lisse Nature - 150g","p":0.99,"u":"6,60 €/KG","img":"https://fd3-photos.leclercdrive.fr/image.ashx?id=2927854&use=l&cat=p&typeid=i","cat":284447},{"id":15590,"n":"pain complet 3 céréales bio  bjorg 500g","p":2.33,"u":"4,66 €/KG","img":"https://fd3-photos.leclercdrive.fr/image.ashx?id=2752951&use=l&cat=p&typeid=i","cat":325069},{"id":15602,"n":"Bière La Goudale 7.2%vol. - 75cl","p":2.36,"u":"3,15 €/L","img":"https://fd3-photos.leclercdrive.fr/image.ashx?id=2830153&use=l&cat=p&typeid=i","cat":334852},{"id":15615,"n":"Multifruits Jafaden 100% Pur jus - 1,5L","p":1.98,"u":"1,32 €/L","img":"https://fd3-photos.leclercdrive.fr/image.ashx?id=2966650&use=l&cat=p&typeid=i","cat":284917},{"id":15629,"n":"Salade maxi Florette Mâche - 200g","p":2.83,"u":"14,15 €/KG","img":"https://fd3-photos.leclercdrive.fr/image.ashx?id=2228849&use=l&cat=p&typeid=i","cat":284353},{"id":15646,"n":"Saumon Atlantique Connétable 112g","p":4.74,"u":"42,32 €/KG","img":"https://fd3-photos.leclercdrive.fr/image.ashx?id=2960162&use=l&cat=p&typeid=i","cat":305147},{"id":15647,"n":"Soupe Paysanne Légumes Knorr Déshydratée - Au lard - 97g","p":1.67,"u":"17,22 €/KG","img":"https://fd3-photos.leclercdrive.fr/image.ashx?id=2768870&use=l&cat=p&typeid=i","cat":284463},{"id":15679,"n":"IGP Jambon cru fumé Jeca 8 tranches - 100g","p":2.51,"u":"25,10 €/KG","img":"https://fd3-photos.leclercdrive.fr/image.ashx?id=2549813&use=l&cat=p&typeid=i","cat":316007},{"id":15703,"n":"Jus de citron de Sicile Citros 20cl","p":1.0,"u":"5,00 €/L","img":"https://fd3-photos.leclercdrive.fr/image.ashx?id=2469130&use=l&cat=p&typeid=i","cat":288383},{"id":15741,"n":"Tampons Doulys Compact Super - x20","p":2.35,"u":"0,12 €/P","img":"https://fd3-photos.leclercdrive.fr/image.ashx?id=2965470&use=l&cat=p&typeid=i","cat":284626},{"id":15746,"n":"Soupe Liquide Liebig  Bisque de Homard - 300g","p":2.47,"u":"8,23 €/KG","img":"https://fd3-photos.leclercdrive.fr/image.ashx?id=2651390&use=l&cat=p&typeid=i","cat":287366},{"id":15791,"n":"Beurre Allgau Extra fin - 82% MG - 250g","p":3.01,"u":"12,04 €/KG","img":"https://fd3-photos.leclercdrive.fr/image.ashx?id=1763077&use=l&cat=p&typeid=i","cat":284379},{"id":15796,"n":"Fromage Tresana Nature - 200g","p":1.28,"u":"6,40 €/KG","img":"https://fd3-photos.leclercdrive.fr/image.ashx?id=2901073&use=l&cat=p&typeid=i","cat":314029},{"id":15797,"n":"Brie Ermitage 60%mg - 500g","p":5.9,"u":"11,80 €/KG","img":"https://fd3-photos.leclercdrive.fr/image.ashx?id=2973015&use=l&cat=p&typeid=i","cat":314033},{"id":15801,"n":"IGP Pays d'Oc rosé Cinsault Syrah Ormes de Cambras 12% 75cl","p":3.09,"u":"4,12 €/L","img":"https://fd3-photos.leclercdrive.fr/image.ashx?id=2105158&use=l&cat=p&typeid=i","cat":289558},{"id":15806,"n":"Boisson énergisante Red Bull Sans Sucres , 250ml","p":1.2,"u":"4,80 €/L","img":"https://fd3-photos.leclercdrive.fr/image.ashx?id=2551618&use=l&cat=p&typeid=i","cat":284533},{"id":15808,"n":"AOC Côtes du Rhône rosé Prestige Cellier Dauphins 75cl","p":3.46,"u":"4,61 €/L","img":"https://fd3-photos.leclercdrive.fr/image.ashx?id=2829988&use=l&cat=p&typeid=i","cat":289558},{"id":15821,"n":"Baume Soin lèvres Mixa Anti-dessèchement lot de 2","p":2.24,"u":"1,12 €/P","img":"https://fd3-photos.leclercdrive.fr/image.ashx?id=2425607&use=l&cat=p&typeid=i","cat":285485},{"id":15844,"n":"Coloration Casting crème gloss Chatain clair n°500","p":11.28,"img":"https://fd3-photos.leclercdrive.fr/image.ashx?id=2869083&use=l&cat=p&typeid=i","cat":288899},{"id":15875,"n":"Eau de Cologne Bien Etre Naturelle - 250ml","p":4.42,"u":"17,68 €/L","img":"https://fd3-photos.leclercdrive.fr/image.ashx?id=2353665&use=l&cat=p&typeid=i","cat":291525},{"id":15908,"n":"Shampooing Pétrol Hahn original Cheveux normaux 250ml","p":2.65,"u":"10,60 €/L","img":"https://fd3-photos.leclercdrive.fr/image.ashx?id=2480512&use=l&cat=p&typeid=i","cat":284621},{"id":15909,"n":"Shampooing Pétrol Hahn Anti-chûte 250ml","p":2.35,"u":"9,40 €/L","img":"https://fd3-photos.leclercdrive.fr/image.ashx?id=2450649&use=l&cat=p&typeid=i","cat":284606},{"id":15910,"n":"Lait de toilette Mixa Bébé  Très Doux - 400ml","p":3.54,"u":"8,85 €/L","img":"https://fd3-photos.leclercdrive.fr/image.ashx?id=2548672&use=l&cat=p&typeid=i","cat":284740},{"id":15912,"n":"Mousse à raser Williams Peau sensible 200ml","p":1.78,"u":"8,90 €/L","img":"https://fd3-photos.leclercdrive.fr/image.ashx?id=2785976&use=l&cat=p&typeid=i","cat":284617},{"id":15916,"n":"Baume après rasage Nivéa For Men Hydratant - 100ml","p":6.1,"u":"61,00 €/L","img":"https://fd3-photos.leclercdrive.fr/image.ashx?id=2981653&use=l&cat=p&typeid=i","cat":288147},{"id":15919,"n":"Soin hydratant L'Oréal Paris Men Expert Anti-fatigue - 50ml","p":5.57,"u":"111,40 €/L","img":"https://fd3-photos.leclercdrive.fr/image.ashx?id=2811278&use=l&cat=p&typeid=i","cat":284622},{"id":15929,"n":"Masque nutri-extrême Dessange Cheveux Très Secs - 250ml","p":5.28,"u":"21,12 €/L","img":"https://fd3-photos.leclercdrive.fr/image.ashx?id=2458742&use=l&cat=p&typeid=i","cat":284608},{"id":15937,"n":"Serviette Hygienique Vania  Maxi confort normal plus - x16","p":1.67,"u":"0,10 €/P","img":"https://fd3-photos.leclercdrive.fr/image.ashx?id=2908027&use=l&cat=p&typeid=i","cat":284624},{"id":15969,"n":"Gel nettoyant canalisations  Destop Javel Agrumes - 750ml","p":2.47,"u":"3,29 €/L","img":"https://fd3-photos.leclercdrive.fr/image.ashx?id=2885956&use=l&cat=p&typeid=i","cat":284908},{"id":16020,"n":"Gambas ASC Pêche Océan Géantes tigrées 8/12pièces 400g","p":10.8,"u":"27,00 €/KG","img":"https://fd3-photos.leclercdrive.fr/image.ashx?id=2202754&use=l&cat=p&typeid=i","cat":319787},{"id":16043,"n":"Crevettes cuites Pêche Océan Décortiquées - MSC - 200g","p":2.99,"u":"14,95 €/KG","img":"https://fd3-photos.leclercdrive.fr/image.ashx?id=2478766&use=l&cat=p&typeid=i","cat":319787},{"id":16046,"n":"Fromage de chèvre Les Croisés Frais rond - 200g","p":1.89,"u":"9,45 €/KG","img":"https://fd3-photos.leclercdrive.fr/image.ashx?id=2983796&use=l&cat=p&typeid=i","cat":314031},{"id":16061,"n":"Sauce Tomates Barilla Basilic - 400g","p":1.62,"u":"4,05 €/KG","img":"https://fd3-photos.leclercdrive.fr/image.ashx?id=2832518&use=l&cat=p&typeid=i","cat":287599},{"id":16062,"n":"Sauce Pesto Genovese Barilla Au basilic frais - 190g","p":1.98,"u":"10,42 €/KG","img":"https://fd3-photos.leclercdrive.fr/image.ashx?id=2737585&use=l&cat=p&typeid=i","cat":287599},{"id":16063,"n":"Sauce Pesto Barilla Rosso - 200g","p":1.95,"u":"9,75 €/KG","img":"https://fd3-photos.leclercdrive.fr/image.ashx?id=2308348&use=l&cat=p&typeid=i","cat":287599},{"id":16065,"n":"Bouillon de boeuf Maggi 8 tablettes 80g","p":0.97,"u":"12,13 €/KG","img":"https://fd3-photos.leclercdrive.fr/image.ashx?id=2729932&use=l&cat=p&typeid=i","cat":288379},{"id":16076,"n":"Sauce Italienne Zapetti 3x95g","p":2.37,"u":"8,32 €/KG","img":"https://fd3-photos.leclercdrive.fr/image.ashx?id=2579978&use=l&cat=p&typeid=i","cat":288384},{"id":16095,"n":"Spray anti-moustique Marie Rose 8h - 100ml","p":5.08,"u":"50,80 €/L","img":"https://fd3-photos.leclercdrive.fr/image.ashx?id=2666749&use=l&cat=p&typeid=i","cat":299654},{"id":16125,"n":"Fromage blanc Alsace Lait Nature - 2.8%MG - 4x100g","p":1.57,"u":"3,93 €/KG","img":"https://fd3-photos.leclercdrive.fr/image.ashx?id=2848821&use=l&cat=p&typeid=i","cat":284409},{"id":16142,"n":"Eau de source de Montagne 6x1L","p":1.56,"u":"0,26 €/L","img":"https://fd3-photos.leclercdrive.fr/image.ashx?id=2597621&use=l&cat=p&typeid=i","cat":284535},{"id":16153,"n":"Biscuits petit déj Bio Village Bio Chocolat / Noisettes - 200g","p":2.08,"u":"10,40 €/KG","img":"https://fd3-photos.leclercdrive.fr/image.ashx?id=2371560&use=l&cat=p&typeid=i","cat":284491},{"id":16154,"n":"Tartelettes Bio Village Framboises Bio - x9 - 125g","p":2.34,"u":"18,72 €/KG","img":"https://fd3-photos.leclercdrive.fr/image.ashx?id=2869525&use=l&cat=p&typeid=i","cat":284489},{"id":16159,"n":"Brume d'eau pure Inell 400ml","p":1.65,"u":"4,13 €/L","img":"https://fd3-photos.leclercdrive.fr/image.ashx?id=806289&use=l&cat=p&typeid=i","cat":290295},{"id":16170,"n":"Boulgour Bio Village Bio - 500g","p":1.83,"u":"3,66 €/KG","img":"https://fd3-photos.leclercdrive.fr/image.ashx?id=2518553&use=l&cat=p&typeid=i","cat":284429},{"id":16171,"n":"Riz Thaï Bio Village Bio - 500g","p":2.45,"u":"4,90 €/KG","img":"https://fd3-photos.leclercdrive.fr/image.ashx?id=2441510&use=l&cat=p&typeid=i","cat":284428},{"id":16172,"n":"Mini Barres chocolatées Lion x18 barres - 350g","p":3.92,"u":"11,20 €/KG","img":"https://fd3-photos.leclercdrive.fr/image.ashx?id=2925553&use=l&cat=p&typeid=i","cat":284498},{"id":16206,"n":"Pop corn Menguy's Goût sucré 3x90g","p":1.69,"u":"6,26 €/KG","img":"https://fd3-photos.leclercdrive.fr/image.ashx?id=2966020&use=l&cat=p&typeid=i","cat":304249},{"id":16303,"n":"Petits oignons Rustica Vinaigre doux - 190g","p":0.79,"u":"4,16 €/KG","img":"https://fd3-photos.leclercdrive.fr/image.ashx?id=2916683&use=l&cat=p&typeid=i","cat":284458},{"id":16322,"n":"AOP Pouilly Fumé blanc Les Chamilles - 75 Cl","p":11.95,"u":"15,93 €/L","img":"https://fd3-photos.leclercdrive.fr/image.ashx?id=2641479&use=l&cat=p&typeid=i","cat":289557},{"id":16367,"n":"Vin rouge Domaine des Garennes Minervois 75cl 14.5% vol","p":10.68,"u":"14,24 €/L","img":"https://fd3-photos.leclercdrive.fr/image.ashx?id=2921855&use=l&cat=p&typeid=i","cat":289556},{"id":16405,"n":"Café grains Mövenpick Der himmlische - 500g","p":8.87,"u":"17,74 €/KG","img":"https://fd3-photos.leclercdrive.fr/image.ashx?id=2416865&use=l&cat=p&typeid=i","cat":293237},{"id":16406,"n":"Café en grains Sati Rouge Expresso intenso - 1kg","p":13.33,"u":"13,33 €/KG","img":"https://fd3-photos.leclercdrive.fr/image.ashx?id=2918256&use=l&cat=p&typeid=i","cat":293237},{"id":16430,"n":"Lait de coco bio Jardin Bio Bio - 400ml","p":2.38,"u":"5,95 €/L","img":"https://fd3-photos.leclercdrive.fr/image.ashx?id=2790132&use=l&cat=p&typeid=i","cat":288992},{"id":16431,"n":"Raviolis bio boeuf Jardin Bio 72cl","p":4.6,"u":"6,39 €/L","img":"https://fd3-photos.leclercdrive.fr/image.ashx?id=2972469&use=l&cat=p&typeid=i","cat":284442},{"id":16433,"n":"Pâte feuilletée Bio Bio village - 230g","p":1.65,"u":"7,17 €/KG","img":"https://fd3-photos.leclercdrive.fr/image.ashx?id=2969006&use=l&cat=p&typeid=i","cat":333681},{"id":16434,"n":"Raviolis aux 3 fromages Bio Bio village - 250g","p":2.9,"u":"11,60 €/KG","img":"https://fd3-photos.leclercdrive.fr/image.ashx?id=2843608&use=l&cat=p&typeid=i","cat":333682},{"id":16435,"n":"Tagliatelles fraîches Bio Bio village - 250g","p":1.39,"u":"5,56 €/KG","img":"https://fd3-photos.leclercdrive.fr/image.ashx?id=2875735&use=l&cat=p&typeid=i","cat":333682},{"id":16436,"n":"Pâtes torsades Bio Village Bio -  500g","p":0.85,"u":"1,70 €/KG","img":"https://fd3-photos.leclercdrive.fr/image.ashx?id=2625367&use=l&cat=p&typeid=i","cat":284427},{"id":16438,"n":"Riz long Bio Village Bio - 500g","p":1.94,"u":"3,88 €/KG","img":"https://fd3-photos.leclercdrive.fr/image.ashx?id=2582996&use=l&cat=p&typeid=i","cat":284428},{"id":16439,"n":"Riz Basmati Bio Village Bio - 500g","p":1.5,"u":"3,00 €/KG","img":"https://fd3-photos.leclercdrive.fr/image.ashx?id=2449232&use=l&cat=p&typeid=i","cat":284428},{"id":16443,"n":"Chocolat Alter Eco noir menthe Max Havelaar Bio - 100g","p":2.47,"u":"24,70 €/KG","img":"https://fd3-photos.leclercdrive.fr/image.ashx?id=2906538&use=l&cat=p&typeid=i","cat":284956},{"id":16490,"n":"Yaourt nature 0% MG Bio Bio village - 4x125g","p":1.34,"u":"2,68 €/KG","img":"https://fd3-photos.leclercdrive.fr/image.ashx?id=2077427&use=l&cat=p&typeid=i","cat":315000},{"id":16491,"n":"Yaourts Lait brebis Bio Village Bio Vanille - 2x125g","p":1.89,"u":"7,56 €/KG","img":"https://fd3-photos.leclercdrive.fr/image.ashx?id=2646994&use=l&cat=p&typeid=i","cat":314998},{"id":16492,"n":"Légumes pour couscous bio Jardin Bio - 660g","p":2.37,"u":"3,29 €/L","img":"https://fd3-photos.leclercdrive.fr/image.ashx?id=2534887&use=l&cat=p&typeid=i","cat":312612},{"id":16493,"n":"Pâte à tartiner bio Jardin Bio Cacao noisettes - 350g","p":3.62,"u":"10,34 €/KG","img":"https://fd3-photos.leclercdrive.fr/image.ashx?id=2918844&use=l&cat=p&typeid=i","cat":284481},{"id":16520,"n":"Mayonnaise Eco+ Bocal - 470g","p":1.17,"u":"2,49 €/KG","img":"https://fd3-photos.leclercdrive.fr/image.ashx?id=2954322&use=l&cat=p&typeid=i","cat":298295},{"id":16521,"n":"Lait demi-écrémé Eco+ Brique UHT -  6x1L","p":5.52,"u":"0,92 €/L","img":"https://fd3-photos.leclercdrive.fr/image.ashx?id=2865038&use=l&cat=p&typeid=i","cat":284377},{"id":16522,"n":"Soufflés cacahuète Eco+ 100g","p":0.34,"u":"3,40 €/KG","img":"https://fd3-photos.leclercdrive.fr/image.ashx?id=2678785&use=l&cat=p&typeid=i","cat":284449},{"id":16524,"n":"Pâtes Eco+ Spaghetti - 1kg","p":1.02,"u":"1,02 €/KG","img":"https://fd3-photos.leclercdrive.fr/image.ashx?id=2757494&use=l&cat=p&typeid=i","cat":284427},{"id":16525,"n":"Purée de pommes de terre Eco+ Déshydratée 4x125g","p":1.55,"u":"3,10 €/KG","img":"https://fd3-photos.leclercdrive.fr/image.ashx?id=2961656&use=l&cat=p&typeid=i","cat":284431},{"id":16526,"n":"Assortiment biscuits salés Eco+ 350g","p":1.06,"u":"3,03 €/KG","img":"https://fd3-photos.leclercdrive.fr/image.ashx?id=2613255&use=l&cat=p&typeid=i","cat":297000},{"id":16527,"n":"Bouillon déshydraté Eco+ Volaille - 12x10g","p":0.67,"u":"5,58 €/KG","img":"https://fd3-photos.leclercdrive.fr/image.ashx?id=1735897&use=l&cat=p&typeid=i","cat":288379},{"id":16528,"n":"Bouillon déshydraté Eco+ Boeuf - 12x10g","p":0.69,"u":"5,75 €/KG","img":"https://fd3-photos.leclercdrive.fr/image.ashx?id=1735894&use=l&cat=p&typeid=i","cat":288379},{"id":16536,"n":"Sucre Eco+ En morceaux - 1kg","p":1.33,"u":"1,33 €/KG","img":"https://fd3-photos.leclercdrive.fr/image.ashx?id=2675676&use=l&cat=p&typeid=i","cat":284502},{"id":16539,"n":"Pain d'épices Eco+ 470g","p":1.23,"u":"2,62 €/KG","img":"https://fd3-photos.leclercdrive.fr/image.ashx?id=2932384&use=l&cat=p&typeid=i","cat":284493},{"id":16547,"n":"Barquette chiens Eco+ A la Volaille - 300g","p":0.52,"u":"1,73 €/KG","img":"https://fd3-photos.leclercdrive.fr/image.ashx?id=2052727&use=l&cat=p&typeid=i","cat":284673},{"id":16548,"n":"Barquette pour chats Eco+ Riche en volaille - 100g","p":0.24,"u":"2,40 €/KG","img":"https://fd3-photos.leclercdrive.fr/image.ashx?id=2992711&use=l&cat=p&typeid=i","cat":285286},{"id":16550,"n":"Limonade Eco+ 1,5L","p":0.38,"u":"0,25 €/L","img":"https://fd3-photos.leclercdrive.fr/image.ashx?id=2762937&use=l&cat=p&typeid=i","cat":284531},{"id":16552,"n":"Jus de pomme abc Eco+ 1L","p":0.85,"u":"0,85 €/L","img":"https://fd3-photos.leclercdrive.fr/image.ashx?id=2802269&use=l&cat=p&typeid=i","cat":284522},{"id":16553,"n":"Soda cola Eco+ 1,5L","p":0.49,"u":"0,33 €/L","img":"https://fd3-photos.leclercdrive.fr/image.ashx?id=2807270&use=l&cat=p&typeid=i","cat":284530},{"id":16555,"n":"Boisson aromatisée Eco+ Exotique 2L","p":0.97,"u":"0,49 €/L","img":"https://fd3-photos.leclercdrive.fr/image.ashx?id=2755049&use=l&cat=p&typeid=i","cat":295018},{"id":16558,"n":"Thé glacé pêche Eco  2L","p":1.25,"u":"0,63 €/L","img":"https://fd3-photos.leclercdrive.fr/image.ashx?id=2764955&use=l&cat=p&typeid=i","cat":295019},{"id":16561,"n":"Eau de javel Eco+ Bidon - 5L","p":1.09,"u":"0,22 €/L","img":"https://fd3-photos.leclercdrive.fr/image.ashx?id=2883913&use=l&cat=p&typeid=i","cat":284661},{"id":16569,"n":"Mini pâté en croute Eco+ 450g","p":1.97,"u":"4,38 €/KG","img":"https://fd3-photos.leclercdrive.fr/image.ashx?id=2919583&use=l&cat=p&typeid=i","cat":316003},{"id":16570,"n":"Saucisse sèche droite Eco+ 250g","p":1.78,"u":"7,12 €/KG","img":"https://fd3-photos.leclercdrive.fr/image.ashx?id=2114409&use=l&cat=p&typeid=i","cat":316006},{"id":16571,"n":"Tagliatelles fraiches Eco+ 500g","p":1.4,"u":"2,80 €/KG","img":"https://fd3-photos.leclercdrive.fr/image.ashx?id=2751850&use=l&cat=p&typeid=i","cat":333682},{"id":16577,"n":"Crème sous pression Eco+ Crème légère et sucrée - 250g","p":1.69,"u":"6,76 €/KG","img":"https://fd3-photos.leclercdrive.fr/image.ashx?id=2856242&use=l&cat=p&typeid=i","cat":284382},{"id":16582,"n":"Pommes frites Eco+ 2,5kg","p":2.81,"u":"1,12 €/KG","img":"https://fd3-photos.leclercdrive.fr/image.ashx?id=2660523&use=l&cat=p&typeid=i","cat":319791},{"id":16583,"n":"Pommes rissolées surgelées Eco+ 1kg","p":1.11,"u":"1,11 €/KG","img":"https://fd3-photos.leclercdrive.fr/image.ashx?id=2085934&use=l&cat=p&typeid=i","cat":319792},{"id":16642,"n":"Génoises fourrées P'tit Déli Agrumes - 150g","p":1.09,"u":"7,27 €/KG","img":"https://fd3-photos.leclercdrive.fr/image.ashx?id=2482502&use=l&cat=p&typeid=i","cat":284489},{"id":16676,"n":"Assortiment Bonbons Chocolat Quality Street - 265g","p":5.39,"u":"20,34 €/KG","img":"https://fd3-photos.leclercdrive.fr/image.ashx?id=2837571&use=l&cat=p&typeid=i","cat":284499},{"id":16701,"n":"Bouchées RAFFAELLO Noix de coco Amandes - 180g","p":4.67,"u":"25,94 €/KG","img":"https://fd3-photos.leclercdrive.fr/image.ashx?id=2937857&use=l&cat=p&typeid=i","cat":327595},{"id":16741,"n":"Viande hachée 5% MG Férial 350g","p":5.71,"u":"16,31 €/KG","img":"https://fd3-photos.leclercdrive.fr/image.ashx?id=2904010&use=l&cat=p&typeid=i","cat":284332},{"id":16747,"n":"Viande hachée 15% MG Férial 350g","p":5.59,"u":"15,97 €/KG","img":"https://fd3-photos.leclercdrive.fr/image.ashx?id=2904007&use=l&cat=p&typeid=i","cat":284332},{"id":16800,"n":"Eau minérale naturelle Contrex 6x1L","p":2.45,"u":"0,41 €/L","img":"https://fd3-photos.leclercdrive.fr/image.ashx?id=2731720&use=l&cat=p&typeid=i","cat":284535},{"id":16803,"n":"AOC Champagne Président Germain Brut - 75cl","p":24.9,"u":"33,20 €/L","img":"https://fd3-photos.leclercdrive.fr/image.ashx?id=1567645&use=l&cat=p&typeid=i","cat":284542},{"id":16805,"n":"Viande bovine Férial steak ** à griller - 280g","p":5.79,"u":"20,68 €/KG","img":"https://fd3-photos.leclercdrive.fr/image.ashx?id=2483557&use=l&cat=p&typeid=i","cat":284328},{"id":16829,"n":"Fusilli Côté Snack Pâtes 4 fromages - 300g","p":1.89,"u":"6,30 €/KG","img":"https://fd3-photos.leclercdrive.fr/image.ashx?id=2748726&use=l&cat=p&typeid=i","cat":334983},{"id":16841,"n":"Génoises fourrées P'tit Déli Framboise cassis - 150g","p":1.06,"u":"7,07 €/KG","img":"https://fd3-photos.leclercdrive.fr/image.ashx?id=2473981&use=l&cat=p&typeid=i","cat":284489},{"id":16847,"n":"Chewing-gum Freedent white Menthe douce 70g","p":2.07,"u":"29,57 €/KG","img":"https://fd3-photos.leclercdrive.fr/image.ashx?id=2237289&use=l&cat=p&typeid=i","cat":304251},{"id":16848,"n":"Chewing gum Freedent white Menthe verte 70g","p":2.07,"u":"29,57 €/KG","img":"https://fd3-photos.leclercdrive.fr/image.ashx?id=2355899&use=l&cat=p&typeid=i","cat":304251},{"id":16849,"n":"Chewing-gum Freedent white Menthe forte 70g","p":2.07,"u":"29,57 €/KG","img":"https://fd3-photos.leclercdrive.fr/image.ashx?id=2237292&use=l&cat=p&typeid=i","cat":304251},{"id":16916,"n":"Croquette Tous Mes Amis Vitalité - viande de boeuf 10kg","p":12.99,"u":"1,30 €/KG","img":"https://fd3-photos.leclercdrive.fr/image.ashx?id=2078635&use=l&cat=p&typeid=i","cat":284672},{"id":16920,"n":"Coeurs d'artichaut Notre Jardin 240g","p":2.49,"u":"10,38 €/KG","img":"https://fd3-photos.leclercdrive.fr/image.ashx?id=2674023&use=l&cat=p&typeid=i","cat":312611},{"id":16928,"n":"Escargots Maitre Coquille Bourgogne très gros - 500g","p":17.99,"u":"35,98 €/KG","img":"https://fd3-photos.leclercdrive.fr/image.ashx?id=1915572&use=l&cat=p&typeid=i","cat":319775},{"id":16947,"n":"Pâtes torti Panzani 1kg","p":1.55,"u":"1,55 €/KG","img":"https://fd3-photos.leclercdrive.fr/image.ashx?id=2873826&use=l&cat=p&typeid=i","cat":284427},{"id":16953,"n":"Riz long blanc - Riz Du Monde Parfumé - 5kg","p":11.93,"u":"2,39 €/KG","img":"https://fd3-photos.leclercdrive.fr/image.ashx?id=2250582&use=l&cat=p&typeid=i","cat":288992},{"id":16996,"n":"Liquide de rinçage Visior Lave-vaisselle - 750ml","p":0.89,"u":"1,19 €/L","img":"https://fd3-photos.leclercdrive.fr/image.ashx?id=2874377&use=l&cat=p&typeid=i","cat":284657},{"id":16999,"n":"Confiture Bonne Maman 4 fruits 370g + 20% offert","p":2.24,"u":"5,05 €/KG","img":"https://fd3-photos.leclercdrive.fr/image.ashx?id=2638139&use=l&cat=p&typeid=i","cat":284480},{"id":17014,"n":"Fromage apéritif Apéricube Sélection festive 48 cubes","p":4.17,"u":"16,68 €/KG","img":"https://fd3-photos.leclercdrive.fr/image.ashx?id=2882665&use=l&cat=p&typeid=i","cat":314027},{"id":17036,"n":"Mouchoirs blancs 3 plis Caresse Boîte mouchoirs papier x90","p":1.04,"u":"0,01 €/P","img":"https://fd3-photos.leclercdrive.fr/image.ashx?id=1286020&use=l&cat=p&typeid=i","cat":284638},{"id":17104,"n":"Tuiles Tokapi  Nature - 170g","p":1.35,"u":"7,94 €/KG","img":"https://fd3-photos.leclercdrive.fr/image.ashx?id=2632849&use=l&cat=p&typeid=i","cat":287899},{"id":17105,"n":"Chips Tuiles Tokapi Crème oignon - 170g","p":1.35,"u":"7,94 €/KG","img":"https://fd3-photos.leclercdrive.fr/image.ashx?id=2643375&use=l&cat=p&typeid=i","cat":287899},{"id":17108,"n":"Brume d'eau pure Inell 150ml","p":1.25,"u":"8,33 €/L","img":"https://fd3-photos.leclercdrive.fr/image.ashx?id=2712980&use=l&cat=p&typeid=i","cat":290295},{"id":17112,"n":"Limonade Bio village Bio - 1L","p":0.96,"u":"0,96 €/L","img":"https://fd3-photos.leclercdrive.fr/image.ashx?id=2632900&use=l&cat=p&typeid=i","cat":284531},{"id":17165,"n":"Poulet blanc Maître coq Eleveur de nos régions - 1,3kg","p":6.8,"u":"5,23 €/KG","img":"https://fd3-photos.leclercdrive.fr/image.ashx?id=2926359&use=l&cat=p&typeid=i","cat":284336},{"id":17189,"n":"Biscuit petit dej P'tit Déli Miel/pépites chocolat - 400g","p":2.15,"u":"5,38 €/KG","img":"https://fd3-photos.leclercdrive.fr/image.ashx?id=2999502&use=l&cat=p&typeid=i","cat":284491},{"id":17220,"n":"Nettoyant spray Clair Anti-calcaire 750ml","p":0.94,"u":"1,25 €/L","img":"https://fd3-photos.leclercdrive.fr/image.ashx?id=2882316&use=l&cat=p&typeid=i","cat":325362},{"id":17223,"n":"Mouchoirs blancs 3 plis Caresse Boîte déco décor aléatoire x70","p":1.52,"u":"0,02 €/P","img":"https://fd3-photos.leclercdrive.fr/image.ashx?id=2812548&use=l&cat=p&typeid=i","cat":284638},{"id":17288,"n":"Pâtes Alpina Savoie Frisettes - 500g","p":1.21,"u":"2,42 €/KG","img":"https://fd3-photos.leclercdrive.fr/image.ashx?id=2789853&use=l&cat=p&typeid=i","cat":284427},{"id":17290,"n":"Pâtes Alpina Avoine - 500g","p":1.37,"u":"2,74 €/KG","img":"https://fd3-photos.leclercdrive.fr/image.ashx?id=2789856&use=l&cat=p&typeid=i","cat":284427},{"id":17291,"n":"Semoule de maïs Alpina Moyenne - 1kg","p":2.18,"u":"2,18 €/KG","img":"https://fd3-photos.leclercdrive.fr/image.ashx?id=2020218&use=l&cat=p&typeid=i","cat":284431},{"id":17293,"n":"Génoise mix milk Balconi Pâtissier x10 280g","p":2.05,"u":"11,39 €/KG","img":"https://fd3-photos.leclercdrive.fr/image.ashx?id=2878411&use=l&cat=p&typeid=i","cat":284495},{"id":17295,"n":"Pâtes crozets Alpina Savoie Au sarrasin - 400g","p":2.67,"u":"6,68 €/KG","img":"https://fd3-photos.leclercdrive.fr/image.ashx?id=2795075&use=l&cat=p&typeid=i","cat":284427},{"id":17303,"n":"Gros sel de mer iodé Baleine 1kg","p":0.57,"u":"0,57 €/KG","img":"https://fd3-photos.leclercdrive.fr/image.ashx?id=2788526&use=l&cat=p&typeid=i","cat":284457},{"id":17340,"n":"Pizza Cuite sur pierre Turini  Poulet rôti poivrons - 400g","p":2.23,"u":"5,58 €/KG","img":"https://fd3-photos.leclercdrive.fr/image.ashx?id=2815235&use=l&cat=p&typeid=i","cat":284256},{"id":17362,"n":"Moules ASC Pêche Océan Décortiquées - 500g","p":3.38,"u":"6,76 €/KG","img":"https://fd3-photos.leclercdrive.fr/image.ashx?id=2835023&use=l&cat=p&typeid=i","cat":319787},{"id":17383,"n":"Gants ultra-résistants Mapa Taille L - x2","p":1.87,"u":"0,94 €/P","img":"https://fd3-photos.leclercdrive.fr/image.ashx?id=2732437&use=l&cat=p&typeid=i","cat":284668},{"id":17390,"n":"Tampon à récurer Mamison x3","p":0.68,"u":"0,23 €/P","img":"https://fd3-photos.leclercdrive.fr/image.ashx?id=2216957&use=l&cat=p&typeid=i","cat":284667},{"id":17392,"n":"Mouchoirs blanc 4 plis Univert Etuis x15 - Ecolabel","p":1.95,"u":"0,13 €/P","img":"https://fd3-photos.leclercdrive.fr/image.ashx?id=2549951&use=l&cat=p&typeid=i","cat":284638},{"id":17410,"n":"Gel anticalcaire Texil 750ml","p":2.59,"u":"3,45 €/L","img":"https://fd3-photos.leclercdrive.fr/image.ashx?id=2958711&use=l&cat=p&typeid=i","cat":284653},{"id":17413,"n":"Sacs congélation zip Elembal Petit modèle x25","p":1.45,"u":"0,06 €/P","img":"https://fd3-photos.leclercdrive.fr/image.ashx?id=2751883&use=l&cat=p&typeid=i","cat":334134},{"id":17414,"n":"Activateur de lavage Textil Spécial blanc 10 tablettes","p":2.1,"u":"9,33 €/KG","img":"https://fd3-photos.leclercdrive.fr/image.ashx?id=2964565&use=l&cat=p&typeid=i","cat":284651},{"id":17422,"n":"IGP Pays d'Oc Syrah vin rouge Vieux Carion -75 cl","p":2.25,"u":"3,00 €/L","img":"https://fd3-photos.leclercdrive.fr/image.ashx?id=2747749&use=l&cat=p&typeid=i","cat":289556},{"id":17425,"n":"Fromage blanc Délisse Vanille 2,5%MG - 8x100g","p":2.82,"u":"3,53 €/KG","img":"https://fd3-photos.leclercdrive.fr/image.ashx?id=3012827&use=l&cat=p&typeid=i","cat":284409},{"id":17469,"n":"Biscuits P'tit Déli Bâtonnets Chocolat blanc 150g","p":1.7,"u":"11,33 €/KG","img":"https://fd3-photos.leclercdrive.fr/image.ashx?id=2470195&use=l&cat=p&typeid=i","cat":284488},{"id":17516,"n":"Figues sèches Layer 500g","p":3.72,"u":"7,44 €/KG","img":"https://fd3-photos.leclercdrive.fr/image.ashx?id=1745039&use=l&cat=p&typeid=i","cat":284357},{"id":17623,"n":"Confit de canard Delpeyrat 1.350kg","p":15.47,"u":"11,46 €/KG","img":"https://fd3-photos.leclercdrive.fr/image.ashx?id=1955654&use=l&cat=p&typeid=i","cat":284440},{"id":17625,"n":"Bûche glacée Eskiss Fruits rouges et biscuit - 564g","p":5.88,"u":"10,43 €/KG","img":"https://fd3-photos.leclercdrive.fr/image.ashx?id=2968976&use=l&cat=p&typeid=i","cat":284266},{"id":17627,"n":"Mini bûches glacées Eskiss Assortiment - 311g","p":2.29,"u":"7,36 €/KG","img":"https://fd3-photos.leclercdrive.fr/image.ashx?id=2614458&use=l&cat=p&typeid=i","cat":284266},{"id":17645,"n":"Whisky Jameson 40%vol - 1L","p":28.89,"u":"28,89 €/L","img":"https://fd3-photos.leclercdrive.fr/image.ashx?id=2880922&use=l&cat=p&typeid=i","cat":284547},{"id":17653,"n":"Fromage apéritif Apéricube Best of des saveurs 48 cubes","p":4.17,"u":"16,68 €/KG","img":"https://fd3-photos.leclercdrive.fr/image.ashx?id=2882662&use=l&cat=p&typeid=i","cat":314027},{"id":17694,"n":"Couches bébé Mots d'Enfants T4+ Ultra confort - 9/20kg - x144","p":20.5,"u":"0,14 €/P","img":"https://fd3-photos.leclercdrive.fr/image.ashx?id=2689426&use=l&cat=p&typeid=i","cat":284737},{"id":17709,"n":"Sauce au poivre Knorr A la crème fraiche - 30cl","p":1.37,"u":"4,57 €/L","img":"https://fd3-photos.leclercdrive.fr/image.ashx?id=2985096&use=l&cat=p&typeid=i","cat":288381},{"id":17710,"n":"Sauce Hollandaise Knorr Au jus de citron - 30cl","p":1.49,"u":"4,97 €/L","img":"https://fd3-photos.leclercdrive.fr/image.ashx?id=2985099&use=l&cat=p&typeid=i","cat":288381},{"id":17717,"n":"Blanc de poulet Tradilège x4 160g","p":1.36,"u":"8,50 €/KG","img":"https://fd3-photos.leclercdrive.fr/image.ashx?id=2925738&use=l&cat=p&typeid=i","cat":316010},{"id":17767,"n":"Gambas entières Pêche Océan ASC - 400g","p":8.99,"u":"22,48 €/KG","img":"https://fd3-photos.leclercdrive.fr/image.ashx?id=1469051&use=l&cat=p&typeid=i","cat":319787},{"id":17783,"n":"Chocolats Ferrero Rocher x24 pralines - 300g","p":9.73,"u":"32,43 €/KG","img":"https://fd3-photos.leclercdrive.fr/image.ashx?id=2944999&use=l&cat=p&typeid=i","cat":327600},{"id":17813,"n":"Détachant Texil avant lavage 500ml","p":1.75,"u":"3,50 €/L","img":"https://fd3-photos.leclercdrive.fr/image.ashx?id=2958708&use=l&cat=p&typeid=i","cat":284651},{"id":17845,"n":"Saumon crème fraîche Marie Fondue poireaux 400g","p":4.93,"u":"12,33 €/KG","img":"https://fd3-photos.leclercdrive.fr/image.ashx?id=2996785&use=l&cat=p&typeid=i","cat":319786},{"id":17899,"n":"Knacks pur porc Tradilège Fumées au bois x10 - 350g","p":1.52,"u":"4,34 €/KG","img":"https://fd3-photos.leclercdrive.fr/image.ashx?id=2448321&use=l&cat=p&typeid=i","cat":316012},{"id":17901,"n":"Macaroni d'Alsace NRT 250g","p":1.39,"u":"5,56 €/KG","img":"https://fd3-photos.leclercdrive.fr/image.ashx?id=2839989&use=l&cat=p&typeid=i","cat":284427},{"id":17917,"n":"Nettoyant canalisations Ouragan Fraîcheur mentholée - 1L","p":3.48,"u":"3,48 €/L","img":"https://fd3-photos.leclercdrive.fr/image.ashx?id=2367544&use=l&cat=p&typeid=i","cat":284662},{"id":17931,"n":"Soupe Crème de potiron Knorr Déshydratée - 1L","p":1.37,"u":"1,37 €/L","img":"https://fd3-photos.leclercdrive.fr/image.ashx?id=2790813&use=l&cat=p&typeid=i","cat":284463},{"id":17932,"n":"Soupe forestière Knorr Déshydratée - 750ml","p":1.05,"u":"1,40 €/L","img":"https://fd3-photos.leclercdrive.fr/image.ashx?id=2790810&use=l&cat=p&typeid=i","cat":284463},{"id":17937,"n":"IGP Pruneaux d'agen Bio Village Bio - 250g","p":2.96,"u":"11,84 €/KG","img":"https://fd3-photos.leclercdrive.fr/image.ashx?id=2049211&use=l&cat=p&typeid=i","cat":284357},{"id":17938,"n":"Flan nappé caramel Bio Bio Village - 4x125g","p":1.99,"u":"3,98 €/KG","img":"https://fd3-photos.leclercdrive.fr/image.ashx?id=2992627&use=l&cat=p&typeid=i","cat":284420},{"id":17969,"n":"Purée de fruit NATURNES Pomme pêche 4M+ - 4x130g","p":2.2,"u":"4,23 €/KG","img":"https://fd3-photos.leclercdrive.fr/image.ashx?id=2629644&use=l&cat=p&typeid=i","cat":312387},{"id":18000,"n":"Lait céréales Blédidej 12 mois Chocolat biscuité - 4x250ml","p":3.56,"u":"3,56 €/L","img":"https://fd3-photos.leclercdrive.fr/image.ashx?id=2921028&use=l&cat=p&typeid=i","cat":312226},{"id":18001,"n":"Lait céréales Blédidej 6 mois Briochée - 4x250ml","p":3.48,"u":"3,48 €/L","img":"https://fd3-photos.leclercdrive.fr/image.ashx?id=2921049&use=l&cat=p&typeid=i","cat":312226},{"id":18016,"n":"Choux de Bruxelles 1kg","p":2.9,"u":"2,90 €/KG","img":"https://fd3-photos.leclercdrive.fr/image.ashx?id=598741&use=l&cat=p&typeid=i","cat":284352},{"id":18066,"n":"Nouilles chinoises Suzi Wan En nid - 250g","p":1.57,"u":"6,28 €/KG","img":"https://fd3-photos.leclercdrive.fr/image.ashx?id=2886253&use=l&cat=p&typeid=i","cat":288992},{"id":18096,"n":"Plat bébé Blédina 8 mois  Légumes saumon - 2x200g","p":2.63,"u":"6,58 €/KG","img":"https://fd3-photos.leclercdrive.fr/image.ashx?id=2975059&use=l&cat=p&typeid=i","cat":312236},{"id":18100,"n":"Lait céréales bébé Blédiner 12m Légumes soir - 2x250ml","p":1.82,"u":"3,64 €/L","img":"https://fd3-photos.leclercdrive.fr/image.ashx?id=2960144&use=l&cat=p&typeid=i","cat":312239},{"id":18123,"n":"Barres Copains Copines x16 - 200g","p":2.25,"u":"11,25 €/KG","img":"https://fd3-photos.leclercdrive.fr/image.ashx?id=2867335&use=l&cat=p&typeid=i","cat":284498},{"id":18124,"n":"Pêche poire cerise  Douceur du Verger - 4x70g","p":2.79,"u":"9,96 €/KG","img":"https://fd3-photos.leclercdrive.fr/image.ashx?id=2149378&use=l&cat=p&typeid=i","cat":284507},{"id":18207,"n":"Lingettes démaquillantes Inell x25","p":1.34,"u":"0,05 €/P","img":"https://fd3-photos.leclercdrive.fr/image.ashx?id=2769579&use=l&cat=p&typeid=i","cat":284603},{"id":18208,"n":"Lingettes démaquillantes Inell x25","p":1.34,"u":"0,05 €/P","img":"https://fd3-photos.leclercdrive.fr/image.ashx?id=2752622&use=l&cat=p&typeid=i","cat":284603},{"id":18221,"n":"Lardons supérieurs Tradilège Nature - 2x100g","p":1.85,"u":"9,25 €/KG","img":"https://fd3-photos.leclercdrive.fr/image.ashx?id=2933340&use=l&cat=p&typeid=i","cat":316011},{"id":18223,"n":"Lardons supérieurs Tradilège Fumés - 2x100g","p":1.85,"u":"9,25 €/KG","img":"https://fd3-photos.leclercdrive.fr/image.ashx?id=2933343&use=l&cat=p&typeid=i","cat":316011},{"id":18224,"n":"Allumettes Tradilège Nature - 2x100g","p":1.75,"u":"8,75 €/KG","img":"https://fd3-photos.leclercdrive.fr/image.ashx?id=2933349&use=l&cat=p&typeid=i","cat":316011},{"id":18225,"n":"Allumettes Tradilège Fumées - 2x100g","p":1.75,"u":"8,75 €/KG","img":"https://fd3-photos.leclercdrive.fr/image.ashx?id=2933346&use=l&cat=p&typeid=i","cat":316011},{"id":18227,"n":"Lardons supérieurs Tradilège Nature - 160g","p":1.5,"u":"9,38 €/KG","img":"https://fd3-photos.leclercdrive.fr/image.ashx?id=2751949&use=l&cat=p&typeid=i","cat":316011},{"id":18230,"n":"Lardons supérieurs Tradilège Fumés - 160g","p":1.5,"u":"9,38 €/KG","img":"https://fd3-photos.leclercdrive.fr/image.ashx?id=2816636&use=l&cat=p&typeid=i","cat":316011},{"id":18233,"n":"Poitrine Fumée Tradilège Tranches fines - 2x7T - 200g","p":2.48,"u":"12,40 €/KG","img":"https://fd3-photos.leclercdrive.fr/image.ashx?id=2852267&use=l&cat=p&typeid=i","cat":316011},{"id":18234,"n":"Jambon blanc Tradilège A l'italienne 4 tranches 120g","p":2.19,"u":"18,25 €/KG","img":"https://fd3-photos.leclercdrive.fr/image.ashx?id=2437079&use=l&cat=p&typeid=i","cat":316009},{"id":18236,"n":"Mousse de foie Tradilège 2x50g","p":0.99,"u":"9,90 €/KG","img":"https://fd3-photos.leclercdrive.fr/image.ashx?id=2930736&use=l&cat=p&typeid=i","cat":316008},{"id":18238,"n":"Mousse de canard Tradilège 180g","p":1.16,"u":"6,44 €/KG","img":"https://fd3-photos.leclercdrive.fr/image.ashx?id=2925729&use=l&cat=p&typeid=i","cat":316008},{"id":18240,"n":"Mousse de canard Tradilège 2x50g","p":1.09,"u":"10,90 €/KG","img":"https://fd3-photos.leclercdrive.fr/image.ashx?id=2840404&use=l&cat=p&typeid=i","cat":316008},{"id":18241,"n":"Pâté de campagne Tradilège Supérieur 180g","p":1.25,"u":"6,94 €/KG","img":"https://fd3-photos.leclercdrive.fr/image.ashx?id=2844848&use=l&cat=p&typeid=i","cat":316008},{"id":18246,"n":"Rillettes du Mans Tradilège 400g","p":2.32,"u":"5,80 €/KG","img":"https://fd3-photos.leclercdrive.fr/image.ashx?id=2580385&use=l&cat=p&typeid=i","cat":316008},{"id":18250,"n":"Saucisses Francfort Tradilège x4 240g","p":2.07,"u":"8,63 €/KG","img":"https://fd3-photos.leclercdrive.fr/image.ashx?id=2905955&use=l&cat=p&typeid=i","cat":316012},{"id":18257,"n":"Saucisses Cocktail Tradilège 400g","p":2.82,"u":"7,05 €/KG","img":"https://fd3-photos.leclercdrive.fr/image.ashx?id=2659082&use=l&cat=p&typeid=i","cat":316012},{"id":18258,"n":"Saucisse Tradilège Mini Knacks Pot micro ondable 200g","p":2.59,"u":"12,95 €/KG","img":"https://fd3-photos.leclercdrive.fr/image.ashx?id=2930921&use=l&cat=p&typeid=i","cat":316012},{"id":18262,"n":"Cervelas supérieur Tradilège 300g","p":2.1,"u":"7,00 €/KG","img":"https://fd3-photos.leclercdrive.fr/image.ashx?id=2421636&use=l&cat=p&typeid=i","cat":316012},{"id":18266,"n":"Dés de jambon Tradilège 2x75g","p":1.49,"u":"9,93 €/KG","img":"https://fd3-photos.leclercdrive.fr/image.ashx?id=2925732&use=l&cat=p&typeid=i","cat":316011},{"id":18267,"n":"Allumettes de jambon Tradilège 2x75g","p":1.05,"u":"7,00 €/KG","img":"https://fd3-photos.leclercdrive.fr/image.ashx?id=2925716&use=l&cat=p&typeid=i","cat":316011},{"id":18268,"n":"Rôti de porc Tradilège 4 tranches 160g","p":2.14,"u":"13,38 €/KG","img":"https://fd3-photos.leclercdrive.fr/image.ashx?id=2984173&use=l&cat=p&typeid=i","cat":316009},{"id":18277,"n":"Blanc de poulet Tradilège Aux fines herbes x4 120g","p":1.49,"u":"12,42 €/KG","img":"https://fd3-photos.leclercdrive.fr/image.ashx?id=2905961&use=l&cat=p&typeid=i","cat":316010},{"id":18280,"n":"Beignets pomme  4 p","p":3.0,"u":"0,75 €/P","img":"https://fd3-photos.leclercdrive.fr/image.ashx?id=661111&use=l&cat=p&typeid=i","cat":284984},{"id":18284,"n":"Beignets abricot  4 p","p":1.95,"u":"0,49 €/P","img":"https://fd3-photos.leclercdrive.fr/image.ashx?id=661099&use=l&cat=p&typeid=i","cat":284984},{"id":18287,"n":"Céréales Extra Kellogg's Chocolat au lait - 500g","p":3.13,"u":"6,26 €/KG","img":"https://fd3-photos.leclercdrive.fr/image.ashx?id=2692707&use=l&cat=p&typeid=i","cat":309512},{"id":18347,"n":"Porc : Paupiette Férial x6 780g","p":7.78,"u":"9,97 €/KG","img":"https://fd3-photos.leclercdrive.fr/image.ashx?id=2852291&use=l&cat=p&typeid=i","cat":284331},{"id":18351,"n":"Fromage à tartiner Les Croisés Nature - 25%mg - 150g","p":1.24,"u":"8,27 €/KG","img":"https://fd3-photos.leclercdrive.fr/image.ashx?id=1671226&use=l&cat=p&typeid=i","cat":314029},{"id":18355,"n":"Gambas sauvage Pêche Océan Taille 4/7 500g","p":11.47,"u":"22,94 €/KG","img":"https://fd3-photos.leclercdrive.fr/image.ashx?id=1991086&use=l&cat=p&typeid=i","cat":319787},{"id":18362,"n":"Biscuit bébé Blédina 10 mois Boudoir - 120g","p":1.86,"u":"15,50 €/KG","img":"https://fd3-photos.leclercdrive.fr/image.ashx?id=2801114&use=l&cat=p&typeid=i","cat":312227},{"id":18363,"n":"Pots bébé bio Babybio Maïs poulet - 8 mois - 2x200g","p":2.75,"u":"6,88 €/KG","img":"https://fd3-photos.leclercdrive.fr/image.ashx?id=2827461&use=l&cat=p&typeid=i","cat":312236},{"id":18364,"n":"Haricots rouges D'aucy  250g","p":1.14,"u":"4,56 €/KG","img":"https://fd3-photos.leclercdrive.fr/image.ashx?id=2538434&use=l&cat=p&typeid=i","cat":312606},{"id":18374,"n":"Petits pois d'aucy  Extra-fins - 280g","p":1.01,"u":"3,61 €/KG","img":"https://fd3-photos.leclercdrive.fr/image.ashx?id=2503434&use=l&cat=p&typeid=i","cat":312607},{"id":18375,"n":"Petits pois carottes d''Aucy Extra fins - 265g","p":1.05,"u":"3,96 €/KG","img":"https://fd3-photos.leclercdrive.fr/image.ashx?id=2475324&use=l&cat=p&typeid=i","cat":312607},{"id":18389,"n":"Poivre Ducros Spécial moulin - 100g","p":3.57,"u":"35,70 €/KG","img":"https://fd3-photos.leclercdrive.fr/image.ashx?id=2559439&use=l&cat=p&typeid=i","cat":284457},{"id":18393,"n":"Persil Ducros 17g","p":1.83,"u":"107,65 €/KG","img":"https://fd3-photos.leclercdrive.fr/image.ashx?id=2559436&use=l&cat=p&typeid=i","cat":298297},{"id":18394,"n":"Persil Ducros 30g","p":3.46,"u":"115,33 €/KG","img":"https://fd3-photos.leclercdrive.fr/image.ashx?id=2486554&use=l&cat=p&typeid=i","cat":298297},{"id":18403,"n":"Poivre saveur et épices Ducros Moulin - 30g","p":2.87,"u":"95,67 €/KG","img":"https://fd3-photos.leclercdrive.fr/image.ashx?id=2353698&use=l&cat=p&typeid=i","cat":284457},{"id":18404,"n":"Safran moulu Ducros 4 doses - 0.4g","p":3.37,"img":"https://fd3-photos.leclercdrive.fr/image.ashx?id=2580490&use=l&cat=p&typeid=i","cat":298297},{"id":18408,"n":"Thon entier Pêche Océan Naturel - 140g","p":1.9,"u":"13,57 €/KG","img":"https://fd3-photos.leclercdrive.fr/image.ashx?id=2941426&use=l&cat=p&typeid=i","cat":303867},{"id":18409,"n":"Thon entier Pêche Océan Naturel - 93g","p":1.39,"u":"14,95 €/KG","img":"https://fd3-photos.leclercdrive.fr/image.ashx?id=2942184&use=l&cat=p&typeid=i","cat":303867},{"id":18410,"n":"Pâtées chat Gold Gourmet Les noisettes -  12x85g","p":6.44,"u":"6,31 €/KG","img":"https://fd3-photos.leclercdrive.fr/image.ashx?id=2908318&use=l&cat=p&typeid=i","cat":285286},{"id":18435,"n":"Petits fours apéritif Kauffer's Assortiment x100 - 1kg","p":9.27,"u":"9,27 €/KG","img":"https://fd3-photos.leclercdrive.fr/image.ashx?id=1988340&use=l&cat=p&typeid=i","cat":319774},{"id":18437,"n":"Allumettes Bacon Tradilège Fumées - 2x100g","p":1.74,"u":"8,70 €/KG","img":"https://fd3-photos.leclercdrive.fr/image.ashx?id=2905952&use=l&cat=p&typeid=i","cat":316011},{"id":18441,"n":"Pur jus de fruits Jafaden Mandarine - 1L","p":2.39,"u":"2,39 €/L","img":"https://fd3-photos.leclercdrive.fr/image.ashx?id=2956044&use=l&cat=p&typeid=i","cat":284915},{"id":18501,"n":"Aromat Knorr 70g","p":1.86,"u":"26,57 €/KG","img":"https://fd3-photos.leclercdrive.fr/image.ashx?id=2866750&use=l&cat=p&typeid=i","cat":298297},{"id":18577,"n":"Papier toilette Mimosa Blanc - Ultra doux - x24","p":4.33,"u":"0,18 €/P","img":"https://fd3-photos.leclercdrive.fr/image.ashx?id=2777851&use=l&cat=p&typeid=i","cat":284634},{"id":18598,"n":"Yaourts à la Grecque Délisse Mûre Framboise - 4x150g","p":1.99,"u":"3,32 €/KG","img":"https://fd3-photos.leclercdrive.fr/image.ashx?id=2699441&use=l&cat=p&typeid=i","cat":314999},{"id":18669,"n":"Snacks Tokapi 4 saveurs - 100g","p":0.87,"u":"8,70 €/KG","img":"https://fd3-photos.leclercdrive.fr/image.ashx?id=2588932&use=l&cat=p&typeid=i","cat":284449},{"id":18670,"n":"Tuiles Tokapi Bacon - 170g","p":1.39,"u":"8,18 €/KG","img":"https://fd3-photos.leclercdrive.fr/image.ashx?id=2657205&use=l&cat=p&typeid=i","cat":287899},{"id":18671,"n":"Tuiles Tokapi Paprika - 170g","p":1.35,"u":"7,94 €/KG","img":"https://fd3-photos.leclercdrive.fr/image.ashx?id=2632852&use=l&cat=p&typeid=i","cat":287899},{"id":18676,"n":"Allume-feu Silex cubes 18 sachets individuels","p":3.23,"img":"https://fd3-photos.leclercdrive.fr/image.ashx?id=2643584&use=l&cat=p&typeid=i","cat":300578},{"id":18695,"n":"IGP Ail blanc de Lomagne  Nos Régions ont du Talent 320g","p":3.99,"u":"12,47 €/KG","img":"https://fd3-photos.leclercdrive.fr/image.ashx?id=2039593&use=l&cat=p&typeid=i","cat":284352},{"id":18746,"n":"Pavés de boeuf à l'échalote Férial x2 - 240g","p":4.79,"u":"19,96 €/KG","img":"https://fd3-photos.leclercdrive.fr/image.ashx?id=2854273&use=l&cat=p&typeid=i","cat":284328},{"id":18747,"n":"Pavés de boeuf marinés 3 poivre Férial x2 - 240g","p":4.75,"u":"19,79 €/KG","img":"https://fd3-photos.leclercdrive.fr/image.ashx?id=2854276&use=l&cat=p&typeid=i","cat":284328},{"id":18748,"n":"Pavés de boeuf marinés nature F x2 - 240g","p":4.99,"u":"20,79 €/KG","img":"https://fd3-photos.leclercdrive.fr/image.ashx?id=2854270&use=l&cat=p&typeid=i","cat":284328},{"id":18754,"n":"Boulettes nature Férial x12 - 300g","p":4.09,"u":"13,63 €/KG","img":"https://fd3-photos.leclercdrive.fr/image.ashx?id=2816624&use=l&cat=p&typeid=i","cat":284332},{"id":18853,"n":"Soin de jour Diadermine Lift+ Elastine Anti-rides - 50ml","p":6.84,"u":"136,80 €/L","img":"https://fd3-photos.leclercdrive.fr/image.ashx?id=2464024&use=l&cat=p&typeid=i","cat":325345},{"id":18953,"n":"Thon entier Pêche Océan Naturel - 186g","p":2.5,"u":"13,44 €/KG","img":"https://fd3-photos.leclercdrive.fr/image.ashx?id=2942190&use=l&cat=p&typeid=i","cat":303867},{"id":18968,"n":"Gâteaux mini marbrés P'tit Déli Chocolat x7 - 189g","p":1.59,"u":"8,41 €/KG","img":"https://fd3-photos.leclercdrive.fr/image.ashx?id=1947360&use=l&cat=p&typeid=i","cat":284495},{"id":18983,"n":"Crème glacée Eskiss Noix de coco - 494g","p":2.82,"u":"5,71 €/KG","img":"https://fd3-photos.leclercdrive.fr/image.ashx?id=2982607&use=l&cat=p&typeid=i","cat":284263},{"id":18996,"n":"Confiture Bonne Maman 4 fruits rouges - 370g","p":2.63,"u":"7,11 €/KG","img":"https://fd3-photos.leclercdrive.fr/image.ashx?id=2547474&use=l&cat=p&typeid=i","cat":284480},{"id":18997,"n":"Confiture Bonne Maman Châtaigne 370g","p":1.97,"u":"5,32 €/KG","img":"https://fd3-photos.leclercdrive.fr/image.ashx?id=2474987&use=l&cat=p&typeid=i","cat":284480},{"id":19023,"n":"Sirop Frucci Citron - 1L","p":2.04,"u":"2,04 €/L","img":"https://fd3-photos.leclercdrive.fr/image.ashx?id=2955656&use=l&cat=p&typeid=i","cat":295020},{"id":19066,"n":"Vodka Poliakov 37,5%vol - 1L","p":17.49,"u":"17,49 €/L","img":"https://fd3-photos.leclercdrive.fr/image.ashx?id=2576916&use=l&cat=p&typeid=i","cat":284550},{"id":19098,"n":"Cookies gros éclats Granola Chocolat - 184g","p":1.8,"u":"9,78 €/KG","img":"https://fd3-photos.leclercdrive.fr/image.ashx?id=2996413&use=l&cat=p&typeid=i","cat":325066},{"id":19102,"n":"Croquettes chat Purina One Stérilisé-Saumon/Céréales-1,5kg","p":6.86,"u":"4,57 €/KG","img":"https://fd3-photos.leclercdrive.fr/image.ashx?id=2541268&use=l&cat=p&typeid=i","cat":284680},{"id":19109,"n":"Café moulu Bio Ethiquable  100% Arabica Equateur - 250g","p":5.97,"u":"23,88 €/KG","img":"https://fd3-photos.leclercdrive.fr/image.ashx?id=2875153&use=l&cat=p&typeid=i","cat":284750},{"id":19110,"n":"Boeuf Bourguignon Côté Table 300g","p":2.05,"u":"6,83 €/KG","img":"https://fd3-photos.leclercdrive.fr/image.ashx?id=2517679&use=l&cat=p&typeid=i","cat":284953},{"id":19112,"n":"Thé vert Bio Ethiquable Gingembre Citron vert x20 - 36g","p":2.43,"u":"67,50 €/KG","img":"https://fd3-photos.leclercdrive.fr/image.ashx?id=2870842&use=l&cat=p&typeid=i","cat":293233},{"id":19114,"n":"Sucre de canne Bio Ethiquable Complet en poudre - 500g","p":2.32,"u":"4,64 €/KG","img":"https://fd3-photos.leclercdrive.fr/image.ashx?id=2875483&use=l&cat=p&typeid=i","cat":284502},{"id":19119,"n":"Pains au lait La Boulangère Bio x8 - 280g","p":2.05,"u":"7,32 €/KG","img":"https://fd3-photos.leclercdrive.fr/image.ashx?id=2972460&use=l&cat=p&typeid=i","cat":293505},{"id":19138,"n":"Semoule Couscous Bio Village Semi complet Bio - 500g","p":1.95,"u":"3,90 €/KG","img":"https://fd3-photos.leclercdrive.fr/image.ashx?id=2814217&use=l&cat=p&typeid=i","cat":284429},{"id":19146,"n":"Cappelletti bio Céréal Bio tofu et Chèvre express-220g","p":1.97,"u":"8,95 €/KG","img":"https://fd3-photos.leclercdrive.fr/image.ashx?id=2642372&use=l&cat=p&typeid=i","cat":287600},{"id":19150,"n":"Compotes Andros Délice de rhubarbe - 4x100g","p":2.48,"u":"6,20 €/KG","img":"https://fd3-photos.leclercdrive.fr/image.ashx?id=2845461&use=l&cat=p&typeid=i","cat":284416},{"id":19152,"n":"Huile d'olive Bio Soleou Vierge extra fruttato - 75cl","p":9.78,"u":"13,04 €/L","img":"https://fd3-photos.leclercdrive.fr/image.ashx?id=2732614&use=l&cat=p&typeid=i","cat":284453},{"id":19155,"n":"Farine de blé Bio Francine 1kg","p":1.97,"u":"1,97 €/KG","img":"https://fd3-photos.leclercdrive.fr/image.ashx?id=2989117&use=l&cat=p&typeid=i","cat":284503},{"id":19202,"n":"Galettes bio Bio Village 4 céréales x17 - 130g","p":0.99,"u":"7,62 €/KG","img":"https://fd3-photos.leclercdrive.fr/image.ashx?id=2816154&use=l&cat=p&typeid=i","cat":318651},{"id":19203,"n":"Flocons d'avoine complet Bjorg Bio 500g","p":1.9,"u":"3,80 €/KG","img":"https://fd3-photos.leclercdrive.fr/image.ashx?id=2906151&use=l&cat=p&typeid=i","cat":309512},{"id":19208,"n":"Biscuits nappés Bio Village Chocolat noir Bio 200g","p":2.62,"u":"13,10 €/KG","img":"https://fd3-photos.leclercdrive.fr/image.ashx?id=1937510&use=l&cat=p&typeid=i","cat":284488},{"id":19210,"n":"Flageolets Préparés Cassegrain Extra Fins 265g","p":1.73,"u":"6,53 €/KG","img":"https://fd3-photos.leclercdrive.fr/image.ashx?id=2983084&use=l&cat=p&typeid=i","cat":312606},{"id":19211,"n":"Lentilles Préparées Cassegrain Tendres et Fondants 265g","p":1.64,"u":"6,19 €/KG","img":"https://fd3-photos.leclercdrive.fr/image.ashx?id=2952460&use=l&cat=p&typeid=i","cat":312609},{"id":19239,"n":"Fruits au sirop St Mamet Pêches - 475g","p":3.57,"u":"7,52 €/KG","img":"https://fd3-photos.leclercdrive.fr/image.ashx?id=2630217&use=l&cat=p&typeid=i","cat":284507},{"id":19240,"n":"Fruits au sirop St Mamet Poires Williams - 465g","p":3.18,"u":"6,84 €/KG","img":"https://fd3-photos.leclercdrive.fr/image.ashx?id=2630223&use=l&cat=p&typeid=i","cat":284507},{"id":19255,"n":"Croquettes chat Purina One Light Adulte -Poulet/Blé -1,5kg","p":6.97,"u":"4,65 €/KG","img":"https://fd3-photos.leclercdrive.fr/image.ashx?id=2432010&use=l&cat=p&typeid=i","cat":284680},{"id":19256,"n":"Croquettes chat Purina One Adulte d'intérieur-Dinde -1,5kg","p":7.23,"u":"4,82 €/KG","img":"https://fd3-photos.leclercdrive.fr/image.ashx?id=2902271&use=l&cat=p&typeid=i","cat":284680},{"id":19257,"n":"Croquettes chat Purina One Sensible Adulte-Dinde/Riz-450g","p":2.6,"u":"5,78 €/KG","img":"https://fd3-photos.leclercdrive.fr/image.ashx?id=2459658&use=l&cat=p&typeid=i","cat":284680},{"id":19258,"n":"Croquettes chat Plénima Premium Stérilisé - 450g","p":1.75,"u":"3,89 €/KG","img":"https://fd3-photos.leclercdrive.fr/image.ashx?id=1943373&use=l&cat=p&typeid=i","cat":284680},{"id":19262,"n":"Thon Saupiquet Mayonnaise - 2x135g","p":2.07,"u":"7,67 €/KG","img":"https://fd3-photos.leclercdrive.fr/image.ashx?id=2681017&use=l&cat=p&typeid=i","cat":303867},{"id":19263,"n":"Filets de maquereaux Saupiquet A la moutarde - 169g","p":2.13,"u":"12,60 €/KG","img":"https://fd3-photos.leclercdrive.fr/image.ashx?id=2829961&use=l&cat=p&typeid=i","cat":303868},{"id":19272,"n":"Thé Yunnan TuoCha Infusette - x25 - 50g","p":3.17,"u":"63,40 €/KG","img":"https://fd3-photos.leclercdrive.fr/image.ashx?id=1761906&use=l&cat=p&typeid=i","cat":293233},{"id":19283,"n":"Huile pépins de raisin Tramier 1L","p":4.95,"u":"4,95 €/L","img":"https://fd3-photos.leclercdrive.fr/image.ashx?id=2299454&use=l&cat=p&typeid=i","cat":284453},{"id":19284,"n":"Huile pépins de raisin Cauvin 1l","p":7.39,"u":"7,39 €/L","img":"https://fd3-photos.leclercdrive.fr/image.ashx?id=2479234&use=l&cat=p&typeid=i","cat":284453},{"id":19285,"n":"Sauce crudités Rustica Fines herbes - 50cl","p":0.88,"u":"1,76 €/L","img":"https://fd3-photos.leclercdrive.fr/image.ashx?id=1972916&use=l&cat=p&typeid=i","cat":284456},{"id":19291,"n":"Mélange Apérifruits Vico Fruits exotiques - 120g","p":1.74,"u":"14,50 €/KG","img":"https://fd3-photos.leclercdrive.fr/image.ashx?id=2333540&use=l&cat=p&typeid=i","cat":284448},{"id":19296,"n":"Gressins Tokapi Sésame - 125g","p":0.99,"u":"7,92 €/KG","img":"https://fd3-photos.leclercdrive.fr/image.ashx?id=1993574&use=l&cat=p&typeid=i","cat":297000},{"id":19297,"n":"Lait céréales bébé Blédiner 6m Potiron soir - 2x250ml","p":1.78,"u":"3,56 €/L","img":"https://fd3-photos.leclercdrive.fr/image.ashx?id=2960141&use=l&cat=p&typeid=i","cat":312239},{"id":19298,"n":"Gressins Tokapi  Huile d'olive romarin - 125g","p":1.41,"u":"11,28 €/KG","img":"https://fd3-photos.leclercdrive.fr/image.ashx?id=1993577&use=l&cat=p&typeid=i","cat":297000},{"id":19303,"n":"Mini penne Turini 500g","p":0.98,"u":"1,96 €/KG","img":"https://fd3-photos.leclercdrive.fr/image.ashx?id=3015063&use=l&cat=p&typeid=i","cat":284427},{"id":19304,"n":"Mini farfalle Turini 500g","p":1.26,"u":"2,52 €/KG","img":"https://fd3-photos.leclercdrive.fr/image.ashx?id=2607494&use=l&cat=p&typeid=i","cat":284427},{"id":19305,"n":"Pâtes Spaghetti Panzani 3 Minutes - 500G","p":1.18,"u":"2,36 €/KG","img":"https://fd3-photos.leclercdrive.fr/image.ashx?id=3008035&use=l&cat=p&typeid=i","cat":284427},{"id":19308,"n":"Epices pour guacamole Old el paso - 20g","p":1.24,"u":"62,00 €/KG","img":"https://fd3-photos.leclercdrive.fr/image.ashx?id=2858168&use=l&cat=p&typeid=i","cat":288993},{"id":19313,"n":"Tartelettes Bonne Maman A la framboise étui 135g","p":1.38,"u":"10,22 €/KG","img":"https://fd3-photos.leclercdrive.fr/image.ashx?id=2984383&use=l&cat=p&typeid=i","cat":284489},{"id":19353,"n":"Mao Croqui Haribo Sachet bonbons - 250g","p":1.37,"u":"5,48 €/KG","img":"https://fd3-photos.leclercdrive.fr/image.ashx?id=2805192&use=l&cat=p&typeid=i","cat":304250},{"id":19356,"n":"Infusion bio Jardin Bio Thym Menthe - x20 sachets - 30g","p":1.79,"u":"59,67 €/KG","img":"https://fd3-photos.leclercdrive.fr/image.ashx?id=2792654&use=l&cat=p&typeid=i","cat":293234},{"id":19364,"n":"Madeleines extra Ker Cadélac Coquilles moelleuses x24 - 600g","p":3.14,"u":"5,23 €/KG","img":"https://fd3-photos.leclercdrive.fr/image.ashx?id=2939511&use=l&cat=p&typeid=i","cat":284492},{"id":19366,"n":"Barres céréales Grany Chocolat - 125g","p":1.88,"u":"15,04 €/KG","img":"https://fd3-photos.leclercdrive.fr/image.ashx?id=2773613&use=l&cat=p&typeid=i","cat":285869},{"id":19367,"n":"Chocolat au lait Alter Eco  fondant Bio - 100g","p":2.48,"u":"24,80 €/KG","img":"https://fd3-photos.leclercdrive.fr/image.ashx?id=2912353&use=l&cat=p&typeid=i","cat":284497},{"id":19368,"n":"Barres céréales Grany Noisettes - 125g","p":1.96,"u":"15,68 €/KG","img":"https://fd3-photos.leclercdrive.fr/image.ashx?id=2773607&use=l&cat=p&typeid=i","cat":285869},{"id":19386,"n":"Méli mélo céréales lég Tipiak 330g","p":2.48,"u":"7,52 €/KG","img":"https://fd3-photos.leclercdrive.fr/image.ashx?id=2563715&use=l&cat=p&typeid=i","cat":284429},{"id":19393,"n":"Café moulu Eco+ Décaféiné - 250g","p":2.63,"u":"10,52 €/KG","img":"https://fd3-photos.leclercdrive.fr/image.ashx?id=2784171&use=l&cat=p&typeid=i","cat":284750},{"id":19402,"n":"Chocolat Côte d'Or Noir pâte d'amandes 150g","p":3.48,"u":"23,20 €/KG","img":"https://fd3-photos.leclercdrive.fr/image.ashx?id=2985585&use=l&cat=p&typeid=i","cat":284956},{"id":19407,"n":"Tablette chocolat Milka Chocolat lait/daim - 2x100g","p":3.06,"u":"15,30 €/KG","img":"https://fd3-photos.leclercdrive.fr/image.ashx?id=3009149&use=l&cat=p&typeid=i","cat":284497},{"id":19408,"n":"Soupe Velouté Bio Village Bio Légumes verts - 1L","p":2.42,"u":"2,42 €/L","img":"https://fd3-photos.leclercdrive.fr/image.ashx?id=2352237&use=l&cat=p&typeid=i","cat":284462},{"id":19411,"n":"Compote Allégée en sucres Eco+ Coupelle pomme - 4x100g","p":0.55,"u":"1,38 €/KG","img":"https://fd3-photos.leclercdrive.fr/image.ashx?id=1961398&use=l&cat=p&typeid=i","cat":284508},{"id":19417,"n":"Miel gelée royale Lune Miel 250g","p":4.72,"u":"18,88 €/KG","img":"https://fd3-photos.leclercdrive.fr/image.ashx?id=2607650&use=l&cat=p&typeid=i","cat":287643},{"id":19418,"n":"Pâtes serpentini Turini 500g","p":0.84,"u":"1,68 €/KG","img":"https://fd3-photos.leclercdrive.fr/image.ashx?id=2744231&use=l&cat=p&typeid=i","cat":284427},{"id":19420,"n":"Pâtes Torsades Turini Nature tomate épinard - 500g","p":1.1,"u":"2,20 €/KG","img":"https://fd3-photos.leclercdrive.fr/image.ashx?id=2607485&use=l&cat=p&typeid=i","cat":284427},{"id":19424,"n":"Spaghetti Turini Au blé complet - 500g","p":0.95,"u":"1,90 €/KG","img":"https://fd3-photos.leclercdrive.fr/image.ashx?id=2607497&use=l&cat=p&typeid=i","cat":284427},{"id":19426,"n":"Gâteaux L'Ourson Lulu LU Chocolat - 150g","p":1.3,"u":"8,67 €/KG","img":"https://fd3-photos.leclercdrive.fr/image.ashx?id=3014425&use=l&cat=p&typeid=i","cat":284495},{"id":19427,"n":"Pâtes penne Turini Blé complet - 500g","p":1.0,"u":"2,00 €/KG","img":"https://fd3-photos.leclercdrive.fr/image.ashx?id=2607500&use=l&cat=p&typeid=i","cat":284427},{"id":19432,"n":"Pains au chocolat Eco+ x10 - 450g","p":1.55,"u":"3,44 €/KG","img":"https://fd3-photos.leclercdrive.fr/image.ashx?id=2927833&use=l&cat=p&typeid=i","cat":296366},{"id":19435,"n":"Barres de céréales Special K Kellogg's Chocolat lait - 6x20g","p":2.09,"u":"17,42 €/KG","img":"https://fd3-photos.leclercdrive.fr/image.ashx?id=2306366&use=l&cat=p&typeid=i","cat":285869},{"id":19440,"n":"Flageolets d'aucy  Extra-fins - 530g","p":1.85,"u":"3,49 €/KG","img":"https://fd3-photos.leclercdrive.fr/image.ashx?id=2486152&use=l&cat=p&typeid=i","cat":312606},{"id":19442,"n":"Flageolets d'aucy  Extra-fins - 265g","p":1.24,"u":"4,68 €/KG","img":"https://fd3-photos.leclercdrive.fr/image.ashx?id=2503437&use=l&cat=p&typeid=i","cat":312606},{"id":19443,"n":"Thé vert Bio Ethiquable Tonique Ceylan x20 - 36g","p":2.62,"u":"72,78 €/KG","img":"https://fd3-photos.leclercdrive.fr/image.ashx?id=2971676&use=l&cat=p&typeid=i","cat":293233},{"id":19455,"n":"Confiture bio Jardin Bio Allégée framboises - 320g","p":2.94,"u":"9,19 €/KG","img":"https://fd3-photos.leclercdrive.fr/image.ashx?id=2537580&use=l&cat=p&typeid=i","cat":284480},{"id":19463,"n":"Sticks dentaires Lydog Moyen chien - x7 - 180g","p":1.39,"u":"7,72 €/KG","img":"https://fd3-photos.leclercdrive.fr/image.ashx?id=1878598&use=l&cat=p&typeid=i","cat":294527},{"id":19470,"n":"Gourmandise de Pois Cassegrain à la Provençale 375g","p":3.38,"u":"9,01 €/KG","img":"https://fd3-photos.leclercdrive.fr/image.ashx?id=2912998&use=l&cat=p&typeid=i","cat":312607},{"id":19471,"n":"Mélange Le Sélect Vico Graines variées - 100g","p":2.22,"u":"22,20 €/KG","img":"https://fd3-photos.leclercdrive.fr/image.ashx?id=2569839&use=l&cat=p&typeid=i","cat":284448},{"id":19472,"n":"Fruits au sirop Del Monte Ananas en tranches - 350g","p":2.26,"u":"6,46 €/KG","img":"https://fd3-photos.leclercdrive.fr/image.ashx?id=2802326&use=l&cat=p&typeid=i","cat":284507},{"id":19473,"n":"Assiettes rondes Homeside Biodégradables 23cm x25","p":2.99,"img":"https://fd3-photos.leclercdrive.fr/image.ashx?id=1659687&use=l&cat=p&typeid=i","cat":334134},{"id":19487,"n":"Cassoulet Toulousain   Raynal Et Roquelaure - 840g","p":4.47,"u":"5,32 €/KG","img":"https://fd3-photos.leclercdrive.fr/image.ashx?id=2928387&use=l&cat=p&typeid=i","cat":284440},{"id":19491,"n":"Couscous tunisien Côté Table Kefta merguez - 300g","p":2.19,"u":"7,30 €/KG","img":"https://fd3-photos.leclercdrive.fr/image.ashx?id=2900097&use=l&cat=p&typeid=i","cat":284953},{"id":19493,"n":"Colin d'alaska Côté Table Barquette micro-ondable 300g","p":1.99,"u":"6,63 €/KG","img":"https://fd3-photos.leclercdrive.fr/image.ashx?id=2770311&use=l&cat=p&typeid=i","cat":284953},{"id":19505,"n":"Olives vertes Crespo Dénoyautées 160g","p":1.97,"u":"12,31 €/KG","img":"https://fd3-photos.leclercdrive.fr/image.ashx?id=2616895&use=l&cat=p&typeid=i","cat":284458},{"id":19535,"n":"Stick lèvres Inell Nourrissant - 2 pièces","p":1.99,"u":"1,00 €/P","img":"https://fd3-photos.leclercdrive.fr/image.ashx?id=2841622&use=l&cat=p&typeid=i","cat":285485},{"id":19542,"n":"Filets de saumon rose Findus Pacifique - MSC - x4 - 400g","p":11.34,"u":"28,35 €/KG","img":"https://fd3-photos.leclercdrive.fr/image.ashx?id=2735326&use=l&cat=p&typeid=i","cat":319786},{"id":19575,"n":"Lait démaquillant Inell Douceur 250ml","p":1.59,"u":"6,36 €/L","img":"https://fd3-photos.leclercdrive.fr/image.ashx?id=2691622&use=l&cat=p&typeid=i","cat":284603},{"id":19601,"n":"Gâteaux marbrés P'tit Déli x14 378g","p":2.97,"u":"7,86 €/KG","img":"https://fd3-photos.leclercdrive.fr/image.ashx?id=1947363&use=l&cat=p&typeid=i","cat":284495},{"id":19604,"n":"Gâteaux P'tit Déli A base de yaourt x7 - 189g","p":1.88,"u":"9,95 €/KG","img":"https://fd3-photos.leclercdrive.fr/image.ashx?id=2059086&use=l&cat=p&typeid=i","cat":294776},{"id":19609,"n":"Tuiles Tokapi Fromage - 170g","p":1.39,"u":"8,18 €/KG","img":"https://fd3-photos.leclercdrive.fr/image.ashx?id=2647426&use=l&cat=p&typeid=i","cat":287899},{"id":19611,"n":"Soupe Velouté Régal Soupe Tomates - 2x30cl","p":1.49,"u":"2,48 €/L","img":"https://fd3-photos.leclercdrive.fr/image.ashx?id=2819271&use=l&cat=p&typeid=i","cat":284462},{"id":19622,"n":"Soupe Minestrone Régal Soupe Déshydratée - 104g","p":0.68,"u":"6,54 €/KG","img":"https://fd3-photos.leclercdrive.fr/image.ashx?id=2663275&use=l&cat=p&typeid=i","cat":284463},{"id":19623,"n":"Soupe Crème asperge Régal Soupe Déshydratée - 70g","p":1.05,"u":"15,00 €/KG","img":"https://fd3-photos.leclercdrive.fr/image.ashx?id=2663272&use=l&cat=p&typeid=i","cat":284463},{"id":19625,"n":"Mini goûters P'tit Déli Fraise 168g","p":1.13,"u":"6,73 €/KG","img":"https://fd3-photos.leclercdrive.fr/image.ashx?id=2310498&use=l&cat=p&typeid=i","cat":284489},{"id":19643,"n":"Muesli Floconneux Bio Village Fruits secs Bio - 500g","p":2.13,"u":"4,26 €/KG","img":"https://fd3-photos.leclercdrive.fr/image.ashx?id=2949224&use=l&cat=p&typeid=i","cat":309512},{"id":19645,"n":"Mini-crêpes fourrées Tokapi Cheddar - 65g","p":1.99,"u":"30,62 €/KG","img":"https://fd3-photos.leclercdrive.fr/image.ashx?id=2853889&use=l&cat=p&typeid=i","cat":297000},{"id":19660,"n":"Cordons bleus Pic'Express Au poulet 4x100g","p":3.63,"u":"9,08 €/KG","img":"https://fd3-photos.leclercdrive.fr/image.ashx?id=2852949&use=l&cat=p&typeid=i","cat":319780},{"id":19684,"n":"tofu nature bio bjorg  - 2x200g","p":2.74,"u":"6,85 €/KG","img":"https://fd3-photos.leclercdrive.fr/image.ashx?id=2907979&use=l&cat=p&typeid=i","cat":284953},{"id":19699,"n":"Sucre pure canne blond Beghin Say - 1kg","p":3.04,"u":"3,04 €/KG","img":"https://fd3-photos.leclercdrive.fr/image.ashx?id=2977321&use=l&cat=p&typeid=i","cat":284502},{"id":19701,"n":"Salade Piémontaise Petit Navire Au thon - 220g","p":1.89,"u":"8,59 €/KG","img":"https://fd3-photos.leclercdrive.fr/image.ashx?id=2829655&use=l&cat=p&typeid=i","cat":284437},{"id":19702,"n":"Sucre en poudre Béghin Say 750g","p":1.93,"u":"2,57 €/KG","img":"https://fd3-photos.leclercdrive.fr/image.ashx?id=2866352&use=l&cat=p&typeid=i","cat":284502},{"id":19723,"n":"Sacs congélation zip Elembal Grand x15","p":1.8,"u":"0,12 €/P","img":"https://fd3-photos.leclercdrive.fr/image.ashx?id=2751889&use=l&cat=p&typeid=i","cat":334134},{"id":19729,"n":"Biscuit P'tit Déli Palmiers Chocolat au lait 110g","p":1.25,"u":"11,36 €/KG","img":"https://fd3-photos.leclercdrive.fr/image.ashx?id=2573403&use=l&cat=p&typeid=i","cat":284488},{"id":19732,"n":"Les p'tites spirales P'tit Déli Chocolat  x6 - 150g","p":1.35,"u":"9,00 €/KG","img":"https://fd3-photos.leclercdrive.fr/image.ashx?id=2660422&use=l&cat=p&typeid=i","cat":284495},{"id":19743,"n":"Déodorant atomiseur Carré Homme Musc 200ml","p":1.35,"u":"6,75 €/L","img":"https://fd3-photos.leclercdrive.fr/image.ashx?id=2375998&use=l&cat=p&typeid=i","cat":284618},{"id":19744,"n":"Déodorant atomiseur Carré Homme Marine 200ml","p":1.35,"u":"6,75 €/L","img":"https://fd3-photos.leclercdrive.fr/image.ashx?id=2390707&use=l&cat=p&typeid=i","cat":284618},{"id":19750,"n":"Cotons Duo Démaquillants Inell Duo carré - Disques x50","p":1.24,"u":"0,02 €/P","img":"https://fd3-photos.leclercdrive.fr/image.ashx?id=1709937&use=l&cat=p&typeid=i","cat":285593},{"id":19756,"n":"Gaufres fines du Nord NRT 300g","p":3.5,"u":"11,67 €/KG","img":"https://fd3-photos.leclercdrive.fr/image.ashx?id=2622320&use=l&cat=p&typeid=i","cat":284487},{"id":19758,"n":"Essuie-tout Bobine Uni Vert Compact - 500 feuilles x1","p":4.5,"img":"https://fd3-photos.leclercdrive.fr/image.ashx?id=2684826&use=l&cat=p&typeid=i","cat":284635},{"id":19788,"n":"Stick lèvres Inell Hydratant - 2 pièces","p":1.5,"u":"0,75 €/P","img":"https://fd3-photos.leclercdrive.fr/image.ashx?id=2776042&use=l&cat=p&typeid=i","cat":285485},{"id":19796,"n":"Papier aluminium Elembal 30m","p":2.76,"img":"https://fd3-photos.leclercdrive.fr/image.ashx?id=2940905&use=l&cat=p&typeid=i","cat":334134},{"id":19798,"n":"Dissolvant doux Inell Sans acétone - 150ml","p":1.42,"u":"9,47 €/L","img":"https://fd3-photos.leclercdrive.fr/image.ashx?id=2691640&use=l&cat=p&typeid=i","cat":325347},{"id":19834,"n":"Pastis Henri Bardouin 45%vol - 70cl","p":21.9,"pp":20.9,"u":"29,86 €/L","img":"https://fd3-photos.leclercdrive.fr/image.ashx?id=2985225&use=l&cat=p&typeid=i","cat":284548},{"id":19856,"n":"Pâtes Barilla Coquillettes - 1kg","p":1.8,"u":"1,80 €/KG","img":"https://fd3-photos.leclercdrive.fr/image.ashx?id=2392230&use=l&cat=p&typeid=i","cat":284427},{"id":19870,"n":"Riz au lait la Laitière Saveur vanille - 500g","p":1.57,"u":"3,14 €/KG","img":"https://fd3-photos.leclercdrive.fr/image.ashx?id=2692716&use=l&cat=p&typeid=i","cat":284418},{"id":19874,"n":"Clafoutis La Laitière Aux cerises - 4x85g","p":2.62,"u":"7,71 €/KG","img":"https://fd3-photos.leclercdrive.fr/image.ashx?id=2628230&use=l&cat=p&typeid=i","cat":284419},{"id":19875,"n":"Clafoutis La Laitière Aux abricots - 4x85g","p":2.63,"u":"7,74 €/KG","img":"https://fd3-photos.leclercdrive.fr/image.ashx?id=3007975&use=l&cat=p&typeid=i","cat":284419},{"id":19877,"n":"Mozzarella Spécial Cuisine Les Croisés - 400g","p":2.94,"u":"7,35 €/KG","img":"https://fd3-photos.leclercdrive.fr/image.ashx?id=2992531&use=l&cat=p&typeid=i","cat":314026},{"id":19880,"n":"Gâteau Autour du Dessert Moelleux au Chocolat - 450g","p":5.35,"u":"11,89 €/KG","img":"https://fd3-photos.leclercdrive.fr/image.ashx?id=2856278&use=l&cat=p&typeid=i","cat":284267},{"id":19918,"n":"Poêlée sarladaise Paysan Breton 750g","p":4.57,"u":"6,09 €/KG","img":"https://fd3-photos.leclercdrive.fr/image.ashx?id=2882391&use=l&cat=p&typeid=i","cat":319823},{"id":19924,"n":"Dessert fruitier pomme Bio Bio village - 4x100g","p":1.73,"u":"4,33 €/KG","img":"https://fd3-photos.leclercdrive.fr/image.ashx?id=2462427&use=l&cat=p&typeid=i","cat":284416},{"id":19933,"n":"Pizza Crousti-moelleuse Marie Royale - 3x400g","p":7.58,"u":"6,32 €/KG","img":"https://fd3-photos.leclercdrive.fr/image.ashx?id=2996800&use=l&cat=p&typeid=i","cat":284256},{"id":19935,"n":"Pizza Crousti-moelleuse Marie 4 fromages - 3x390g","p":6.47,"u":"5,53 €/KG","img":"https://fd3-photos.leclercdrive.fr/image.ashx?id=2996803&use=l&cat=p&typeid=i","cat":284256},{"id":19957,"n":"Purée brocolis Notre Jardin Nature 750g","p":1.69,"u":"2,25 €/KG","img":"https://fd3-photos.leclercdrive.fr/image.ashx?id=2856163&use=l&cat=p&typeid=i","cat":319805},{"id":19960,"n":"Purée carottes Notre Jardin Nature 750g","p":2.43,"u":"3,24 €/KG","img":"https://fd3-photos.leclercdrive.fr/image.ashx?id=2856166&use=l&cat=p&typeid=i","cat":319805},{"id":19993,"n":"Crème dessert Délisse Vanille sur lit chocolat 4x125g","p":1.42,"u":"2,84 €/KG","img":"https://fd3-photos.leclercdrive.fr/image.ashx?id=2841950&use=l&cat=p&typeid=i","cat":285041},{"id":20008,"n":"Compote Andros Pomme nature - 12x100g","p":3.07,"u":"2,56 €/KG","img":"https://fd3-photos.leclercdrive.fr/image.ashx?id=2989114&use=l&cat=p&typeid=i","cat":284416},{"id":20010,"n":"Yaourts lait entier nature Bio  Bio village - 12x125g","p":2.46,"u":"1,64 €/KG","img":"https://fd3-photos.leclercdrive.fr/image.ashx?id=2102992&use=l&cat=p&typeid=i","cat":284409},{"id":20015,"n":"Compote Charles & Alice Pommes Pêches - 4x100g","p":1.63,"u":"4,08 €/KG","img":"https://fd3-photos.leclercdrive.fr/image.ashx?id=2757680&use=l&cat=p&typeid=i","cat":284416},{"id":20024,"n":"Camembert J.Gillot noir AOP 45%mg - 250g","p":4.13,"u":"16,52 €/KG","img":"https://fd3-photos.leclercdrive.fr/image.ashx?id=2914504&use=l&cat=p&typeid=i","cat":314033},{"id":20032,"n":"Whisky Jack Daniel's Old N°7 1L","p":28.5,"pp":25.65,"u":"25,65 €/L","img":"https://fd3-photos.leclercdrive.fr/image.ashx?id=2805189&use=l&cat=p&typeid=i","cat":284547},{"id":20033,"n":"Bière brune Leffe 6,5% - 75cl","p":3.16,"u":"4,21 €/L","img":"https://fd3-photos.leclercdrive.fr/image.ashx?id=2457482&use=l&cat=p&typeid=i","cat":334852},{"id":20042,"n":"Bière blonde Leffe Rituel 9% - 75cl","p":3.53,"u":"4,71 €/L","img":"https://fd3-photos.leclercdrive.fr/image.ashx?id=1890052&use=l&cat=p&typeid=i","cat":334852},{"id":20043,"n":"Gâteaux de riz La Laitière   Caramel - 4x100g","p":2.78,"u":"6,95 €/KG","img":"https://fd3-photos.leclercdrive.fr/image.ashx?id=2630202&use=l&cat=p&typeid=i","cat":284418},{"id":20044,"n":"Bière Leffe Ruby 5% - 75cl","p":2.98,"u":"3,97 €/L","img":"https://fd3-photos.leclercdrive.fr/image.ashx?id=1589629&use=l&cat=p&typeid=i","cat":334878},{"id":20050,"n":"Bière belge Duvel 8,5%vol. - 33cl","p":1.7,"u":"5,15 €/L","img":"https://fd3-photos.leclercdrive.fr/image.ashx?id=2389304&use=l&cat=p&typeid=i","cat":334872},{"id":20058,"n":"Madère Cruz 17%vol sous blister 20cl","p":3.13,"u":"15,65 €/L","img":"https://fd3-photos.leclercdrive.fr/image.ashx?id=2484044&use=l&cat=p&typeid=i","cat":284913},{"id":20075,"n":"Corned beef Hereford 340g","p":3.38,"u":"9,94 €/KG","img":"https://fd3-photos.leclercdrive.fr/image.ashx?id=2896946&use=l&cat=p&typeid=i","cat":305149},{"id":20085,"n":"Bière bleue Chimay Brune - 9%vol. - 33cl","p":1.86,"u":"5,64 €/L","img":"https://fd3-photos.leclercdrive.fr/image.ashx?id=1758849&use=l&cat=p&typeid=i","cat":334872},{"id":20109,"n":"Whisky Bourbon John Davon's 40%vol. - 70cl","p":13.15,"u":"18,79 €/L","img":"https://fd3-photos.leclercdrive.fr/image.ashx?id=2907177&use=l&cat=p&typeid=i","cat":284547},{"id":20110,"n":"Jus d'orange Jafaden A base de concentré  - 6x1L","p":10.56,"u":"1,76 €/L","img":"https://fd3-photos.leclercdrive.fr/image.ashx?id=2842486&use=l&cat=p&typeid=i","cat":284521},{"id":20138,"n":"Chips Pom'Lisse Nature - 200g","p":1.19,"u":"5,95 €/KG","img":"https://fd3-photos.leclercdrive.fr/image.ashx?id=2710783&use=l&cat=p&typeid=i","cat":284447},{"id":20154,"n":"Pâtes Barilla Macaroni - 1kg","p":1.87,"u":"1,87 €/KG","img":"https://fd3-photos.leclercdrive.fr/image.ashx?id=2602317&use=l&cat=p&typeid=i","cat":284427},{"id":20172,"n":"Petits pots bébé P'TIT SOUPER Aubergine pâtes 8M+ - 2x200g","p":2.05,"u":"5,13 €/KG","img":"https://fd3-photos.leclercdrive.fr/image.ashx?id=2526511&use=l&cat=p&typeid=i","cat":312239},{"id":20175,"n":"Petits pots bébé P'TIT SOUPER  7 légumes 8M+ - 2x200g","p":1.63,"u":"4,08 €/KG","img":"https://fd3-photos.leclercdrive.fr/image.ashx?id=2526508&use=l&cat=p&typeid=i","cat":312239},{"id":20180,"n":"Crème Fraîche Elle&Vire Epaisse Légère - 12% MG - 33cl","p":1.67,"u":"5,06 €/L","img":"https://fd3-photos.leclercdrive.fr/image.ashx?id=2871949&use=l&cat=p&typeid=i","cat":284381},{"id":20195,"n":"Camembert Isigny Ste Mère Au lait cru - 250g","p":3.45,"u":"13,80 €/KG","img":"https://fd3-photos.leclercdrive.fr/image.ashx?id=2284415&use=l&cat=p&typeid=i","cat":314033},{"id":20213,"n":"Camembert Cœur de Lion  8 portions - 240g","p":3.09,"u":"12,88 €/KG","img":"https://fd3-photos.leclercdrive.fr/image.ashx?id=2767962&use=l&cat=p&typeid=i","cat":314033},{"id":20218,"n":"Mozzarella vache Casa Azzurra Boule - 125g","p":0.99,"u":"7,92 €/KG","img":"https://fd3-photos.leclercdrive.fr/image.ashx?id=2904302&use=l&cat=p&typeid=i","cat":314026},{"id":20220,"n":"Flan Délisse Chocolat - 12x100g","p":3.45,"u":"2,88 €/KG","img":"https://fd3-photos.leclercdrive.fr/image.ashx?id=2362264&use=l&cat=p&typeid=i","cat":284420},{"id":20221,"n":"Mascarpone Casa Azzurra 250g","p":1.99,"u":"7,96 €/KG","img":"https://fd3-photos.leclercdrive.fr/image.ashx?id=2290266&use=l&cat=p&typeid=i","cat":314026},{"id":20222,"n":"Ricotta Casa Azzurra 250g","p":1.72,"u":"6,88 €/KG","img":"https://fd3-photos.leclercdrive.fr/image.ashx?id=1849630&use=l&cat=p&typeid=i","cat":314026},{"id":20239,"n":"Gâteaux fourrés P'tit Déli Chocolat x7 - 189g","p":2.18,"u":"11,53 €/KG","img":"https://fd3-photos.leclercdrive.fr/image.ashx?id=2554517&use=l&cat=p&typeid=i","cat":284495},{"id":20244,"n":"Compotes Pom'Potes Gourdes BIO  Pomme Nature - 12x90g","p":6.15,"u":"5,69 €/KG","img":"https://fd3-photos.leclercdrive.fr/image.ashx?id=2901608&use=l&cat=p&typeid=i","cat":284508},{"id":20258,"n":"Biscuit bio Céréal Bio  Chocolat Noir intense - 132g","p":1.54,"u":"11,67 €/KG","img":"https://fd3-photos.leclercdrive.fr/image.ashx?id=2574278&use=l&cat=p&typeid=i","cat":284487},{"id":20267,"n":"Compote bio Bio Village Coupelle pomme poire - 4x100g","p":2.29,"u":"5,73 €/KG","img":"https://fd3-photos.leclercdrive.fr/image.ashx?id=2442710&use=l&cat=p&typeid=i","cat":284508},{"id":20288,"n":"Soufflés Snack's Tokapi Cacahuète - 55g","p":0.39,"u":"7,09 €/KG","img":"https://fd3-photos.leclercdrive.fr/image.ashx?id=2844517&use=l&cat=p&typeid=i","cat":284449},{"id":20291,"n":"Déodorant bille Manava Vanille 50ml","p":1.29,"u":"25,80 €/L","img":"https://fd3-photos.leclercdrive.fr/image.ashx?id=2481213&use=l&cat=p&typeid=i","cat":284595},{"id":20299,"n":"AOC Saint Mont rouge  Marquis de Seillan - 75cl","p":4.99,"pp":3.29,"u":"4,39 €/L","img":"https://fd3-photos.leclercdrive.fr/image.ashx?id=2753982&use=l&cat=p&typeid=i","cat":289556},{"id":20300,"n":"Tarte Tomates Chèvre Courgette Côté Table - 400g","p":2.81,"u":"7,03 €/KG","img":"https://fd3-photos.leclercdrive.fr/image.ashx?id=2791767&use=l&cat=p&typeid=i","cat":284257},{"id":20307,"n":"Crème glacée Bio Bio Village Vanille - Bac 450g","p":2.86,"u":"6,36 €/KG","img":"https://fd3-photos.leclercdrive.fr/image.ashx?id=2902570&use=l&cat=p&typeid=i","cat":284263},{"id":20309,"n":"Jambon supérieur Tradilège -25% de sel - Découenné x4-160g","p":1.95,"u":"12,19 €/KG","img":"https://fd3-photos.leclercdrive.fr/image.ashx?id=2991518&use=l&cat=p&typeid=i","cat":316009},{"id":20376,"n":"Colin d'Alaska Marie Beurre citron thym - 400g","p":3.92,"u":"9,80 €/KG","img":"https://fd3-photos.leclercdrive.fr/image.ashx?id=2996809&use=l&cat=p&typeid=i","cat":319786},{"id":20380,"n":"Jambon cru 6 tranches Aoste sans conservateur - 165g","p":4.64,"u":"28,12 €/KG","img":"https://fd3-photos.leclercdrive.fr/image.ashx?id=2950285&use=l&cat=p&typeid=i","cat":316007},{"id":20397,"n":"Tagliatelles Weight Watchers Poulet champignons 300g","p":3.31,"u":"11,03 €/KG","img":"https://fd3-photos.leclercdrive.fr/image.ashx?id=2960759&use=l&cat=p&typeid=i","cat":333665},{"id":20413,"n":"Petites gambas fettucine Marie Au pesto tomates confites 280g","p":3.6,"u":"12,86 €/KG","img":"https://fd3-photos.leclercdrive.fr/image.ashx?id=2921537&use=l&cat=p&typeid=i","cat":333665},{"id":20414,"n":"Essuie-tout blanc Mimosa Super absorbant - x2","p":2.75,"u":"1,38 €/P","img":"https://fd3-photos.leclercdrive.fr/image.ashx?id=2727371&use=l&cat=p&typeid=i","cat":284635},{"id":20447,"n":"Chips Pom'lisse Nature - 350g","p":1.89,"u":"5,40 €/KG","img":"https://fd3-photos.leclercdrive.fr/image.ashx?id=2710786&use=l&cat=p&typeid=i","cat":284447},{"id":20480,"n":"Sauce beurre citron Tipiak 300g","p":2.06,"u":"6,87 €/KG","img":"https://fd3-photos.leclercdrive.fr/image.ashx?id=2604614&use=l&cat=p&typeid=i","cat":319786},{"id":20484,"n":"AOP Cabernet d'Anjou rosé Plessis-Duval - 75cl","p":4.95,"u":"6,60 €/L","img":"https://fd3-photos.leclercdrive.fr/image.ashx?id=2941035&use=l&cat=p&typeid=i","cat":289558},{"id":20488,"n":"Crème de cassis de Dijon Guyot 15%vol. - 70cl","p":5.96,"u":"8,51 €/L","img":"https://fd3-photos.leclercdrive.fr/image.ashx?id=1727598&use=l&cat=p&typeid=i","cat":286032},{"id":20493,"n":"Poêlée maraîchère Paysan Breton 1kg","p":5.11,"u":"5,11 €/KG","img":"https://fd3-photos.leclercdrive.fr/image.ashx?id=2882385&use=l&cat=p&typeid=i","cat":319823},{"id":20501,"n":"Yaourts aux fruits Délisse Fruits Jaunes - 8x125g","p":2.29,"u":"2,29 €/KG","img":"https://fd3-photos.leclercdrive.fr/image.ashx?id=2533319&use=l&cat=p&typeid=i","cat":284410},{"id":20543,"n":"Cuisse Poulet Jaune Label Rouge  IGP Volailles du Maine - 900g","p":10.33,"u":"11,48 €/KG","img":"https://fd3-photos.leclercdrive.fr/image.ashx?id=2250549&use=l&cat=p&typeid=i","cat":284336},{"id":20603,"n":"Sauce à l'Echalote Rustica Déshydratée 33g","p":0.68,"u":"20,61 €/KG","img":"https://fd3-photos.leclercdrive.fr/image.ashx?id=2188835&use=l&cat=p&typeid=i","cat":288381},{"id":20605,"n":"Compote bio Bio Village Coupelle pomme - 4x100g","p":1.67,"u":"4,18 €/KG","img":"https://fd3-photos.leclercdrive.fr/image.ashx?id=2085275&use=l&cat=p&typeid=i","cat":284508},{"id":20612,"n":"Thon Pêche Océan A la catalane - 2x135g","p":1.87,"u":"6,93 €/KG","img":"https://fd3-photos.leclercdrive.fr/image.ashx?id=2941432&use=l&cat=p&typeid=i","cat":303867},{"id":20616,"n":"Coquillettes Lustucru Oeufs frais - 4x250g","p":2.86,"u":"2,86 €/KG","img":"https://fd3-photos.leclercdrive.fr/image.ashx?id=2341065&use=l&cat=p&typeid=i","cat":284427},{"id":20635,"n":"Litière agglomérante Catsan  Pour chat - 5L","p":5.99,"u":"1,20 €/L","img":"https://fd3-photos.leclercdrive.fr/image.ashx?id=2681925&use=l&cat=p&typeid=i","cat":284683},{"id":20642,"n":"Gants de ménage Mamison Taille L - x1 paire","p":1.01,"img":"https://fd3-photos.leclercdrive.fr/image.ashx?id=2635682&use=l&cat=p&typeid=i","cat":284668},{"id":20646,"n":"Filtre à thé Britley x30","p":1.64,"u":"0,05 €/P","img":"https://fd3-photos.leclercdrive.fr/image.ashx?id=2755058&use=l&cat=p&typeid=i","cat":293233},{"id":20648,"n":"Maquereaux Pêche Océan Moutarde à l'ancienne - 169g","p":1.66,"u":"9,82 €/KG","img":"https://fd3-photos.leclercdrive.fr/image.ashx?id=2515676&use=l&cat=p&typeid=i","cat":303868},{"id":20653,"n":"Lait démaquillant Inell Peaux normales et mixtes 250ml","p":1.89,"u":"7,56 €/L","img":"https://fd3-photos.leclercdrive.fr/image.ashx?id=2691619&use=l&cat=p&typeid=i","cat":284603},{"id":20684,"n":"Cordon bleu de poulet Eco+ 800g","p":3.9,"u":"4,88 €/KG","img":"https://fd3-photos.leclercdrive.fr/image.ashx?id=2779871&use=l&cat=p&typeid=i","cat":319780},{"id":20685,"n":"Purée 4 légumes Notre Jardin 750g","p":2.24,"u":"2,99 €/KG","img":"https://fd3-photos.leclercdrive.fr/image.ashx?id=2389518&use=l&cat=p&typeid=i","cat":319805},{"id":20686,"n":"Haricots plats Notre Jardin 1kg","p":1.79,"u":"1,79 €/KG","img":"https://fd3-photos.leclercdrive.fr/image.ashx?id=2431122&use=l&cat=p&typeid=i","cat":319805},{"id":20692,"n":"Filet de saumon Fleury Michon purée de brocolis - 300g","p":4.22,"u":"14,07 €/KG","img":"https://fd3-photos.leclercdrive.fr/image.ashx?id=3003278&use=l&cat=p&typeid=i","cat":333665},{"id":20697,"n":"Sandwich Suédois Sodebo Jambon Cheddar 135g","p":1.64,"u":"12,15 €/KG","img":"https://fd3-photos.leclercdrive.fr/image.ashx?id=2912095&use=l&cat=p&typeid=i","cat":333658},{"id":20715,"n":"Betterave rouge Bio  Bio Village - 500g","p":1.25,"u":"2,50 €/KG","img":"https://fd3-photos.leclercdrive.fr/image.ashx?id=2888428&use=l&cat=p&typeid=i","cat":284352},{"id":20717,"n":"Sirop Frucci Cassis - 1L","p":3.11,"u":"3,11 €/L","img":"https://fd3-photos.leclercdrive.fr/image.ashx?id=2954079&use=l&cat=p&typeid=i","cat":295020},{"id":20718,"n":"Sirop Frucci Orgeat - 1L","p":4.18,"u":"4,18 €/L","img":"https://fd3-photos.leclercdrive.fr/image.ashx?id=2954085&use=l&cat=p&typeid=i","cat":295020},{"id":20721,"n":"Epinards Bonduelle Feuilles préservées - 750g","p":2.37,"u":"3,16 €/KG","img":"https://fd3-photos.leclercdrive.fr/image.ashx?id=2910028&use=l&cat=p&typeid=i","cat":319805},{"id":20727,"n":"Yaourts Malo Vanille Bio - 4x125g","p":2.18,"u":"4,36 €/KG","img":"https://fd3-photos.leclercdrive.fr/image.ashx?id=2908633&use=l&cat=p&typeid=i","cat":286006},{"id":20728,"n":"Fromage frais Malo  Nature - 4x100g","p":1.1,"u":"2,75 €/KG","img":"https://fd3-photos.leclercdrive.fr/image.ashx?id=2450937&use=l&cat=p&typeid=i","cat":284409},{"id":20753,"n":"Mouchoirs The Original Kleenex® Etuis mini x24","p":2.97,"u":"0,12 €/P","img":"https://fd3-photos.leclercdrive.fr/image.ashx?id=2840301&use=l&cat=p&typeid=i","cat":284638},{"id":20758,"n":"Riz cantonais Tables du Monde 900g","p":3.99,"u":"4,43 €/KG","img":"https://fd3-photos.leclercdrive.fr/image.ashx?id=2903953&use=l&cat=p&typeid=i","cat":284254},{"id":20760,"n":"Légumes vapeurs Notre Jardin 2x200g","p":2.47,"u":"6,18 €/KG","img":"https://fd3-photos.leclercdrive.fr/image.ashx?id=2900106&use=l&cat=p&typeid=i","cat":319805},{"id":20762,"n":"Légumes vapeurs Notre Jardin Méditerranéens 2x200g","p":1.8,"u":"4,50 €/KG","img":"https://fd3-photos.leclercdrive.fr/image.ashx?id=2916689&use=l&cat=p&typeid=i","cat":319805},{"id":20773,"n":"Anneaux d'encornets Pêche Océan 500g","p":6.55,"u":"13,10 €/KG","img":"https://fd3-photos.leclercdrive.fr/image.ashx?id=3012391&use=l&cat=p&typeid=i","cat":319787},{"id":20775,"n":"Carottes râpées Menu Fraîcheur  1kg","p":1.98,"u":"1,98 €/KG","img":"https://fd3-photos.leclercdrive.fr/image.ashx?id=2850814&use=l&cat=p&typeid=i","cat":333657},{"id":20786,"n":"Lait Bio demi-écrémé Grandlait Candia Bouteille - 4x50cl","p":3.68,"u":"1,84 €/L","img":"https://fd3-photos.leclercdrive.fr/image.ashx?id=2947039&use=l&cat=p&typeid=i","cat":284377},{"id":20811,"n":"Couronne de crevettes Delpierre ASC Sauce cocktail - 130g","p":5.99,"u":"46,08 €/KG","img":"https://fd3-photos.leclercdrive.fr/image.ashx?id=2958851&use=l&cat=p&typeid=i","cat":327284},{"id":20834,"n":"AOP Saumur Champigny rouge Charles de Villeneuve - 75cl","p":5.95,"pp":4.46,"u":"5,95 €/L","img":"https://fd3-photos.leclercdrive.fr/image.ashx?id=2859275&use=l&cat=p&typeid=i","cat":289556},{"id":20862,"n":"Sauce Provençale Turini 190g","p":0.59,"u":"3,11 €/KG","img":"https://fd3-photos.leclercdrive.fr/image.ashx?id=2386152&use=l&cat=p&typeid=i","cat":287599},{"id":20882,"n":"Colin pané Alaska Cité Marine MSC - 200g","p":2.59,"u":"12,95 €/KG","img":"https://fd3-photos.leclercdrive.fr/image.ashx?id=2844142&use=l&cat=p&typeid=i","cat":284344},{"id":20982,"n":"Chipolatas Bigard Label Rouge x6 - 330g","p":4.61,"u":"13,97 €/KG","img":"https://fd3-photos.leclercdrive.fr/image.ashx?id=2008712&use=l&cat=p&typeid=i","cat":284334},{"id":20986,"n":"Sauce Napolitaine Turini 190g","p":0.85,"u":"4,47 €/KG","img":"https://fd3-photos.leclercdrive.fr/image.ashx?id=2552430&use=l&cat=p&typeid=i","cat":287599},{"id":21017,"n":"Poisson Pané Findus  Colin d'Alaska - x10 - 510g","p":3.9,"u":"7,65 €/KG","img":"https://fd3-photos.leclercdrive.fr/image.ashx?id=2735332&use=l&cat=p&typeid=i","cat":319788},{"id":21027,"n":"Sauce bolognaise Turini 190g","p":0.85,"u":"4,47 €/KG","img":"https://fd3-photos.leclercdrive.fr/image.ashx?id=2634869&use=l&cat=p&typeid=i","cat":287599},{"id":21077,"n":"Bière blonde La Goudale 7.2%vol. - 6x25cl","p":4.23,"u":"2,82 €/L","img":"https://fd3-photos.leclercdrive.fr/image.ashx?id=2789865&use=l&cat=p&typeid=i","cat":334852},{"id":21079,"n":"Bière ambrée corse Pietra 6° - 50cl canette","p":2.1,"u":"4,20 €/L","img":"https://fd3-photos.leclercdrive.fr/image.ashx?id=3011470&use=l&cat=p&typeid=i","cat":334853},{"id":21115,"n":"Lambrusco Rosato Vilaveroni 75cl","p":4.19,"u":"5,59 €/L","img":"https://fd3-photos.leclercdrive.fr/image.ashx?id=2333030&use=l&cat=p&typeid=i","cat":289558},{"id":21120,"n":"Sangria Maria Olé 7%vol. - 1,5L","p":2.97,"u":"1,98 €/L","img":"https://fd3-photos.leclercdrive.fr/image.ashx?id=2504545&use=l&cat=p&typeid=i","cat":286032},{"id":21221,"n":"Déodorant bille Nivea  Pearl & Beauty - 50ml","p":2.07,"u":"41,40 €/L","img":"https://fd3-photos.leclercdrive.fr/image.ashx?id=2871061&use=l&cat=p&typeid=i","cat":284595},{"id":21222,"n":"Déodorant Bille Homme Nivea Men Dry Impact 72H - 50ml","p":1.97,"u":"39,40 €/L","img":"https://fd3-photos.leclercdrive.fr/image.ashx?id=2865995&use=l&cat=p&typeid=i","cat":284618},{"id":21223,"n":"Déodorant Bille Homme Nivea Men Cool Kick 48H - 50ml","p":1.97,"u":"39,40 €/L","img":"https://fd3-photos.leclercdrive.fr/image.ashx?id=2945727&use=l&cat=p&typeid=i","cat":284618},{"id":21241,"n":"Spirales Insectivor Anti-moustiques - x10","p":1.73,"u":"0,17 €/P","img":"https://fd3-photos.leclercdrive.fr/image.ashx?id=2675682&use=l&cat=p&typeid=i","cat":298368},{"id":21244,"n":"Pièges anti-fourmis Insectivor x2","p":3.34,"u":"1,67 €/P","img":"https://fd3-photos.leclercdrive.fr/image.ashx?id=2302725&use=l&cat=p&typeid=i","cat":298368},{"id":21246,"n":"Pièges Insectivor Anti-mites alimentaires - x2","p":2.76,"u":"1,38 €/P","img":"https://fd3-photos.leclercdrive.fr/image.ashx?id=2884237&use=l&cat=p&typeid=i","cat":298368},{"id":21326,"n":"Tapenade olives noires NRT 90g","p":1.84,"u":"20,44 €/KG","img":"https://fd3-photos.leclercdrive.fr/image.ashx?id=2873204&use=l&cat=p&typeid=i","cat":284451},{"id":21370,"n":"Emincés pour chat Tous mes amis Viande 4x390g","p":4.21,"u":"2,70 €/KG","img":"https://fd3-photos.leclercdrive.fr/image.ashx?id=776789&use=l&cat=p&typeid=i","cat":285601},{"id":21379,"n":"Saucisson fumé Boni au bois 120g","p":2.31,"u":"19,25 €/KG","img":"https://fd3-photos.leclercdrive.fr/image.ashx?id=2537023&use=l&cat=p&typeid=i","cat":316007},{"id":21396,"n":"Mini feuillantine P.Schmidt Comtoise - 500g","p":5.48,"u":"10,96 €/KG","img":"https://fd3-photos.leclercdrive.fr/image.ashx?id=1987995&use=l&cat=p&typeid=i","cat":333680},{"id":21480,"n":"Moules farcies Ronde des Mers MSC - x24 - 250g","p":7.85,"u":"31,40 €/KG","img":"https://fd3-photos.leclercdrive.fr/image.ashx?id=2627637&use=l&cat=p&typeid=i","cat":319787},{"id":21490,"n":"Vin mousseux Charles Volner Rosé 12%vol. 75cl","p":4.37,"u":"5,83 €/L","img":"https://fd3-photos.leclercdrive.fr/image.ashx?id=1592043&use=l&cat=p&typeid=i","cat":284544},{"id":21494,"n":"AOC Côtes de Provence Valestrel rosé - BIB 3L","p":22.23,"u":"7,41 €/L","img":"https://fd3-photos.leclercdrive.fr/image.ashx?id=2997763&use=l&cat=p&typeid=i","cat":289560},{"id":21516,"n":"IGP Cancoillotte nature La Belle Etoile - 4x30g","p":1.81,"u":"15,08 €/KG","img":"https://fd3-photos.leclercdrive.fr/image.ashx?id=1911084&use=l&cat=p&typeid=i","cat":314037},{"id":21517,"n":"IGP Fromage Belle Etoile Cancoillotte ancienne nat. 200g","p":3.0,"u":"15,00 €/KG","img":"https://fd3-photos.leclercdrive.fr/image.ashx?id=1969257&use=l&cat=p&typeid=i","cat":314037},{"id":21518,"n":"IGP Fromage Belle Etoile Cancoillotte ancienne ail 200g","p":3.53,"u":"17,65 €/KG","img":"https://fd3-photos.leclercdrive.fr/image.ashx?id=1889947&use=l&cat=p&typeid=i","cat":314037},{"id":21519,"n":"IGP Fromage Belle Etoile Cancoillotte vin jaune 200g","p":4.03,"u":"20,15 €/KG","img":"https://fd3-photos.leclercdrive.fr/image.ashx?id=1969260&use=l&cat=p&typeid=i","cat":314037},{"id":21523,"n":"Baguettes Alsacienne Kauffer's Lardons oignons - 3x115g","p":5.28,"u":"15,30 €/KG","img":"https://fd3-photos.leclercdrive.fr/image.ashx?id=1563268&use=l&cat=p&typeid=i","cat":319822},{"id":21532,"n":"IGP Saucisse de Morteau Véritable 320g","p":6.28,"u":"19,63 €/KG","img":"https://fd3-photos.leclercdrive.fr/image.ashx?id=2833522&use=l&cat=p&typeid=i","cat":316012},{"id":21533,"n":"Saucisses à cuire fumée Morteau 4x110g","p":4.43,"u":"10,07 €/KG","img":"https://fd3-photos.leclercdrive.fr/image.ashx?id=2833525&use=l&cat=p&typeid=i","cat":316012},{"id":21563,"n":"Fromage Trésana fines herbes Schwarzwaldmilch - 200g","p":1.48,"u":"7,40 €/KG","img":"https://fd3-photos.leclercdrive.fr/image.ashx?id=2901076&use=l&cat=p&typeid=i","cat":314029},{"id":21564,"n":"Blanc de boeuf Vamo 1kg","p":4.94,"u":"4,94 €/KG","img":"https://fd3-photos.leclercdrive.fr/image.ashx?id=2217780&use=l&cat=p&typeid=i","cat":333666},{"id":21573,"n":"Bonbons LUTTI Arlequin Original 250g","p":1.58,"u":"6,32 €/KG","img":"https://fd3-photos.leclercdrive.fr/image.ashx?id=2817422&use=l&cat=p&typeid=i","cat":304252},{"id":21574,"n":"Bonbons Lutti Menthise Fondant aux 2 menthes 250g","p":2.17,"u":"8,68 €/KG","img":"https://fd3-photos.leclercdrive.fr/image.ashx?id=2962167&use=l&cat=p&typeid=i","cat":304252},{"id":21580,"n":"Steak haché Isla Délice 100% boeuf Halal x10 800g","p":11.37,"u":"14,21 €/KG","img":"https://fd3-photos.leclercdrive.fr/image.ashx?id=2349233&use=l&cat=p&typeid=i","cat":319778},{"id":21581,"n":"Burger Isla Délice  Halal  - x10 800g","p":9.9,"u":"12,38 €/KG","img":"https://fd3-photos.leclercdrive.fr/image.ashx?id=1587519&use=l&cat=p&typeid=i","cat":319778},{"id":21588,"n":"Semoule Floraline 500g","p":1.97,"u":"3,94 €/KG","img":"https://fd3-photos.leclercdrive.fr/image.ashx?id=2968187&use=l&cat=p&typeid=i","cat":284429},{"id":21592,"n":"Filets de cabillaud Findus MSC - x10 - 510g","p":7.51,"u":"14,73 €/KG","img":"https://fd3-photos.leclercdrive.fr/image.ashx?id=2735329&use=l&cat=p&typeid=i","cat":319788},{"id":21606,"n":"Cornichons Maille extra fins 380g","p":3.17,"u":"8,34 €/KG","img":"https://fd3-photos.leclercdrive.fr/image.ashx?id=2945826&use=l&cat=p&typeid=i","cat":284458},{"id":21609,"n":"Cornichons Extra-Fins MAILLE 220g","p":2.52,"u":"11,45 €/KG","img":"https://fd3-photos.leclercdrive.fr/image.ashx?id=2945823&use=l&cat=p&typeid=i","cat":284458},{"id":21610,"n":"Lotion fraîcheur Inell Tonique - 250ml","p":1.53,"u":"6,12 €/L","img":"https://fd3-photos.leclercdrive.fr/image.ashx?id=2694172&use=l&cat=p&typeid=i","cat":284603},{"id":21611,"n":"Lotion douceur Inell Tonique - 250ml","p":1.52,"u":"6,08 €/L","img":"https://fd3-photos.leclercdrive.fr/image.ashx?id=2707561&use=l&cat=p&typeid=i","cat":284603},{"id":21612,"n":"Liquide vaisselle Eco+ Citron 1L","p":0.7,"u":"0,70 €/L","img":"https://fd3-photos.leclercdrive.fr/image.ashx?id=2874368&use=l&cat=p&typeid=i","cat":284655},{"id":21652,"n":"Biscuits P'tit Déli Galettes Suédoise chocolat 150g","p":2.38,"u":"15,87 €/KG","img":"https://fd3-photos.leclercdrive.fr/image.ashx?id=1951046&use=l&cat=p&typeid=i","cat":284490},{"id":21656,"n":"Boîte chiens Lydog Bouchées Boeuf carottes - 1,25kg","p":2.65,"u":"2,12 €/KG","img":"https://fd3-photos.leclercdrive.fr/image.ashx?id=2710491&use=l&cat=p&typeid=i","cat":288578},{"id":21658,"n":"Boîte chiens Lydog Terrines Cabillaud saumon - 1.2kg","p":2.42,"u":"1,95 €/KG","img":"https://fd3-photos.leclercdrive.fr/image.ashx?id=2493667&use=l&cat=p&typeid=i","cat":288578},{"id":21662,"n":"Boîte chiens Lydog Bouchées Poulet légumes - 1,2kg","p":1.98,"u":"1,65 €/KG","img":"https://fd3-photos.leclercdrive.fr/image.ashx?id=2548100&use=l&cat=p&typeid=i","cat":288578},{"id":21663,"n":"Bouchées au poulet foie et  aux carottes Lydog - 1.23kg","p":2.39,"u":"1,94 €/KG","img":"https://fd3-photos.leclercdrive.fr/image.ashx?id=2691225&use=l&cat=p&typeid=i","cat":288578},{"id":21676,"n":"Bûche de chèvre Ste Maure Sélection Soignon - 200g","p":2.84,"u":"14,20 €/KG","img":"https://fd3-photos.leclercdrive.fr/image.ashx?id=2799925&use=l&cat=p&typeid=i","cat":314031},{"id":21685,"n":"Nuggets de poulet Côté Croc x20 - 400g","p":3.0,"u":"7,50 €/KG","img":"https://fd3-photos.leclercdrive.fr/image.ashx?id=2837045&use=l&cat=p&typeid=i","cat":333684},{"id":21686,"n":"Saucisson sec Saint Azay Spécialité 200g","p":2.99,"u":"14,95 €/KG","img":"https://fd3-photos.leclercdrive.fr/image.ashx?id=2970613&use=l&cat=p&typeid=i","cat":316006},{"id":21687,"n":"Fromage Cheddar Burger Les Croisés 10 Tranches - 200g","p":1.25,"u":"6,25 €/KG","img":"https://fd3-photos.leclercdrive.fr/image.ashx?id=2946835&use=l&cat=p&typeid=i","cat":314028},{"id":21693,"n":"Picodon NRT AOP  Fromage de chèvre - 2x60g","p":3.56,"u":"29,67 €/KG","img":"https://fd3-photos.leclercdrive.fr/image.ashx?id=2590931&use=l&cat=p&typeid=i","cat":314031},{"id":21696,"n":"Fromage Gruyère NRT IGP 250g","p":3.99,"u":"15,96 €/KG","img":"https://fd3-photos.leclercdrive.fr/image.ashx?id=2466229&use=l&cat=p&typeid=i","cat":314034},{"id":21699,"n":"Crème fraîche Eco  Epaisse - 30% MG - 50cl","p":1.89,"u":"3,78 €/L","img":"https://fd3-photos.leclercdrive.fr/image.ashx?id=2981445&use=l&cat=p&typeid=i","cat":284381},{"id":21701,"n":"Glace Eco+ Vanille - 500g","p":1.25,"u":"2,50 €/KG","img":"https://fd3-photos.leclercdrive.fr/image.ashx?id=2711580&use=l&cat=p&typeid=i","cat":284263},{"id":21703,"n":"Fromage frais Eco+ Nature 20%MG - 1kg","p":1.79,"u":"1,79 €/KG","img":"https://fd3-photos.leclercdrive.fr/image.ashx?id=2699919&use=l&cat=p&typeid=i","cat":284409},{"id":21809,"n":"Boules chocolat Jacquot Praliné noir - 1kg","p":10.3,"u":"10,30 €/KG","img":"https://fd3-photos.leclercdrive.fr/image.ashx?id=2303303&use=l&cat=p&typeid=i","cat":327595},{"id":21877,"n":"Purée surgelée Pom'lisse Pommes de terre 750g","p":2.04,"u":"2,72 €/KG","img":"https://fd3-photos.leclercdrive.fr/image.ashx?id=2759777&use=l&cat=p&typeid=i","cat":319793},{"id":22033,"n":"Gin Brighton's London Dry 37.5%vol - 70cl","p":9.99,"u":"14,27 €/L","img":"https://fd3-photos.leclercdrive.fr/image.ashx?id=2907183&use=l&cat=p&typeid=i","cat":284550},{"id":22040,"n":"Mini bûches glacées Eskiss Assortiment chocolat x6 - 310g","p":2.29,"u":"7,39 €/KG","img":"https://fd3-photos.leclercdrive.fr/image.ashx?id=2221944&use=l&cat=p&typeid=i","cat":284266},{"id":22065,"n":"Filets de maquereaux Saupiquet A la moutarde - 3x169g","p":5.99,"u":"11,81 €/KG","img":"https://fd3-photos.leclercdrive.fr/image.ashx?id=2826972&use=l&cat=p&typeid=i","cat":303868},{"id":22066,"n":"Filets de maquereaux Saupiquet Tomate basilic - 3x169g","p":5.99,"u":"11,81 €/KG","img":"https://fd3-photos.leclercdrive.fr/image.ashx?id=2826975&use=l&cat=p&typeid=i","cat":303868},{"id":22074,"n":"Cornichons Maille Extra fins - 380g","p":3.42,"u":"9,00 €/KG","img":"https://fd3-photos.leclercdrive.fr/image.ashx?id=2403184&use=l&cat=p&typeid=i","cat":284458},{"id":22087,"n":"Sucettes Chupa Chups Mini Assortiment x30 180g","p":2.01,"u":"11,17 €/KG","img":"https://fd3-photos.leclercdrive.fr/image.ashx?id=2647606&use=l&cat=p&typeid=i","cat":304250},{"id":22112,"n":"Vodka Sobieski 37.5%vol - 70cl","p":11.13,"u":"15,90 €/L","img":"https://fd3-photos.leclercdrive.fr/image.ashx?id=2948474&use=l&cat=p&typeid=i","cat":284550},{"id":22115,"n":"Cidre brut Les Goelleries Bretagne 4.5%vol. - 1,5L","p":1.87,"u":"1,25 €/L","img":"https://fd3-photos.leclercdrive.fr/image.ashx?id=2842277&use=l&cat=p&typeid=i","cat":334880},{"id":22117,"n":"Pain de mie complet Epi d'Or Grandes tranches - 825g","p":1.78,"u":"2,16 €/KG","img":"https://fd3-photos.leclercdrive.fr/image.ashx?id=2860736&use=l&cat=p&typeid=i","cat":284477},{"id":22141,"n":"Riz Basmati Comptoir du grain Sélection Riz long - 5x90g","p":1.81,"u":"4,02 €/KG","img":"https://fd3-photos.leclercdrive.fr/image.ashx?id=2076685&use=l&cat=p&typeid=i","cat":284428},{"id":22142,"n":"Terrines chats Tous mes amis Spécial chaton - 4x400g","p":4.86,"u":"3,04 €/KG","img":"https://fd3-photos.leclercdrive.fr/image.ashx?id=647133&use=l&cat=p&typeid=i","cat":285601},{"id":22143,"n":"Emincés Tous Mes Amis En sauce - 4x400g","p":4.39,"u":"2,74 €/KG","img":"https://fd3-photos.leclercdrive.fr/image.ashx?id=776773&use=l&cat=p&typeid=i","cat":285601},{"id":22189,"n":"Lingettes Démak'up px sensibles Démaquillantes 3x25","p":5.79,"u":"0,08 €/P","img":"https://fd3-photos.leclercdrive.fr/image.ashx?id=2744683&use=l&cat=p&typeid=i","cat":284603},{"id":22190,"n":"Lingettes Demak'up px mixtes Normales démaquillantes 3x25","p":6.49,"u":"0,09 €/P","img":"https://fd3-photos.leclercdrive.fr/image.ashx?id=2744686&use=l&cat=p&typeid=i","cat":284603},{"id":22207,"n":"Blanc de Poulet Tradilège -25% de sel - 4 Tranches - 160g","p":1.92,"u":"12,00 €/KG","img":"https://fd3-photos.leclercdrive.fr/image.ashx?id=2974969&use=l&cat=p&typeid=i","cat":316010},{"id":22209,"n":"Lait entier UHT Bio Bio village Bouteille - 6x1L","p":8.94,"u":"1,49 €/L","img":"https://fd3-photos.leclercdrive.fr/image.ashx?id=2970024&use=l&cat=p&typeid=i","cat":285610},{"id":22212,"n":"Vin de l'Union Européenne rouge Vieux Papes - BIB 5L","p":12.08,"u":"2,42 €/L","img":"https://fd3-photos.leclercdrive.fr/image.ashx?id=2136139&use=l&cat=p&typeid=i","cat":289556},{"id":22229,"n":"Terrines chats Tous mes ami Foie volaille - 800g","p":2.01,"u":"2,51 €/KG","img":"https://fd3-photos.leclercdrive.fr/image.ashx?id=2294656&use=l&cat=p&typeid=i","cat":285601},{"id":22373,"n":"Carré pour la vaisselle Mamison x5","p":1.35,"img":"https://fd3-photos.leclercdrive.fr/image.ashx?id=2622010&use=l&cat=p&typeid=i","cat":284667},{"id":22374,"n":"Chiffons secs Clair Dépouissiérants x20","p":1.97,"img":"https://fd3-photos.leclercdrive.fr/image.ashx?id=2558778&use=l&cat=p&typeid=i","cat":325364},{"id":22388,"n":"IGP Ile de Beauté vin rosé Terres Ocrées 11.5%vol - BIB 3L","p":12.99,"u":"4,33 €/L","img":"https://fd3-photos.leclercdrive.fr/image.ashx?id=2863036&use=l&cat=p&typeid=i","cat":289560},{"id":22412,"n":"Harengs Rollmops Baltic 500g","p":3.42,"u":"6,84 €/KG","img":"https://fd3-photos.leclercdrive.fr/image.ashx?id=2552526&use=l&cat=p&typeid=i","cat":285190},{"id":22418,"n":"Chapelure Bloch 375g","p":1.9,"u":"5,07 €/KG","img":"https://fd3-photos.leclercdrive.fr/image.ashx?id=1863207&use=l&cat=p&typeid=i","cat":288382},{"id":22426,"n":"IGP Pâtes Grand'Mère Spaghetti - 250g","p":1.17,"u":"4,68 €/KG","img":"https://fd3-photos.leclercdrive.fr/image.ashx?id=2018856&use=l&cat=p&typeid=i","cat":284427},{"id":22477,"n":"Pignons de pin Couleurs Vives 125g","p":5.99,"u":"47,92 €/KG","img":"https://fd3-photos.leclercdrive.fr/image.ashx?id=2617201&use=l&cat=p&typeid=i","cat":284357},{"id":22489,"n":"IGP Pays d'oc blancRoche Mazet Sauvignon - BIB 3L","p":9.56,"u":"3,19 €/L","img":"https://fd3-photos.leclercdrive.fr/image.ashx?id=2597124&use=l&cat=p&typeid=i","cat":289557},{"id":22512,"n":"Compote Douceur du Verger  Pomme Abricot - 4x100g","p":1.09,"u":"2,73 €/KG","img":"https://fd3-photos.leclercdrive.fr/image.ashx?id=1913442&use=l&cat=p&typeid=i","cat":284416},{"id":22517,"n":"Vodka Poliakov Flask 37.5%vol - 20cl","p":3.77,"u":"18,85 €/L","img":"https://fd3-photos.leclercdrive.fr/image.ashx?id=2484029&use=l&cat=p&typeid=i","cat":284550},{"id":22556,"n":"AOC Bergerac vin rouge Terrasses d'Autan - BIB 3L","p":9.49,"u":"3,16 €/L","img":"https://fd3-photos.leclercdrive.fr/image.ashx?id=2713646&use=l&cat=p&typeid=i","cat":289560},{"id":22566,"n":"Yaourts Malo Nature - 4x125g","p":1.67,"u":"3,34 €/KG","img":"https://fd3-photos.leclercdrive.fr/image.ashx?id=2908018&use=l&cat=p&typeid=i","cat":284409},{"id":22569,"n":"Yaourts au lait entier Malo Citron - 4x125g","p":1.44,"u":"2,88 €/KG","img":"https://fd3-photos.leclercdrive.fr/image.ashx?id=2682240&use=l&cat=p&typeid=i","cat":286006},{"id":22584,"n":"AOC Bergerac vin rosé Terrasses d'Autan - BIB 3L","p":9.89,"u":"3,30 €/L","img":"https://fd3-photos.leclercdrive.fr/image.ashx?id=2709659&use=l&cat=p&typeid=i","cat":289560},{"id":22588,"n":"IGP Pays d'Oc Chardonnay Blanc Vieux Carion 12% vol BIB 3L","p":8.99,"u":"3,00 €/L","img":"https://fd3-photos.leclercdrive.fr/image.ashx?id=2591397&use=l&cat=p&typeid=i","cat":289560},{"id":22613,"n":"Compote bio Hipp Bio - 4/6 mois Pomme banane - 4x100g","p":2.18,"u":"4,36 €/KG","img":"https://fd3-photos.leclercdrive.fr/image.ashx?id=2924653&use=l&cat=p&typeid=i","cat":312387},{"id":22658,"n":"Fromage râpé fondue NRT Savoyarde - 400g","p":6.94,"u":"17,35 €/KG","img":"https://fd3-photos.leclercdrive.fr/image.ashx?id=2771076&use=l&cat=p&typeid=i","cat":314037},{"id":22660,"n":"Cancoillotte à l'ail NRT IGP 250g","p":1.97,"u":"7,88 €/KG","img":"https://fd3-photos.leclercdrive.fr/image.ashx?id=2663848&use=l&cat=p&typeid=i","cat":314037},{"id":22663,"n":"Taboulé Bonduelle A la menthe - 500g","p":2.47,"u":"4,94 €/KG","img":"https://fd3-photos.leclercdrive.fr/image.ashx?id=2902657&use=l&cat=p&typeid=i","cat":333657},{"id":22689,"n":"Confiture extra bio Bio Village Fraises - 370g","p":1.79,"u":"4,84 €/KG","img":"https://fd3-photos.leclercdrive.fr/image.ashx?id=2965626&use=l&cat=p&typeid=i","cat":284480},{"id":22690,"n":"Confiture extra bio Bio Village Abricots - 370g","p":1.79,"u":"4,84 €/KG","img":"https://fd3-photos.leclercdrive.fr/image.ashx?id=2965629&use=l&cat=p&typeid=i","cat":284480},{"id":22703,"n":"Chocolat au lait Bio Ethiquable  Riz soufflé - 100g","p":2.83,"u":"28,30 €/KG","img":"https://fd3-photos.leclercdrive.fr/image.ashx?id=2870869&use=l&cat=p&typeid=i","cat":284497},{"id":22704,"n":"Chocolat au lait Bio Ethiquable  Nature tendre fondant - 100g","p":2.37,"u":"23,70 €/KG","img":"https://fd3-photos.leclercdrive.fr/image.ashx?id=2870920&use=l&cat=p&typeid=i","cat":284497},{"id":22754,"n":"Bière blonde Leffe 6,6% - format promo 24x25cl","p":13.99,"u":"2,33 €/L","img":"https://fd3-photos.leclercdrive.fr/image.ashx?id=2111076&use=l&cat=p&typeid=i","cat":334852},{"id":22787,"n":"Saumon Ronde des Mers Petites tranches - 100g","p":3.69,"u":"36,90 €/KG","img":"https://fd3-photos.leclercdrive.fr/image.ashx?id=3004612&use=l&cat=p&typeid=i","cat":285188},{"id":22794,"n":"Chocolat Daim Milka Chocolat au lait daim - 145g","p":2.5,"u":"17,24 €/KG","img":"https://fd3-photos.leclercdrive.fr/image.ashx?id=3002288&use=l&cat=p&typeid=i","cat":304238},{"id":22799,"n":"Mayonnaise Lesieur 710g","p":2.93,"u":"4,13 €/KG","img":"https://fd3-photos.leclercdrive.fr/image.ashx?id=2917693&use=l&cat=p&typeid=i","cat":298295},{"id":22845,"n":"Nems Marie Tradition d'Asie Porc sauce nuoc x4 - 280g","p":2.8,"u":"10,00 €/KG","img":"https://fd3-photos.leclercdrive.fr/image.ashx?id=2985216&use=l&cat=p&typeid=i","cat":333673},{"id":22887,"n":"Beurre Bio Grand Fermage Doux - 82% MG - 250g","p":3.59,"u":"14,36 €/KG","img":"https://fd3-photos.leclercdrive.fr/image.ashx?id=2951842&use=l&cat=p&typeid=i","cat":284379},{"id":22891,"n":"Eponges magiques Mamison x3","p":1.35,"u":"0,45 €/P","img":"https://fd3-photos.leclercdrive.fr/image.ashx?id=2978522&use=l&cat=p&typeid=i","cat":284667},{"id":22893,"n":"Cidre doux Les Goelleries 2%vol. - 1,5L","p":2.09,"u":"1,39 €/L","img":"https://fd3-photos.leclercdrive.fr/image.ashx?id=2843791&use=l&cat=p&typeid=i","cat":334880},{"id":22894,"n":"Nettoyant spray Clair Ultra dégraissant - 750ml","p":1.18,"u":"1,57 €/L","img":"https://fd3-photos.leclercdrive.fr/image.ashx?id=2840386&use=l&cat=p&typeid=i","cat":325357},{"id":22895,"n":"Nettoyant spray Clair javel Salle de bains 750ml","p":1.46,"u":"1,95 €/L","img":"https://fd3-photos.leclercdrive.fr/image.ashx?id=2840473&use=l&cat=p&typeid=i","cat":325357},{"id":22911,"n":"Gants de ménage Mamison Taille S 1 paire","p":1.01,"img":"https://fd3-photos.leclercdrive.fr/image.ashx?id=2635676&use=l&cat=p&typeid=i","cat":284668},{"id":22912,"n":"Gants Mamison spécial vaisselle Taille S 1 paire","p":1.01,"u":"0,51 €/P","img":"https://fd3-photos.leclercdrive.fr/image.ashx?id=2946169&use=l&cat=p&typeid=i","cat":284668},{"id":22960,"n":"Gants de ménage Mamison Taille M 1 paire","p":1.01,"img":"https://fd3-photos.leclercdrive.fr/image.ashx?id=2635679&use=l&cat=p&typeid=i","cat":284668},{"id":22961,"n":"Gants Mamison spécial vaisselle Taille M 1 paire","p":1.01,"u":"0,51 €/P","img":"https://fd3-photos.leclercdrive.fr/image.ashx?id=2595098&use=l&cat=p&typeid=i","cat":284668},{"id":22962,"n":"Gants Mamison spécial vaisselle Taille L 1 paire","p":1.01,"u":"50,50 €/L","img":"https://fd3-photos.leclercdrive.fr/image.ashx?id=2946172&use=l&cat=p&typeid=i","cat":284668},{"id":22963,"n":"Gants Mamison ultra résistant Taille M 1 paire","p":1.64,"img":"https://fd3-photos.leclercdrive.fr/image.ashx?id=676218&use=l&cat=p&typeid=i","cat":284668},{"id":22964,"n":"Gants Mamison ultra résistant Taille L 1 paire","p":1.64,"img":"https://fd3-photos.leclercdrive.fr/image.ashx?id=606116&use=l&cat=p&typeid=i","cat":284668},{"id":22967,"n":"Tampon à récurer Mamison Surfaces fragiles xs","p":1.32,"u":"0,66 €/P","img":"https://fd3-photos.leclercdrive.fr/image.ashx?id=2669699&use=l&cat=p&typeid=i","cat":284667},{"id":22968,"n":"Eponges grattantes Mamison Surfaces délicates x2","p":1.49,"u":"0,75 €/P","img":"https://fd3-photos.leclercdrive.fr/image.ashx?id=2202392&use=l&cat=p&typeid=i","cat":284667},{"id":22969,"n":"Lavette Mamison multi-usages Microfibre plusieurs coloris x2","p":0.84,"u":"0,42 €/P","img":"https://fd3-photos.leclercdrive.fr/image.ashx?id=2595095&use=l&cat=p&typeid=i","cat":284667},{"id":22975,"n":"Crème visage hydrante  Inell Peau normale - 50ml","p":1.96,"u":"39,20 €/L","img":"https://fd3-photos.leclercdrive.fr/image.ashx?id=2691634&use=l&cat=p&typeid=i","cat":325345},{"id":22976,"n":"Crème visage nourrissante Inell Peau sèche - 50ml","p":1.96,"u":"39,20 €/L","img":"https://fd3-photos.leclercdrive.fr/image.ashx?id=2771124&use=l&cat=p&typeid=i","cat":325345},{"id":22979,"n":"Gel nettoyant Inell visage Purifiant px norm. mixtes 150ml","p":2.58,"u":"17,20 €/L","img":"https://fd3-photos.leclercdrive.fr/image.ashx?id=1961443&use=l&cat=p&typeid=i","cat":284603},{"id":22996,"n":"Nettoyant détachant Clair Tapis moquettes 600ml","p":2.16,"u":"3,60 €/L","img":"https://fd3-photos.leclercdrive.fr/image.ashx?id=2242721&use=l&cat=p&typeid=i","cat":284907},{"id":23003,"n":"Smoothie innocent ananas coco 750ml","p":3.18,"u":"4,24 €/L","img":"https://fd3-photos.leclercdrive.fr/image.ashx?id=2891244&use=l&cat=p&typeid=i","cat":285435},{"id":23009,"n":"Liquide vaisselle Rainett Peau sensible écolabel 500ml","p":1.6,"u":"3,20 €/L","img":"https://fd3-photos.leclercdrive.fr/image.ashx?id=2293102&use=l&cat=p&typeid=i","cat":284655},{"id":23012,"n":"Huile d'Argan Floressance Pure Argan Bio - 50ml","p":7.42,"u":"148,40 €/L","img":"https://fd3-photos.leclercdrive.fr/image.ashx?id=2990688&use=l&cat=p&typeid=i","cat":325349},{"id":23031,"n":"Biscottes Heudebert  Céréales complètes - 280g","p":1.77,"u":"6,32 €/KG","img":"https://fd3-photos.leclercdrive.fr/image.ashx?id=2498371&use=l&cat=p&typeid=i","cat":284479},{"id":23040,"n":"Café moulu Méo L'original Bio - 500g","p":8.73,"u":"17,46 €/KG","img":"https://fd3-photos.leclercdrive.fr/image.ashx?id=2571287&use=l&cat=p&typeid=i","cat":284750},{"id":23046,"n":"infusion bio alter eco  rooibos - 40g","p":2.33,"u":"58,25 €/KG","img":"https://fd3-photos.leclercdrive.fr/image.ashx?id=2968361&use=l&cat=p&typeid=i","cat":293233},{"id":23076,"n":"Paté Hénaff 3x78g","p":3.05,"u":"13,03 €/KG","img":"https://fd3-photos.leclercdrive.fr/image.ashx?id=2297989&use=l&cat=p&typeid=i","cat":305149},{"id":23122,"n":"Fromage enfant Ficello Emmental à effilocher x4 - 84g","p":2.21,"u":"26,31 €/KG","img":"https://fd3-photos.leclercdrive.fr/image.ashx?id=2409553&use=l&cat=p&typeid=i","cat":314030},{"id":23123,"n":"Fromage enfant Ficello Nature à effilocher x4 -84g","p":2.03,"u":"24,17 €/KG","img":"https://fd3-photos.leclercdrive.fr/image.ashx?id=2375373&use=l&cat=p&typeid=i","cat":314030},{"id":23132,"n":"Pâte feuilletée Tablier Blanc Epaisse - 280g","p":1.55,"u":"5,54 €/KG","img":"https://fd3-photos.leclercdrive.fr/image.ashx?id=2635910&use=l&cat=p&typeid=i","cat":333681},{"id":23133,"n":"Pâte brisée Tablier Blanc Epaisse - 280g","p":1.65,"u":"5,89 €/KG","img":"https://fd3-photos.leclercdrive.fr/image.ashx?id=2635913&use=l&cat=p&typeid=i","cat":333681},{"id":23147,"n":"AOP Crémant de Loire  Ackerman Vin blanc brut - 75cl","p":4.99,"u":"6,65 €/L","img":"https://fd3-photos.leclercdrive.fr/image.ashx?id=2928426&use=l&cat=p&typeid=i","cat":284545},{"id":23154,"n":"AOP Crémant Wolfberger Demi-sec d'Alsace - 75cl","p":7.21,"u":"9,61 €/L","img":"https://fd3-photos.leclercdrive.fr/image.ashx?id=2764197&use=l&cat=p&typeid=i","cat":284545},{"id":23158,"n":"AOC Crémant de Bourgogne  Veuve Ambal Brut - 75cl","p":7.99,"pp":5.99,"u":"7,99 €/L","img":"https://fd3-photos.leclercdrive.fr/image.ashx?id=1737205&use=l&cat=p&typeid=i","cat":284545},{"id":23168,"n":"Beurre léger Les Croisés Doux - 40% MG - 250g","p":1.75,"u":"7,00 €/KG","img":"https://fd3-photos.leclercdrive.fr/image.ashx?id=2839909&use=l&cat=p&typeid=i","cat":284379},{"id":23169,"n":"Papier toilette Mimosa Blanc - Ultra Moelleux - x6","p":3.29,"u":"0,55 €/P","img":"https://fd3-photos.leclercdrive.fr/image.ashx?id=2777857&use=l&cat=p&typeid=i","cat":284634},{"id":23179,"n":"Pur jus 7 fruits Bio Village Bio - 1L","p":2.78,"u":"2,78 €/L","img":"https://fd3-photos.leclercdrive.fr/image.ashx?id=2901530&use=l&cat=p&typeid=i","cat":284917},{"id":23180,"n":"Rasoirs jetables Carré Homme 3 lames - x4","p":2.65,"img":"https://fd3-photos.leclercdrive.fr/image.ashx?id=2704666&use=l&cat=p&typeid=i","cat":284616},{"id":23182,"n":"Rasoirs jetables Siliss 3 lames - x4","p":1.99,"u":"0,50 €/P","img":"https://fd3-photos.leclercdrive.fr/image.ashx?id=2699438&use=l&cat=p&typeid=i","cat":325352},{"id":23188,"n":"Tomato Ketchup Heinz - 250g","p":1.12,"u":"4,48 €/KG","img":"https://fd3-photos.leclercdrive.fr/image.ashx?id=2943801&use=l&cat=p&typeid=i","cat":284455},{"id":23212,"n":"Compote Douceur du Verger Coupelle pomme framboise-4x100g","p":1.63,"u":"4,08 €/KG","img":"https://fd3-photos.leclercdrive.fr/image.ashx?id=2663494&use=l&cat=p&typeid=i","cat":284508},{"id":23215,"n":"Biscuits Cookies P'tit Déli Chocolat raisin cranberrie 200g","p":1.44,"u":"7,20 €/KG","img":"https://fd3-photos.leclercdrive.fr/image.ashx?id=2529593&use=l&cat=p&typeid=i","cat":325066},{"id":23219,"n":"Sauce Pesto Turini Basilic - 185g","p":1.3,"u":"7,03 €/KG","img":"https://fd3-photos.leclercdrive.fr/image.ashx?id=2546248&use=l&cat=p&typeid=i","cat":287599},{"id":23220,"n":"Chips Pom'Lisse Légumes - 100g","p":1.75,"u":"17,50 €/KG","img":"https://fd3-photos.leclercdrive.fr/image.ashx?id=2919610&use=l&cat=p&typeid=i","cat":284447},{"id":23221,"n":"Sauce Tomates Turini Basilic - 420g","p":1.15,"u":"2,74 €/KG","img":"https://fd3-photos.leclercdrive.fr/image.ashx?id=2487458&use=l&cat=p&typeid=i","cat":287599},{"id":23225,"n":"Compote bio Bio Village Coupelle pomme fraise - 4x100g","p":2.22,"u":"5,55 €/KG","img":"https://fd3-photos.leclercdrive.fr/image.ashx?id=2475179&use=l&cat=p&typeid=i","cat":284508},{"id":23226,"n":"Madeleines bio Bio Village Coquilles - 250g","p":1.88,"u":"7,52 €/KG","img":"https://fd3-photos.leclercdrive.fr/image.ashx?id=2711619&use=l&cat=p&typeid=i","cat":284492},{"id":23227,"n":"Chips Bio Village Bio - Nature - 125g","p":1.99,"u":"15,92 €/KG","img":"https://fd3-photos.leclercdrive.fr/image.ashx?id=2743834&use=l&cat=p&typeid=i","cat":284447},{"id":23228,"n":"Chips paysannes Bio Village Nature bio - 125g","p":1.99,"u":"15,92 €/KG","img":"https://fd3-photos.leclercdrive.fr/image.ashx?id=2770301&use=l&cat=p&typeid=i","cat":284447},{"id":23248,"n":"Tampons Doulys Compact Mini - x20","p":2.86,"u":"0,14 €/P","img":"https://fd3-photos.leclercdrive.fr/image.ashx?id=2965497&use=l&cat=p&typeid=i","cat":284626},{"id":23249,"n":"Savon de Marseille Epsil Textiles délicats 4x200g","p":1.86,"u":"2,33 €/KG","img":"https://fd3-photos.leclercdrive.fr/image.ashx?id=2379591&use=l&cat=p&typeid=i","cat":284651},{"id":23251,"n":"Bâtonnets allume-feu Silex Sans odeur x24","p":2.05,"u":"0,09 €/P","img":"https://fd3-photos.leclercdrive.fr/image.ashx?id=2999721&use=l&cat=p&typeid=i","cat":300578},{"id":23252,"n":"Cubes allume-feu Silex Sans odeur 100% naturel x40","p":1.57,"u":"0,04 €/P","img":"https://fd3-photos.leclercdrive.fr/image.ashx?id=2669735&use=l&cat=p&typeid=i","cat":300578},{"id":23253,"n":"Nettoyant spray Clair Surpuissant - 750ml","p":1.86,"u":"2,48 €/L","img":"https://fd3-photos.leclercdrive.fr/image.ashx?id=2520831&use=l&cat=p&typeid=i","cat":325357},{"id":23254,"n":"Baume après-rasage Carré Homme Apaisant px sensibles 100ml","p":2.69,"u":"26,90 €/L","img":"https://fd3-photos.leclercdrive.fr/image.ashx?id=2854237&use=l&cat=p&typeid=i","cat":288147},{"id":23255,"n":"Déodorant Carré Homme Vétiver longue durée 200ml","p":1.35,"u":"6,75 €/L","img":"https://fd3-photos.leclercdrive.fr/image.ashx?id=2375992&use=l&cat=p&typeid=i","cat":284618},{"id":23256,"n":"Ramequins aluminium Elembal x12","p":2.05,"u":"0,17 €/P","img":"https://fd3-photos.leclercdrive.fr/image.ashx?id=2582522&use=l&cat=p&typeid=i","cat":334134},{"id":23271,"n":"Vin mousseux de France blanc Muscador doux 11.5% Vol 75cl","p":2.67,"u":"3,56 €/L","img":"https://fd3-photos.leclercdrive.fr/image.ashx?id=2157052&use=l&cat=p&typeid=i","cat":284544},{"id":23304,"n":"Feuilletés paniers Côté Table Saumon - 4x100g","p":4.45,"u":"11,13 €/KG","img":"https://fd3-photos.leclercdrive.fr/image.ashx?id=2549400&use=l&cat=p&typeid=i","cat":319776},{"id":23323,"n":"AOP Champagne brut Marquis de Vauzelle - 75cl","p":20.32,"u":"27,09 €/L","img":"https://fd3-photos.leclercdrive.fr/image.ashx?id=2481354&use=l&cat=p&typeid=i","cat":284542},{"id":23336,"n":"Soufflés Grignot' Tokapi Bacon - 90g","p":0.89,"u":"9,89 €/KG","img":"https://fd3-photos.leclercdrive.fr/image.ashx?id=2059480&use=l&cat=p&typeid=i","cat":284449},{"id":23363,"n":"Lait bébé poudre Nidal Nestlé 1er âge - 0-6 mois - 800g","p":12.37,"u":"15,46 €/KG","img":"https://fd3-photos.leclercdrive.fr/image.ashx?id=2811638&use=l&cat=p&typeid=i","cat":284726},{"id":23365,"n":"Lait bébé 2A NIDAL GEST  6-12 mois - 800g","p":12.25,"u":"15,31 €/KG","img":"https://fd3-photos.leclercdrive.fr/image.ashx?id=2890799&use=l&cat=p&typeid=i","cat":284727},{"id":23371,"n":"Mozzarella Maxi Les Croisés - 250g","p":1.86,"u":"7,44 €/KG","img":"https://fd3-photos.leclercdrive.fr/image.ashx?id=2133617&use=l&cat=p&typeid=i","cat":314026},{"id":23387,"n":"Gâteaux St Michel Savaroises Chocolat 8 sachets 220g","p":1.95,"u":"8,86 €/KG","img":"https://fd3-photos.leclercdrive.fr/image.ashx?id=2935693&use=l&cat=p&typeid=i","cat":284495},{"id":23412,"n":"Vermicelles Tables du Monde Haricot mungo - 100g","p":1.23,"u":"12,30 €/KG","img":"https://fd3-photos.leclercdrive.fr/image.ashx?id=2679723&use=l&cat=p&typeid=i","cat":288992},{"id":23429,"n":"Croquettes chat Tous mes amis Chatons - 2kg","p":4.07,"u":"2,04 €/KG","img":"https://fd3-photos.leclercdrive.fr/image.ashx?id=2710485&use=l&cat=p&typeid=i","cat":284680},{"id":23430,"n":"Croquettes chat Tous mes amis Lapin/volailles - 2kg","p":3.99,"u":"2,00 €/KG","img":"https://fd3-photos.leclercdrive.fr/image.ashx?id=2301605&use=l&cat=p&typeid=i","cat":284680},{"id":23432,"n":"Croquettes Lydog Petits chiens - Vollaile - 2kg","p":4.12,"u":"2,06 €/KG","img":"https://fd3-photos.leclercdrive.fr/image.ashx?id=2191126&use=l&cat=p&typeid=i","cat":294526},{"id":23433,"n":"Croquettes chiens Lydog Allégées - Volaille - 4kg","p":6.99,"u":"1,75 €/KG","img":"https://fd3-photos.leclercdrive.fr/image.ashx?id=1923562&use=l&cat=p&typeid=i","cat":284672},{"id":23434,"n":"Cacahuètes Tokapi Sans sel ajouté - 200g","p":0.76,"u":"3,80 €/KG","img":"https://fd3-photos.leclercdrive.fr/image.ashx?id=2858833&use=l&cat=p&typeid=i","cat":284448},{"id":23437,"n":"Maïs Notre Jardin Croquant - 285g","p":0.85,"u":"2,98 €/KG","img":"https://fd3-photos.leclercdrive.fr/image.ashx?id=1993188&use=l&cat=p&typeid=i","cat":312611},{"id":23438,"n":"Soufflés RingsTokapi Oignon - 60g","p":0.77,"u":"12,83 €/KG","img":"https://fd3-photos.leclercdrive.fr/image.ashx?id=2898838&use=l&cat=p&typeid=i","cat":284449},{"id":23439,"n":"Crème dessert Délisse Choco Billes bicompartiment 4x117g","p":1.99,"u":"4,25 €/KG","img":"https://fd3-photos.leclercdrive.fr/image.ashx?id=2965482&use=l&cat=p&typeid=i","cat":285041},{"id":23444,"n":"Quenelles Côté Table volaille Au naturel 255g","p":1.37,"u":"5,37 €/KG","img":"https://fd3-photos.leclercdrive.fr/image.ashx?id=2977870&use=l&cat=p&typeid=i","cat":284441},{"id":23449,"n":"Dessert fruitier pomme mangue Douceur du Verger s/sucre4x100g","p":1.23,"u":"3,08 €/KG","img":"https://fd3-photos.leclercdrive.fr/image.ashx?id=3013597&use=l&cat=p&typeid=i","cat":284416},{"id":23450,"n":"Yaourts aux fruits Délisse Fruits rouges - 8x125g","p":2.29,"u":"2,29 €/KG","img":"https://fd3-photos.leclercdrive.fr/image.ashx?id=2616736&use=l&cat=p&typeid=i","cat":284410},{"id":23452,"n":"Terrines chats Tous mes amis Viandes variées - 4x400g","p":3.74,"u":"2,34 €/KG","img":"https://fd3-photos.leclercdrive.fr/image.ashx?id=2865191&use=l&cat=p&typeid=i","cat":285601},{"id":23485,"n":"Terrines de st Jacques Guyader 120g","p":3.43,"u":"28,58 €/KG","img":"https://fd3-photos.leclercdrive.fr/image.ashx?id=2504725&use=l&cat=p&typeid=i","cat":285191},{"id":23486,"n":"Terrines saumon Guyader 120g","p":3.13,"u":"26,08 €/KG","img":"https://fd3-photos.leclercdrive.fr/image.ashx?id=2504722&use=l&cat=p&typeid=i","cat":285191},{"id":23492,"n":"Bonbons sans sucres Confiséo Goût caramel - 120g","p":2.61,"u":"21,75 €/KG","img":"https://fd3-photos.leclercdrive.fr/image.ashx?id=2934670&use=l&cat=p&typeid=i","cat":304252},{"id":23493,"n":"Bonbons sans sucres Confiséo Goût café - 120g","p":2.6,"u":"21,67 €/KG","img":"https://fd3-photos.leclercdrive.fr/image.ashx?id=2934673&use=l&cat=p&typeid=i","cat":304252},{"id":23497,"n":"Bonbons Confiséo Acacia menthe eucalyptus 300g","p":2.06,"u":"6,87 €/KG","img":"https://fd3-photos.leclercdrive.fr/image.ashx?id=2934676&use=l&cat=p&typeid=i","cat":304252},{"id":23499,"n":"Huile Bio Village mélange 4 huiles biologiques - 75 cl","p":3.99,"u":"5,32 €/L","img":"https://fd3-photos.leclercdrive.fr/image.ashx?id=2882349&use=l&cat=p&typeid=i","cat":284453},{"id":23500,"n":"Bouillon de légumes Bio Village Bio - 8x10g","p":1.69,"u":"21,13 €/KG","img":"https://fd3-photos.leclercdrive.fr/image.ashx?id=1943409&use=l&cat=p&typeid=i","cat":288379},{"id":23520,"n":"Bloc de fromage Leerdammer L'Original - 500g","p":5.45,"u":"10,90 €/KG","img":"https://fd3-photos.leclercdrive.fr/image.ashx?id=2699035&use=l&cat=p&typeid=i","cat":314034},{"id":23522,"n":"Bûche de chèvre Les Croisés Format famililal 25%mg 300g","p":2.95,"u":"9,83 €/KG","img":"https://fd3-photos.leclercdrive.fr/image.ashx?id=2949415&use=l&cat=p&typeid=i","cat":314031},{"id":23543,"n":"Bière blonde Leffe 6,6% - 12x33cl","p":13.01,"u":"3,29 €/L","img":"https://fd3-photos.leclercdrive.fr/image.ashx?id=2811578&use=l&cat=p&typeid=i","cat":334852},{"id":23545,"n":"Rösti McCain 800g","p":2.21,"u":"2,76 €/KG","img":"https://fd3-photos.leclercdrive.fr/image.ashx?id=2988728&use=l&cat=p&typeid=i","cat":319792},{"id":23546,"n":"Poêlée savoyarde Marie Aux lardons fumés - 900g","p":5.08,"u":"5,64 €/KG","img":"https://fd3-photos.leclercdrive.fr/image.ashx?id=2996782&use=l&cat=p&typeid=i","cat":319823},{"id":23552,"n":"Lait bébé poudre Nidal Nestlé 2e âge -6-12 mois - 800g","p":10.47,"u":"13,09 €/KG","img":"https://fd3-photos.leclercdrive.fr/image.ashx?id=2805597&use=l&cat=p&typeid=i","cat":284727},{"id":23553,"n":"Lait bébé 1A NIDAL GEST  0-6 mois - 800g","p":14.6,"u":"18,25 €/KG","img":"https://fd3-photos.leclercdrive.fr/image.ashx?id=2890796&use=l&cat=p&typeid=i","cat":284726},{"id":23554,"n":"Vin de l'Union Européenne rosé La Villageoise 12%vol. 1,5L","p":3.62,"u":"2,41 €/L","img":"https://fd3-photos.leclercdrive.fr/image.ashx?id=2104768&use=l&cat=p&typeid=i","cat":289558},{"id":23583,"n":"Crème Fraîche Elle&Vire Epaisse Entière - 30% MG - 33cl","p":1.87,"u":"5,67 €/L","img":"https://fd3-photos.leclercdrive.fr/image.ashx?id=3003333&use=l&cat=p&typeid=i","cat":284381},{"id":23618,"n":"Couscous Weight Watchers Oriental 300g","p":3.3,"u":"11,00 €/KG","img":"https://fd3-photos.leclercdrive.fr/image.ashx?id=2610915&use=l&cat=p&typeid=i","cat":333665},{"id":23628,"n":"Fond de volaille Rustica 110g","p":2.21,"u":"20,09 €/KG","img":"https://fd3-photos.leclercdrive.fr/image.ashx?id=2140914&use=l&cat=p&typeid=i","cat":288379},{"id":23630,"n":"Mouliné de carottes Régal Soupe Poireaux pommes de terre 1L","p":2.16,"u":"2,16 €/L","img":"https://fd3-photos.leclercdrive.fr/image.ashx?id=2607506&use=l&cat=p&typeid=i","cat":284462},{"id":23631,"n":"Chocolat noir Equador Mini carrés 72% cacao 200g","p":4.35,"u":"21,75 €/KG","img":"https://fd3-photos.leclercdrive.fr/image.ashx?id=2856483&use=l&cat=p&typeid=i","cat":284956},{"id":23633,"n":"Crème dessert Délisse Vanille sur lit caramel 4x125g","p":1.47,"u":"2,94 €/KG","img":"https://fd3-photos.leclercdrive.fr/image.ashx?id=2441276&use=l&cat=p&typeid=i","cat":285041},{"id":23636,"n":"Bouillon de volaille Rustica Dégraissé - Tablettes 12x10g","p":0.79,"u":"6,58 €/KG","img":"https://fd3-photos.leclercdrive.fr/image.ashx?id=1880033&use=l&cat=p&typeid=i","cat":288379},{"id":23642,"n":"Huile spéciale fondue Rustica Aux aromates - 1L","p":3.45,"u":"3,45 €/L","img":"https://fd3-photos.leclercdrive.fr/image.ashx?id=2546245&use=l&cat=p&typeid=i","cat":284453},{"id":23709,"n":"Riz à la Cantonaise Marie 900g","p":4.95,"u":"5,50 €/KG","img":"https://fd3-photos.leclercdrive.fr/image.ashx?id=2996791&use=l&cat=p&typeid=i","cat":284254},{"id":23717,"n":"Nem au poulet Traditions d'Asie Sauce nuoc mam - x4 - 280g","p":2.43,"u":"8,68 €/KG","img":"https://fd3-photos.leclercdrive.fr/image.ashx?id=2985222&use=l&cat=p&typeid=i","cat":333673},{"id":23725,"n":"Liquide vaisselle Eco+ Pomme - 1L","p":0.74,"u":"0,74 €/L","img":"https://fd3-photos.leclercdrive.fr/image.ashx?id=2949161&use=l&cat=p&typeid=i","cat":284655},{"id":23726,"n":"Aluminium Eco+ 30m","p":1.89,"u":"0,06 €/MT","img":"https://fd3-photos.leclercdrive.fr/image.ashx?id=2880216&use=l&cat=p&typeid=i","cat":334134},{"id":23727,"n":"Sacs poubelle 100L Eco+ x10","p":0.94,"u":"0,09 €/P","img":"https://fd3-photos.leclercdrive.fr/image.ashx?id=1904753&use=l&cat=p&typeid=i","cat":285168},{"id":23728,"n":"Huile de tournesol Eco+ 1L","p":1.63,"u":"1,63 €/L","img":"https://fd3-photos.leclercdrive.fr/image.ashx?id=2913636&use=l&cat=p&typeid=i","cat":284453},{"id":23729,"n":"Tomato Ketchup Eco+ 560g","p":0.88,"u":"1,57 €/KG","img":"https://fd3-photos.leclercdrive.fr/image.ashx?id=2954328&use=l&cat=p&typeid=i","cat":284455},{"id":23753,"n":"Alcool modifié Primoplast 70° 250ml","p":2.2,"u":"8,80 €/L","img":"https://fd3-photos.leclercdrive.fr/image.ashx?id=2856498&use=l&cat=p&typeid=i","cat":284630},{"id":23754,"n":"Eau oxygénée Primoplast 250ml","p":1.86,"u":"7,44 €/L","img":"https://fd3-photos.leclercdrive.fr/image.ashx?id=2832936&use=l&cat=p&typeid=i","cat":284630},{"id":23780,"n":"Fromage raclette Eco+ Tranché 2x400g","p":6.64,"u":"8,30 €/KG","img":"https://fd3-photos.leclercdrive.fr/image.ashx?id=2712861&use=l&cat=p&typeid=i","cat":314037},{"id":23788,"n":"Pizza Bio Bio Village 3 fromages - 380g","p":3.24,"u":"8,53 €/KG","img":"https://fd3-photos.leclercdrive.fr/image.ashx?id=2946202&use=l&cat=p&typeid=i","cat":284256},{"id":23791,"n":"Tartines craquantes Epi d'Or Au blé complet - 250g","p":1.29,"u":"5,16 €/KG","img":"https://fd3-photos.leclercdrive.fr/image.ashx?id=2843788&use=l&cat=p&typeid=i","cat":284479},{"id":23794,"n":"Pain grillé Epi d'Or Blé complet x24 - 500g","p":1.72,"u":"3,44 €/KG","img":"https://fd3-photos.leclercdrive.fr/image.ashx?id=2680545&use=l&cat=p&typeid=i","cat":284479},{"id":23797,"n":"Lentilles vertes Bio Village Bio 500g","p":2.15,"u":"4,30 €/KG","img":"https://fd3-photos.leclercdrive.fr/image.ashx?id=2120317&use=l&cat=p&typeid=i","cat":284430},{"id":23798,"n":"Riz Risotto Comptoir du Grain 500g","p":1.42,"u":"2,84 €/KG","img":"https://fd3-photos.leclercdrive.fr/image.ashx?id=2363283&use=l&cat=p&typeid=i","cat":284428},{"id":23799,"n":"Riz rond Comptoir du Grain Dessert - 1kg","p":1.94,"u":"1,94 €/KG","img":"https://fd3-photos.leclercdrive.fr/image.ashx?id=1957084&use=l&cat=p&typeid=i","cat":284428},{"id":23827,"n":"Cordon Bleu poulet Père Dodu  Les Bons plans x10 - 1kg","p":7.92,"u":"7,92 €/KG","img":"https://fd3-photos.leclercdrive.fr/image.ashx?id=2971095&use=l&cat=p&typeid=i","cat":333683},{"id":23937,"n":"Boisson aux fruits Oasis Pomme framboise cassis 4x2L","p":10.48,"u":"1,31 €/L","img":"https://fd3-photos.leclercdrive.fr/image.ashx?id=2118734&use=l&cat=p&typeid=i","cat":295018},{"id":23972,"n":"Fusili Côté Snack Pâtes Bolognaise - 300g","p":1.89,"u":"6,30 €/KG","img":"https://fd3-photos.leclercdrive.fr/image.ashx?id=2650898&use=l&cat=p&typeid=i","cat":334983},{"id":23973,"n":"Fusili Côté Snack Pâtes Carbonara - 300g","p":1.89,"u":"6,30 €/KG","img":"https://fd3-photos.leclercdrive.fr/image.ashx?id=2517682&use=l&cat=p&typeid=i","cat":334983},{"id":24035,"n":"Echalotes semoule Rustica 36g","p":1.29,"u":"35,83 €/KG","img":"https://fd3-photos.leclercdrive.fr/image.ashx?id=2772951&use=l&cat=p&typeid=i","cat":298297},{"id":24043,"n":"Thé vert Britley Menthe x25 sachets - 40g","p":0.79,"u":"19,75 €/KG","img":"https://fd3-photos.leclercdrive.fr/image.ashx?id=2672930&use=l&cat=p&typeid=i","cat":293233},{"id":24047,"n":"Yaourts aromatisés Délisse Vanille - 4x125g","p":1.29,"u":"2,58 €/KG","img":"https://fd3-photos.leclercdrive.fr/image.ashx?id=2134524&use=l&cat=p&typeid=i","cat":286006},{"id":24049,"n":"Pâtée chats Tous mes amis Thon en sauce - 80g","p":0.99,"u":"12,38 €/KG","img":"https://fd3-photos.leclercdrive.fr/image.ashx?id=2450306&use=l&cat=p&typeid=i","cat":285601},{"id":24050,"n":"Pâtée chats Tous mes amis Poulet en sauce - 80g","p":0.99,"u":"12,38 €/KG","img":"https://fd3-photos.leclercdrive.fr/image.ashx?id=2450309&use=l&cat=p&typeid=i","cat":285601},{"id":24051,"n":"Pâtée pour chats Tous mes amis Thon aux crevettes - 80g","p":0.99,"u":"12,38 €/KG","img":"https://fd3-photos.leclercdrive.fr/image.ashx?id=1971897&use=l&cat=p&typeid=i","cat":285601},{"id":24081,"n":"Mayonnaise Fins Gourmets MAILLE Bocal - 320g","p":2.38,"u":"7,44 €/KG","img":"https://fd3-photos.leclercdrive.fr/image.ashx?id=2812750&use=l&cat=p&typeid=i","cat":298295},{"id":24082,"n":"Mayonnaise Fine MAILLE Qualité Traiteur Bocal - 320g","p":2.35,"u":"7,34 €/KG","img":"https://fd3-photos.leclercdrive.fr/image.ashx?id=2908369&use=l&cat=p&typeid=i","cat":298295},{"id":24083,"n":"Nuggets de Poulet  Père Dodu  x50 - 1kg - Les Bons plans","p":7.57,"u":"7,57 €/KG","img":"https://fd3-photos.leclercdrive.fr/image.ashx?id=2957086&use=l&cat=p&typeid=i","cat":333684},{"id":24085,"n":"Pizza la Moelleuse Turini Royale - 600g","p":3.36,"u":"5,60 €/KG","img":"https://fd3-photos.leclercdrive.fr/image.ashx?id=2815641&use=l&cat=p&typeid=i","cat":284256},{"id":24088,"n":"Pizza la Moelleuse Turini 6 Fromages - 600g","p":3.63,"u":"6,05 €/KG","img":"https://fd3-photos.leclercdrive.fr/image.ashx?id=2815638&use=l&cat=p&typeid=i","cat":284256},{"id":24094,"n":"Jus de pommes pressées Andros 1,5L","p":3.78,"u":"2,52 €/L","img":"https://fd3-photos.leclercdrive.fr/image.ashx?id=2902981&use=l&cat=p&typeid=i","cat":285435},{"id":24095,"n":"Jus de clémentines préssées Andros - 1,5L","p":4.2,"u":"2,80 €/L","img":"https://fd3-photos.leclercdrive.fr/image.ashx?id=2902984&use=l&cat=p&typeid=i","cat":285435},{"id":24162,"n":"Vinaigre balsamique Bio Village Bio 50cl","p":3.49,"u":"6,98 €/L","img":"https://fd3-photos.leclercdrive.fr/image.ashx?id=2865206&use=l&cat=p&typeid=i","cat":298543},{"id":24163,"n":"Infusion Tiséa Tilleul Citron 25 sachets 34g","p":1.69,"u":"48,29 €/KG","img":"https://fd3-photos.leclercdrive.fr/image.ashx?id=2854240&use=l&cat=p&typeid=i","cat":293234},{"id":24164,"n":"Thé vert Briley 32.5g","p":0.79,"u":"24,69 €/KG","img":"https://fd3-photos.leclercdrive.fr/image.ashx?id=2645939&use=l&cat=p&typeid=i","cat":293233},{"id":24186,"n":"Bandes à découper Mercurochrome 5 bandes - 10x6cm","p":2.57,"img":"https://fd3-photos.leclercdrive.fr/image.ashx?id=2862152&use=l&cat=p&typeid=i","cat":284630},{"id":24214,"n":"Oeufs surprises au chocolat Princesses - x3 - 60g","p":2.66,"u":"44,33 €/KG","img":"https://fd3-photos.leclercdrive.fr/image.ashx?id=2864876&use=l&cat=p&typeid=i","cat":327789},{"id":24258,"n":"Philadelphia Nature - 300g","p":2.88,"u":"9,60 €/KG","img":"https://fd3-photos.leclercdrive.fr/image.ashx?id=2787863&use=l&cat=p&typeid=i","cat":314029},{"id":24293,"n":"Céréales Extra Kellogg's Chocolat Noir Noisettes - 500g","p":3.23,"u":"6,46 €/KG","img":"https://fd3-photos.leclercdrive.fr/image.ashx?id=2692284&use=l&cat=p&typeid=i","cat":309512},{"id":24296,"n":"Sauce apéritif Old El Paso Salsa doux - 312g","p":2.31,"u":"7,40 €/KG","img":"https://fd3-photos.leclercdrive.fr/image.ashx?id=2859944&use=l&cat=p&typeid=i","cat":288993},{"id":24363,"n":"Boisson lactée Délisse Chocolat - 6x20cl","p":2.17,"u":"1,81 €/L","img":"https://fd3-photos.leclercdrive.fr/image.ashx?id=3015245&use=l&cat=p&typeid=i","cat":295246},{"id":24390,"n":"Pétales de blé Eco+ Chocolat - 750g","p":2.06,"u":"2,75 €/KG","img":"https://fd3-photos.leclercdrive.fr/image.ashx?id=2927836&use=l&cat=p&typeid=i","cat":309513},{"id":24403,"n":"Vodka Novotna Pure grain 37.5%vol - 1L","p":14.99,"u":"14,99 €/L","img":"https://fd3-photos.leclercdrive.fr/image.ashx?id=784848&use=l&cat=p&typeid=i","cat":284550},{"id":24410,"n":"Bonbons Copains Copines Tendres fruits - 360 g","p":2.05,"u":"5,69 €/KG","img":"https://fd3-photos.leclercdrive.fr/image.ashx?id=2934694&use=l&cat=p&typeid=i","cat":304250},{"id":24418,"n":"Sauces gourmandes Rustica Pour viande 4 saveurs - 4x90g","p":2.41,"u":"6,69 €/KG","img":"https://fd3-photos.leclercdrive.fr/image.ashx?id=2275513&use=l&cat=p&typeid=i","cat":318430},{"id":24420,"n":"Galettes Bretonnes NRT 100g","p":1.68,"u":"16,80 €/KG","img":"https://fd3-photos.leclercdrive.fr/image.ashx?id=2909419&use=l&cat=p&typeid=i","cat":284487},{"id":24474,"n":"Petites crevettes roses Pêche Océan - 125g","p":2.49,"u":"19,92 €/KG","img":"https://fd3-photos.leclercdrive.fr/image.ashx?id=2953635&use=l&cat=p&typeid=i","cat":284343},{"id":24492,"n":"Blanc de poulet Tradilège Doré à la broche - 120g","p":1.39,"u":"11,58 €/KG","img":"https://fd3-photos.leclercdrive.fr/image.ashx?id=2974864&use=l&cat=p&typeid=i","cat":316010},{"id":24495,"n":"Capsules Nescafé Dolce Gusto  Nesquik - x16","p":4.48,"u":"17,50 €/KG","img":"https://fd3-photos.leclercdrive.fr/image.ashx?id=2946634&use=l&cat=p&typeid=i","cat":293239},{"id":24500,"n":"Pain de mie nature Epi d'Or Sans croute - 500g","p":1.39,"u":"2,78 €/KG","img":"https://fd3-photos.leclercdrive.fr/image.ashx?id=2984658&use=l&cat=p&typeid=i","cat":284477},{"id":24574,"n":"Bandes de cire froide L.Dumont Visage x20 bandes","p":3.33,"u":"0,17 €/P","img":"https://fd3-photos.leclercdrive.fr/image.ashx?id=2606355&use=l&cat=p&typeid=i","cat":325351},{"id":24621,"n":"Gel toilette intime Cadum Surgras - 200ml","p":3.32,"u":"16,60 €/L","img":"https://fd3-photos.leclercdrive.fr/image.ashx?id=1963200&use=l&cat=p&typeid=i","cat":284627},{"id":24642,"n":"Déodorant Rexona Confidence Stick anti-transpirant - 45ml","p":3.88,"u":"86,22 €/L","img":"https://fd3-photos.leclercdrive.fr/image.ashx?id=2738194&use=l&cat=p&typeid=i","cat":284595},{"id":24652,"n":"Déodorant Stick Rexona Anti- Transpirant CleanScent 96H 45ml","p":3.8,"u":"84,44 €/L","img":"https://fd3-photos.leclercdrive.fr/image.ashx?id=2895101&use=l&cat=p&typeid=i","cat":284595},{"id":24659,"n":"Secret de mousse la Laitière Chocolat au lait - 8x59g","p":2.94,"u":"6,23 €/KG","img":"https://fd3-photos.leclercdrive.fr/image.ashx?id=3007984&use=l&cat=p&typeid=i","cat":284417},{"id":24666,"n":"Roquefort AOP Société Fromage de brebis - 100g","p":3.12,"u":"31,20 €/KG","img":"https://fd3-photos.leclercdrive.fr/image.ashx?id=2729683&use=l&cat=p&typeid=i","cat":314032},{"id":24674,"n":"Dentifrice Dentamyl 2en1 blancheur 75ml","p":1.3,"u":"17,33 €/L","img":"https://fd3-photos.leclercdrive.fr/image.ashx?id=2613834&use=l&cat=p&typeid=i","cat":284612},{"id":24694,"n":"Brosses à dent souple Dentamyl x4","p":0.99,"u":"0,25 €/P","img":"https://fd3-photos.leclercdrive.fr/image.ashx?id=2790946&use=l&cat=p&typeid=i","cat":284614},{"id":24729,"n":"Shampooing Pétrole Hahn Stop pellicules - 250ml","p":2.35,"u":"9,40 €/L","img":"https://fd3-photos.leclercdrive.fr/image.ashx?id=2293946&use=l&cat=p&typeid=i","cat":284606},{"id":24738,"n":"Sacs poubelle Alfapac 10L Salle de bain végétal x25","p":1.49,"u":"0,06 €/P","img":"https://fd3-photos.leclercdrive.fr/image.ashx?id=2526860&use=l&cat=p&typeid=i","cat":284707},{"id":24755,"n":"Préservatifs  Plug'In Fins et Lubrifiés - x12","p":2.25,"u":"0,19 €/P","img":"https://fd3-photos.leclercdrive.fr/image.ashx?id=2856187&use=l&cat=p&typeid=i","cat":284631},{"id":24758,"n":"IGP Saucisse de Montbéliard VPF - 5x100g","p":6.38,"u":"12,76 €/KG","img":"https://fd3-photos.leclercdrive.fr/image.ashx?id=2833534&use=l&cat=p&typeid=i","cat":316012},{"id":24759,"n":"Mini nems Tables du Monde porc x5/poulet x5 +sauce - 220g","p":2.99,"u":"13,59 €/KG","img":"https://fd3-photos.leclercdrive.fr/image.ashx?id=2613276&use=l&cat=p&typeid=i","cat":333673},{"id":24847,"n":"Gâche tranchée ovale NRT Beurre - 450g","p":2.48,"u":"5,51 €/KG","img":"https://fd3-photos.leclercdrive.fr/image.ashx?id=2670443&use=l&cat=p&typeid=i","cat":284478},{"id":24886,"n":"Bâtonnets Trium Vanille Spéculoos x4 - 280g","p":3.19,"u":"11,39 €/KG","img":"https://fd3-photos.leclercdrive.fr/image.ashx?id=2920770&use=l&cat=p&typeid=i","cat":284265},{"id":24906,"n":"Mozzarella mini billes  Les Croisés - 150g","p":1.7,"u":"11,33 €/KG","img":"https://fd3-photos.leclercdrive.fr/image.ashx?id=2463468&use=l&cat=p&typeid=i","cat":314026},{"id":24929,"n":"Masque expert Franck Provost Nutrition - 400ml","p":4.48,"u":"11,20 €/L","img":"https://fd3-photos.leclercdrive.fr/image.ashx?id=2522872&use=l&cat=p&typeid=i","cat":284608},{"id":24961,"n":"Soin de jour L'Oréal Paris Age Perfect anti-âge - 50ml","p":11.97,"pp":7.9,"u":"158,00 €/L","img":"https://fd3-photos.leclercdrive.fr/image.ashx?id=2868047&use=l&cat=p&typeid=i","cat":325345},{"id":24967,"n":"Fondue Savoyarde RichesMonts  3 fromages - 450g","p":5.76,"u":"12,80 €/KG","img":"https://fd3-photos.leclercdrive.fr/image.ashx?id=2986239&use=l&cat=p&typeid=i","cat":314037},{"id":24968,"n":"Fromage de chèvre Petit Billy 45%mg - 200g","p":3.04,"u":"15,20 €/KG","img":"https://fd3-photos.leclercdrive.fr/image.ashx?id=2543136&use=l&cat=p&typeid=i","cat":314031},{"id":24970,"n":"Crottin de chèvre Rians 23%mg - 2x60g","p":3.0,"u":"25,00 €/KG","img":"https://fd3-photos.leclercdrive.fr/image.ashx?id=2762094&use=l&cat=p&typeid=i","cat":314031},{"id":24972,"n":"Chèvre à dorer Les Croisés x4 - 100g","p":1.77,"u":"17,70 €/KG","img":"https://fd3-photos.leclercdrive.fr/image.ashx?id=2978528&use=l&cat=p&typeid=i","cat":314027},{"id":24976,"n":"Baguettine froment Jacquet Précuite  - 250g","p":1.07,"u":"4,28 €/KG","img":"https://fd3-photos.leclercdrive.fr/image.ashx?id=2886624&use=l&cat=p&typeid=i","cat":325069},{"id":24982,"n":"Fromage à tartiner Philadelphia Light nature - 150g","p":2.38,"u":"15,87 €/KG","img":"https://fd3-photos.leclercdrive.fr/image.ashx?id=1626572&use=l&cat=p&typeid=i","cat":314029},{"id":25005,"n":"Préparation Papillotes Maggi Rôti thym et fines herbes - 30g","p":0.77,"u":"25,67 €/KG","img":"https://fd3-photos.leclercdrive.fr/image.ashx?id=2963964&use=l&cat=p&typeid=i","cat":288380},{"id":25010,"n":"Barres Chocolatées KINDER Maxi Chocolat au Lait x10 - 210g","p":3.03,"u":"14,43 €/KG","img":"https://fd3-photos.leclercdrive.fr/image.ashx?id=2679609&use=l&cat=p&typeid=i","cat":284498},{"id":25024,"n":"Lait céréales Blédidej 9 mois Pain chocolat - 4x250ml","p":3.7,"u":"14,80 €/L","img":"https://fd3-photos.leclercdrive.fr/image.ashx?id=2921055&use=l&cat=p&typeid=i","cat":312226},{"id":25026,"n":"Brassé chèvre poire Babybio Bio Dès 6 mois - 2x130g","p":3.1,"u":"7,75 €/L","img":"https://fd3-photos.leclercdrive.fr/image.ashx?id=2962821&use=l&cat=p&typeid=i","cat":312392},{"id":25027,"n":"Pots soir bébé bio Babybio Légumes riz - 6 mois - 2x200g","p":2.7,"u":"6,75 €/KG","img":"https://fd3-photos.leclercdrive.fr/image.ashx?id=2833474&use=l&cat=p&typeid=i","cat":312239},{"id":25028,"n":"Assiette Babybio Bio 12 mois Panais carotte polenta - 230g","p":1.63,"u":"7,09 €/KG","img":"https://fd3-photos.leclercdrive.fr/image.ashx?id=2875390&use=l&cat=p&typeid=i","cat":312239},{"id":25029,"n":"Assiette bébé bio Babybio Légumes agneau - 12 mois - 230g","p":2.18,"u":"9,48 €/KG","img":"https://fd3-photos.leclercdrive.fr/image.ashx?id=2855909&use=l&cat=p&typeid=i","cat":312237},{"id":25030,"n":"Petits pots Babynat Petits pois Cabillaud - 8mois 2x200g","p":2.97,"u":"7,43 €/KG","img":"https://fd3-photos.leclercdrive.fr/image.ashx?id=2825742&use=l&cat=p&typeid=i","cat":312236},{"id":25035,"n":"Salade Menu Fraîcheur Concombre au fromage blanc 300g","p":1.64,"u":"5,47 €/KG","img":"https://fd3-photos.leclercdrive.fr/image.ashx?id=2901443&use=l&cat=p&typeid=i","cat":333657},{"id":25037,"n":"Lait démaquillant Diadermine Hydratant - 200ml","p":2.67,"u":"13,35 €/L","img":"https://fd3-photos.leclercdrive.fr/image.ashx?id=2551108&use=l&cat=p&typeid=i","cat":284603},{"id":25049,"n":"Lames de rasoir Carré Homme 3 lames - x4","p":3.45,"u":"0,86 €/P","img":"https://fd3-photos.leclercdrive.fr/image.ashx?id=2704624&use=l&cat=p&typeid=i","cat":284616},{"id":25051,"n":"Boulettes de boeuf Férial x30 - 900g","p":7.39,"u":"8,21 €/KG","img":"https://fd3-photos.leclercdrive.fr/image.ashx?id=2966520&use=l&cat=p&typeid=i","cat":319779},{"id":25061,"n":"Cornichons Rustica Vinaigre - 360g","p":1.65,"u":"4,58 €/KG","img":"https://fd3-photos.leclercdrive.fr/image.ashx?id=2799763&use=l&cat=p&typeid=i","cat":284458},{"id":25064,"n":"Film étirable Alfapac Extensible auto-adhérent 50m","p":2.23,"img":"https://fd3-photos.leclercdrive.fr/image.ashx?id=2918271&use=l&cat=p&typeid=i","cat":334134},{"id":25072,"n":"Mascarpone Casa Azzurra 500g","p":5.72,"u":"11,44 €/KG","img":"https://fd3-photos.leclercdrive.fr/image.ashx?id=2290269&use=l&cat=p&typeid=i","cat":314026},{"id":25080,"n":"Parmigiano Reggiano AOP Les Croisés - 200G","p":4.99,"u":"24,95 €/KG","img":"https://fd3-photos.leclercdrive.fr/image.ashx?id=2903956&use=l&cat=p&typeid=i","cat":314034},{"id":25085,"n":"Lait bio Bio Village Bouteille  Demi-écrémé UHT -  6x50cl","p":5.22,"u":"1,74 €/L","img":"https://fd3-photos.leclercdrive.fr/image.ashx?id=2970009&use=l&cat=p&typeid=i","cat":284377},{"id":25124,"n":"Pur jus Multifruits Bio Village Bio - 6x20cl","p":3.12,"u":"2,60 €/L","img":"https://fd3-photos.leclercdrive.fr/image.ashx?id=2843626&use=l&cat=p&typeid=i","cat":284524},{"id":25125,"n":"Pur jus d'orange Bio Village Bio - 6x20cl","p":2.99,"u":"2,49 €/L","img":"https://fd3-photos.leclercdrive.fr/image.ashx?id=2671016&use=l&cat=p&typeid=i","cat":284521},{"id":25172,"n":"Sacs poubelle 30L Alfapac Ultra résistant Coulissac - x20","p":3.41,"u":"0,17 €/P","img":"https://fd3-photos.leclercdrive.fr/image.ashx?id=2732359&use=l&cat=p&typeid=i","cat":285168},{"id":25182,"n":"Confiture Bonne Maman Cerises noires 370g","p":2.4,"u":"6,49 €/KG","img":"https://fd3-photos.leclercdrive.fr/image.ashx?id=2476311&use=l&cat=p&typeid=i","cat":284480},{"id":25203,"n":"Queues de crevettes Pêche Océan Décortiquées cuites 300g","p":6.58,"u":"21,93 €/KG","img":"https://fd3-photos.leclercdrive.fr/image.ashx?id=1976859&use=l&cat=p&typeid=i","cat":319787},{"id":25205,"n":"Pois carottes D'aucy  Tendres et fondants -530g","p":1.73,"u":"3,26 €/KG","img":"https://fd3-photos.leclercdrive.fr/image.ashx?id=2426367&use=l&cat=p&typeid=i","cat":312607},{"id":25207,"n":"Cornichons Rustica Extra fins - 185g","p":1.28,"u":"6,92 €/KG","img":"https://fd3-photos.leclercdrive.fr/image.ashx?id=2799760&use=l&cat=p&typeid=i","cat":284458},{"id":25220,"n":"Cotons Démaquillants Demak'Up Sensitive - Disques x64","p":1.33,"u":"0,02 €/P","img":"https://fd3-photos.leclercdrive.fr/image.ashx?id=2966983&use=l&cat=p&typeid=i","cat":285593},{"id":25283,"n":"Barres céréales Grany Pommes - 125g","p":1.84,"u":"14,72 €/KG","img":"https://fd3-photos.leclercdrive.fr/image.ashx?id=3002093&use=l&cat=p&typeid=i","cat":285869},{"id":25337,"n":"Café moulu L'Or Absolu 100% Arabica - 2x250g","p":10.32,"u":"20,64 €/KG","img":"https://fd3-photos.leclercdrive.fr/image.ashx?id=2294935&use=l&cat=p&typeid=i","cat":284750},{"id":25342,"n":"Céréales Trésor Kellogg's Chocolat au lait - 1kg","p":6.33,"u":"6,33 €/KG","img":"https://fd3-photos.leclercdrive.fr/image.ashx?id=2598319&use=l&cat=p&typeid=i","cat":309513},{"id":25343,"n":"Céréales Trésor de Kellogg's Chocolat Noisettes - 1kg","p":6.33,"u":"6,33 €/KG","img":"https://fd3-photos.leclercdrive.fr/image.ashx?id=2598316&use=l&cat=p&typeid=i","cat":309513},{"id":25359,"n":"Tablette chocolat blanc Lindt Vanille - 100g","p":2.37,"u":"23,70 €/KG","img":"https://fd3-photos.leclercdrive.fr/image.ashx?id=2755318&use=l&cat=p&typeid=i","cat":284957},{"id":25361,"n":"Chocolat Pâtissier Nestlé Dessert : Caramel - 170g","p":3.09,"u":"18,18 €/KG","img":"https://fd3-photos.leclercdrive.fr/image.ashx?id=2902346&use=l&cat=p&typeid=i","cat":285562},{"id":25366,"n":"Tablette de chocolat noir Lindt 90% cacao - 100g","p":2.23,"u":"22,30 €/KG","img":"https://fd3-photos.leclercdrive.fr/image.ashx?id=2689502&use=l&cat=p&typeid=i","cat":284956},{"id":25370,"n":"Tablette chocolat Côte d'Or Chocolat lait/Noisettes - 200g","p":4.19,"u":"20,95 €/KG","img":"https://fd3-photos.leclercdrive.fr/image.ashx?id=2961218&use=l&cat=p&typeid=i","cat":284497},{"id":25372,"n":"Tablette chocolat Milka Au lait du pays Alpin - 200g","p":2.65,"u":"13,25 €/KG","img":"https://fd3-photos.leclercdrive.fr/image.ashx?id=2994455&use=l&cat=p&typeid=i","cat":284497},{"id":25375,"n":"Tablette chocolat Milka Chocolat lait/Noisettes - 200g","p":3.5,"u":"17,50 €/KG","img":"https://fd3-photos.leclercdrive.fr/image.ashx?id=2381748&use=l&cat=p&typeid=i","cat":284497},{"id":25385,"n":"Tablette chocolat Côte d'Or Chocolat lait/praliné - 200g","p":3.48,"u":"17,40 €/KG","img":"https://fd3-photos.leclercdrive.fr/image.ashx?id=2938076&use=l&cat=p&typeid=i","cat":284497},{"id":25393,"n":"Pâte à pizza Bio Bio village - 260g","p":1.82,"u":"7,00 €/KG","img":"https://fd3-photos.leclercdrive.fr/image.ashx?id=2879955&use=l&cat=p&typeid=i","cat":333681},{"id":25407,"n":"Bonbons LUTTI Luttimint Menthe - 250g","p":1.74,"u":"6,96 €/KG","img":"https://fd3-photos.leclercdrive.fr/image.ashx?id=2815019&use=l&cat=p&typeid=i","cat":304252},{"id":25408,"n":"Dragolo Haribo Sachet bonbons - 300g","p":1.51,"u":"5,03 €/KG","img":"https://fd3-photos.leclercdrive.fr/image.ashx?id=2803574&use=l&cat=p&typeid=i","cat":304250},{"id":25425,"n":"Biscuits apéritif Lay's 3D's Goût Cacahuetes - 85g","p":0.79,"u":"9,29 €/KG","img":"https://fd3-photos.leclercdrive.fr/image.ashx?id=2916824&use=l&cat=p&typeid=i","cat":284449},{"id":25426,"n":"Infusion détente Bio Village Bio - x20 - 30g","p":1.79,"u":"59,67 €/KG","img":"https://fd3-photos.leclercdrive.fr/image.ashx?id=2897895&use=l&cat=p&typeid=i","cat":293234},{"id":25432,"n":"Herbes de provence Ducros Boîte ménagère 40g","p":1.42,"u":"35,50 €/KG","img":"https://fd3-photos.leclercdrive.fr/image.ashx?id=2486548&use=l&cat=p&typeid=i","cat":298297},{"id":25445,"n":"Lait poudre Croissance Modilac  De 12 mois à 36 mois - 800g","p":13.34,"u":"16,68 €/KG","img":"https://fd3-photos.leclercdrive.fr/image.ashx?id=2873390&use=l&cat=p&typeid=i","cat":290219},{"id":25446,"n":"Lait croissance Nidal Nestlé Dès 12 mois - 800g","p":9.02,"u":"11,28 €/KG","img":"https://fd3-photos.leclercdrive.fr/image.ashx?id=2806405&use=l&cat=p&typeid=i","cat":290219},{"id":25452,"n":"Sucettes au lait Chupa Chups Sachet - 192g","p":2.4,"u":"12,50 €/KG","img":"https://fd3-photos.leclercdrive.fr/image.ashx?id=2647648&use=l&cat=p&typeid=i","cat":304252},{"id":25465,"n":"Recharge distributeur Canderel Comprimés x600 - 51g","p":4.87,"u":"95,49 €/KG","img":"https://fd3-photos.leclercdrive.fr/image.ashx?id=2811008&use=l&cat=p&typeid=i","cat":324846},{"id":25482,"n":"Soupe liquide Liebig  Cèpes et Bolets - 1L","p":2.62,"u":"2,62 €/L","img":"https://fd3-photos.leclercdrive.fr/image.ashx?id=2766728&use=l&cat=p&typeid=i","cat":284462},{"id":25492,"n":"Confiture Bonne Maman Fraise & fraises des bois 370g","p":2.49,"u":"6,73 €/KG","img":"https://fd3-photos.leclercdrive.fr/image.ashx?id=2999841&use=l&cat=p&typeid=i","cat":284480},{"id":25493,"n":"Bouillon Cube Maggi Pot au feu - 180g","p":1.54,"u":"8,56 €/KG","img":"https://fd3-photos.leclercdrive.fr/image.ashx?id=2212315&use=l&cat=p&typeid=i","cat":288379},{"id":25515,"n":"Eau minérale naturelle Vittel 6x1L","p":2.4,"u":"0,40 €/L","img":"https://fd3-photos.leclercdrive.fr/image.ashx?id=2276654&use=l&cat=p&typeid=i","cat":284535},{"id":25516,"n":"Eau de source Cristaline 12x50cl","p":1.8,"u":"0,30 €/L","img":"https://fd3-photos.leclercdrive.fr/image.ashx?id=2872874&use=l&cat=p&typeid=i","cat":284535},{"id":25530,"n":"Sucre Béghin Say pure canne petits morceaux - 1kg","p":3.14,"u":"3,14 €/KG","img":"https://fd3-photos.leclercdrive.fr/image.ashx?id=2949919&use=l&cat=p&typeid=i","cat":284502},{"id":25541,"n":"Soda à l'orange Orangina 6x25cl","p":4.16,"u":"2,77 €/L","img":"https://fd3-photos.leclercdrive.fr/image.ashx?id=2495653&use=l&cat=p&typeid=i","cat":284532},{"id":25550,"n":"Soda Schweppes Indian Tonic Zero - 1,5L","p":1.89,"u":"1,26 €/L","img":"https://fd3-photos.leclercdrive.fr/image.ashx?id=2852393&use=l&cat=p&typeid=i","cat":284531},{"id":25553,"n":"Soda Schweppes Saveur Agrumes - 4x50cl","p":5.12,"u":"2,56 €/L","img":"https://fd3-photos.leclercdrive.fr/image.ashx?id=2852402&use=l&cat=p&typeid=i","cat":284532},{"id":25554,"n":"Soda Schweppes Saveur Citron Zero - 1,5L","p":1.87,"u":"1,25 €/L","img":"https://fd3-photos.leclercdrive.fr/image.ashx?id=2852396&use=l&cat=p&typeid=i","cat":284532},{"id":25557,"n":"Soda Schweppes Saveur Pomme - 1,5L","p":2.13,"u":"1,42 €/L","img":"https://fd3-photos.leclercdrive.fr/image.ashx?id=2852411&use=l&cat=p&typeid=i","cat":284532},{"id":25561,"n":"Jus de fruits Tropicana Multivitaminés Essentiels - 1L","p":2.68,"u":"2,68 €/L","img":"https://fd3-photos.leclercdrive.fr/image.ashx?id=2605641&use=l&cat=p&typeid=i","cat":284917},{"id":25567,"n":"Jus d'orange Jafaden A base de concentré  - 2L","p":3.51,"u":"1,76 €/L","img":"https://fd3-photos.leclercdrive.fr/image.ashx?id=2751892&use=l&cat=p&typeid=i","cat":284521},{"id":25575,"n":"Limonade artisanale Lorina Bouteille - 1L","p":3.36,"u":"3,36 €/L","img":"https://fd3-photos.leclercdrive.fr/image.ashx?id=2735137&use=l&cat=p&typeid=i","cat":284531},{"id":25576,"n":"Limonade Cristal Lorina 1,25L","p":2.3,"u":"1,84 €/L","img":"https://fd3-photos.leclercdrive.fr/image.ashx?id=2575555&use=l&cat=p&typeid=i","cat":284531},{"id":25587,"n":"Vin mousseux de France Kriter Blanc Brut - 75cl","p":4.84,"u":"6,45 €/L","img":"https://fd3-photos.leclercdrive.fr/image.ashx?id=2840868&use=l&cat=p&typeid=i","cat":284544},{"id":25593,"n":"Boisson aux fruits Capri Sun Multivitaminé - 10x20cl","p":3.26,"u":"1,63 €/L","img":"https://fd3-photos.leclercdrive.fr/image.ashx?id=2447067&use=l&cat=p&typeid=i","cat":295018},{"id":25596,"n":"Nectar Bio Pressade Multifruits - 6x20cl","p":2.7,"u":"2,25 €/L","img":"https://fd3-photos.leclercdrive.fr/image.ashx?id=2732518&use=l&cat=p&typeid=i","cat":284524},{"id":25607,"n":"Eau minérale gazeuse Perrier  Naturelle  - 6x50cl","p":3.86,"u":"1,29 €/L","img":"https://fd3-photos.leclercdrive.fr/image.ashx?id=2493916&use=l&cat=p&typeid=i","cat":284536},{"id":25609,"n":"Saucisses aux lentilles  William Saurin- 840g","p":3.37,"u":"4,01 €/KG","img":"https://fd3-photos.leclercdrive.fr/image.ashx?id=2890070&use=l&cat=p&typeid=i","cat":284441},{"id":25613,"n":"Boisson énergétique Powerade Cerise - 50cl","p":1.18,"u":"2,36 €/L","img":"https://fd3-photos.leclercdrive.fr/image.ashx?id=2774220&use=l&cat=p&typeid=i","cat":284533},{"id":25614,"n":"Boisson Citronnade Pulco Citron - 1,5L","p":2.13,"u":"1,42 €/L","img":"https://fd3-photos.leclercdrive.fr/image.ashx?id=2941526&use=l&cat=p&typeid=i","cat":295018},{"id":25615,"n":"Concentré à diluer Pulco Agrumes - 70cl","p":2.83,"u":"4,04 €/L","img":"https://fd3-photos.leclercdrive.fr/image.ashx?id=2687851&use=l&cat=p&typeid=i","cat":295020},{"id":25619,"n":"Pastis Ricard Anisé 45% vol - 1,5L","p":29.86,"u":"19,91 €/L","img":"https://fd3-photos.leclercdrive.fr/image.ashx?id=2839115&use=l&cat=p&typeid=i","cat":284548},{"id":25623,"n":"Sirop Moulin de Valdonne  Kiwi banane - 70cl","p":3.54,"u":"5,06 €/L","img":"https://fd3-photos.leclercdrive.fr/image.ashx?id=2170580&use=l&cat=p&typeid=i","cat":295020},{"id":25630,"n":"Taboulé Menu Fraîcheur Poulet - 500g","p":2.11,"u":"4,22 €/KG","img":"https://fd3-photos.leclercdrive.fr/image.ashx?id=2901449&use=l&cat=p&typeid=i","cat":333657},{"id":25632,"n":"Vodka Absolut 40% vol - 70cl","p":19.49,"u":"27,84 €/L","img":"https://fd3-photos.leclercdrive.fr/image.ashx?id=2887239&use=l&cat=p&typeid=i","cat":284550},{"id":25642,"n":"Escalope milanaise Coté Table 300g","p":2.38,"u":"7,93 €/KG","img":"https://fd3-photos.leclercdrive.fr/image.ashx?id=2499385&use=l&cat=p&typeid=i","cat":333665},{"id":25659,"n":"Déodorant Fresh Step Spray Anti-transpirant - 150 ml","p":4.75,"u":"31,67 €/L","img":"https://fd3-photos.leclercdrive.fr/image.ashx?id=2981103&use=l&cat=p&typeid=i","cat":325354},{"id":25661,"n":"Rasoir Siliss 3 lames - +1 recharge","p":4.25,"img":"https://fd3-photos.leclercdrive.fr/image.ashx?id=2699411&use=l&cat=p&typeid=i","cat":325352},{"id":25663,"n":"Chips à l'ancienne Pom'Lisse Nature - 270g","p":1.85,"u":"6,85 €/KG","img":"https://fd3-photos.leclercdrive.fr/image.ashx?id=2724835&use=l&cat=p&typeid=i","cat":284447},{"id":25669,"n":"Pâtes de fruits rouges NRT   De Provence - 180g","p":3.55,"u":"19,72 €/KG","img":"https://fd3-photos.leclercdrive.fr/image.ashx?id=2771049&use=l&cat=p&typeid=i","cat":284499},{"id":25670,"n":"Pâtes de fruits jaunes NRT De Provence - 180g","p":3.55,"u":"19,72 €/KG","img":"https://fd3-photos.leclercdrive.fr/image.ashx?id=2771052&use=l&cat=p&typeid=i","cat":284499},{"id":25685,"n":"Bouillon Cube Maggi Boeuf - 180g","p":1.49,"u":"8,28 €/KG","img":"https://fd3-photos.leclercdrive.fr/image.ashx?id=2882896&use=l&cat=p&typeid=i","cat":288379},{"id":25689,"n":"AOC Coteaux Varois rosé Terres de Saint-Louis - 75cl","p":4.8,"u":"6,40 €/L","img":"https://fd3-photos.leclercdrive.fr/image.ashx?id=2105905&use=l&cat=p&typeid=i","cat":289558},{"id":25703,"n":"Rousquilles fondantes NRT 200g","p":2.15,"u":"10,75 €/KG","img":"https://fd3-photos.leclercdrive.fr/image.ashx?id=2663812&use=l&cat=p&typeid=i","cat":284487},{"id":25709,"n":"Madeleines Ker Cadélac Extra moelleuses chocolat 600g","p":4.15,"u":"6,92 €/KG","img":"https://fd3-photos.leclercdrive.fr/image.ashx?id=2959934&use=l&cat=p&typeid=i","cat":284492},{"id":25729,"n":"Vinaigrette balsamique Puget Tomate séchée - 33cl","p":2.28,"u":"6,91 €/L","img":"https://fd3-photos.leclercdrive.fr/image.ashx?id=2912143&use=l&cat=p&typeid=i","cat":284456},{"id":25739,"n":"Bûche de chèvre Les Croisés Fondante 22%mg - 180g","p":1.84,"u":"10,22 €/KG","img":"https://fd3-photos.leclercdrive.fr/image.ashx?id=2946838&use=l&cat=p&typeid=i","cat":314031},{"id":25741,"n":"Grana Padano AOP Les Croisés - 200g","p":3.35,"u":"16,75 €/KG","img":"https://fd3-photos.leclercdrive.fr/image.ashx?id=2954091&use=l&cat=p&typeid=i","cat":314034},{"id":25742,"n":"Macédoine Menu Fraîcheur  Légumes - 300g","p":1.59,"u":"5,30 €/KG","img":"https://fd3-photos.leclercdrive.fr/image.ashx?id=2901446&use=l&cat=p&typeid=i","cat":333657},{"id":25743,"n":"Mascarpone Les Croisés - 500g","p":3.08,"u":"6,16 €/KG","img":"https://fd3-photos.leclercdrive.fr/image.ashx?id=2123626&use=l&cat=p&typeid=i","cat":314026},{"id":25744,"n":"Nems au Poulet Tables du Monde  x4  - 280g","p":1.79,"u":"6,39 €/KG","img":"https://fd3-photos.leclercdrive.fr/image.ashx?id=2953338&use=l&cat=p&typeid=i","cat":333673},{"id":25746,"n":"Saucisse de volaille Tradilège  x10 350g","p":1.47,"u":"4,20 €/KG","img":"https://fd3-photos.leclercdrive.fr/image.ashx?id=2625110&use=l&cat=p&typeid=i","cat":316012},{"id":25751,"n":"Barres céréales moelleux Grany Fruits des bois - 192g","p":1.97,"u":"10,26 €/KG","img":"https://fd3-photos.leclercdrive.fr/image.ashx?id=2963916&use=l&cat=p&typeid=i","cat":285869},{"id":25753,"n":"Génoises fourrées Eco+ Framboise - 300g","p":1.9,"u":"6,33 €/KG","img":"https://fd3-photos.leclercdrive.fr/image.ashx?id=2808197&use=l&cat=p&typeid=i","cat":284489},{"id":25759,"n":"Barquettes chats Gourmet Gold Double délice luxe mix - 12x85g","p":5.74,"u":"5,63 €/KG","img":"https://fd3-photos.leclercdrive.fr/image.ashx?id=2857096&use=l&cat=p&typeid=i","cat":285286},{"id":25762,"n":"Bâtonnets Dentastix Pedigree Grand chien x28 - 1080g","p":8.22,"u":"7,61 €/KG","img":"https://fd3-photos.leclercdrive.fr/image.ashx?id=2924776&use=l&cat=p&typeid=i","cat":294527},{"id":25764,"n":"Olives noires Tramier Dénoyautées - 150g","p":1.57,"u":"10,47 €/KG","img":"https://fd3-photos.leclercdrive.fr/image.ashx?id=2840814&use=l&cat=p&typeid=i","cat":284458},{"id":25765,"n":"Céréales Nestlé Mix Chocapic, Lion, Nesquik x6","p":2.49,"u":"13,11 €/KG","img":"https://fd3-photos.leclercdrive.fr/image.ashx?id=2981364&use=l&cat=p&typeid=i","cat":309513},{"id":25790,"n":"Sucre pure canne Bio Village En morceaux bio - 500g","p":2.09,"u":"4,18 €/KG","img":"https://fd3-photos.leclercdrive.fr/image.ashx?id=3010440&use=l&cat=p&typeid=i","cat":284502},{"id":25793,"n":"AOP Côtes du Rhône rouge Cellier des Dauphins - BIB 3L","p":11.35,"u":"3,78 €/L","img":"https://fd3-photos.leclercdrive.fr/image.ashx?id=2830006&use=l&cat=p&typeid=i","cat":289560},{"id":25801,"n":"Lingettes Wc Syphon Désinfectantes x40","p":2.2,"img":"https://fd3-photos.leclercdrive.fr/image.ashx?id=2768092&use=l&cat=p&typeid=i","cat":325358},{"id":25805,"n":"Légumes pour pot au feu Panier du Primeur - 1kg","p":1.89,"u":"1,89 €/KG","img":"https://fd3-photos.leclercdrive.fr/image.ashx?id=2958717&use=l&cat=p&typeid=i","cat":284352},{"id":25806,"n":"Lingettes bébé H2O Biolane Epaisses - x72","p":1.77,"u":"0,02 €/P","img":"https://fd3-photos.leclercdrive.fr/image.ashx?id=2877910&use=l&cat=p&typeid=i","cat":284738},{"id":25811,"n":"Salade Coleslaw Menu Fraîcheur  500g","p":1.83,"u":"3,66 €/KG","img":"https://fd3-photos.leclercdrive.fr/image.ashx?id=2645930&use=l&cat=p&typeid=i","cat":333657},{"id":25817,"n":"Emincés de saumon fumé ASC Ronde des mers - 100g","p":4.45,"u":"44,50 €/KG","img":"https://fd3-photos.leclercdrive.fr/image.ashx?id=2953620&use=l&cat=p&typeid=i","cat":285188},{"id":25818,"n":"Émincés de saumon fumé ASC Ronde de mers - 100g","p":4.39,"u":"43,90 €/KG","img":"https://fd3-photos.leclercdrive.fr/image.ashx?id=2953617&use=l&cat=p&typeid=i","cat":285188},{"id":25819,"n":"Feuilletés Jambon Emmental Coté Table - 2x140g","p":2.99,"u":"10,68 €/KG","img":"https://fd3-photos.leclercdrive.fr/image.ashx?id=2846517&use=l&cat=p&typeid=i","cat":333671},{"id":25820,"n":"Flammekueche Coté Table 350g","p":1.85,"u":"5,29 €/KG","img":"https://fd3-photos.leclercdrive.fr/image.ashx?id=2064819&use=l&cat=p&typeid=i","cat":333680},{"id":25821,"n":"Filets de Limande du Nord MSC Pêche Océan - 500g","p":5.99,"u":"11,98 €/KG","img":"https://fd3-photos.leclercdrive.fr/image.ashx?id=2807187&use=l&cat=p&typeid=i","cat":319786},{"id":25836,"n":"Choucroute garnie  William Saurin - 800g","p":3.95,"u":"4,94 €/KG","img":"https://fd3-photos.leclercdrive.fr/image.ashx?id=2890058&use=l&cat=p&typeid=i","cat":284441},{"id":25839,"n":"Couscous parfumé Tipiak Prêt en 5 min  - 500g","p":2.22,"u":"4,44 €/KG","img":"https://fd3-photos.leclercdrive.fr/image.ashx?id=2946937&use=l&cat=p&typeid=i","cat":284429},{"id":25848,"n":"Lait de coco Suzi Wan 500ml","p":2.65,"u":"5,30 €/L","img":"https://fd3-photos.leclercdrive.fr/image.ashx?id=2892934&use=l&cat=p&typeid=i","cat":288992},{"id":25854,"n":"Mignonnettes Côte d'Or Chocolat noir /orange - 24x10g","p":5.05,"u":"21,04 €/KG","img":"https://fd3-photos.leclercdrive.fr/image.ashx?id=3009152&use=l&cat=p&typeid=i","cat":284499},{"id":25855,"n":"Noix d'epaule Tulip Boîte - 340g","p":2.5,"u":"7,35 €/KG","img":"https://fd3-photos.leclercdrive.fr/image.ashx?id=2465598&use=l&cat=p&typeid=i","cat":305149},{"id":25856,"n":"Olives vertes La Ciota Farcies anchois - 120g","p":1.99,"u":"16,58 €/KG","img":"https://fd3-photos.leclercdrive.fr/image.ashx?id=2296575&use=l&cat=p&typeid=i","cat":284458},{"id":25860,"n":"Pain au chocolat La Boulangère Pur beurre - x8 - 400g","p":2.77,"u":"6,93 €/KG","img":"https://fd3-photos.leclercdrive.fr/image.ashx?id=2912182&use=l&cat=p&typeid=i","cat":296366},{"id":25865,"n":"Préparation taboulé Tipiak Menthe citron olive - 350g","p":2.02,"u":"5,77 €/KG","img":"https://fd3-photos.leclercdrive.fr/image.ashx?id=2973862&use=l&cat=p&typeid=i","cat":284429},{"id":25868,"n":"Flocons d'avoine Quaker Oats Classic - 800g","p":2.24,"u":"2,80 €/KG","img":"https://fd3-photos.leclercdrive.fr/image.ashx?id=2344498&use=l&cat=p&typeid=i","cat":309512},{"id":25879,"n":"Bâtonnets Dentastix Pedigree Petit chien x28 - 440g","p":5.51,"u":"12,52 €/KG","img":"https://fd3-photos.leclercdrive.fr/image.ashx?id=2877106&use=l&cat=p&typeid=i","cat":294527},{"id":25884,"n":"Carrés chocolat Côte d'Or Chocolat lait Noisettes -10x20g","p":4.81,"u":"24,05 €/KG","img":"https://fd3-photos.leclercdrive.fr/image.ashx?id=2826651&use=l&cat=p&typeid=i","cat":284497},{"id":25886,"n":"Carrés chocolat Côte d'Or Chocolat noir Noisettes -10x20g","p":5.12,"u":"25,60 €/KG","img":"https://fd3-photos.leclercdrive.fr/image.ashx?id=2826654&use=l&cat=p&typeid=i","cat":284956},{"id":25887,"n":"Tablette chocolat Côte d'Or Noir Extra 2x200g","p":4.93,"u":"12,33 €/KG","img":"https://fd3-photos.leclercdrive.fr/image.ashx?id=2882065&use=l&cat=p&typeid=i","cat":284956},{"id":25889,"n":"Mignonnettes Côte d'Or Chocolat au lait - 24x10g","p":5.62,"u":"23,42 €/KG","img":"https://fd3-photos.leclercdrive.fr/image.ashx?id=3002210&use=l&cat=p&typeid=i","cat":284499},{"id":25893,"n":"Tablette chocolat Côte d'Or Chocolat noir - 200g","p":2.77,"u":"13,85 €/KG","img":"https://fd3-photos.leclercdrive.fr/image.ashx?id=2993119&use=l&cat=p&typeid=i","cat":284956},{"id":25894,"n":"Mignonnettes Côte d'Or Chocolat noir - 24x10g","p":4.9,"u":"20,42 €/KG","img":"https://fd3-photos.leclercdrive.fr/image.ashx?id=3009116&use=l&cat=p&typeid=i","cat":284499},{"id":25898,"n":"Chocolat Nougatti Côte d'Or Nougat/chocolat au lait -270g","p":4.54,"u":"16,81 €/KG","img":"https://fd3-photos.leclercdrive.fr/image.ashx?id=2612388&use=l&cat=p&typeid=i","cat":284498},{"id":25913,"n":"Chocolat noir Côte d'Or Nougat 130g","p":2.96,"u":"22,77 €/KG","img":"https://fd3-photos.leclercdrive.fr/image.ashx?id=2985588&use=l&cat=p&typeid=i","cat":284956},{"id":25914,"n":"Tablette chocolat Côte d'Or Chocolat noir praliné - 200g","p":3.49,"u":"17,45 €/KG","img":"https://fd3-photos.leclercdrive.fr/image.ashx?id=2941943&use=l&cat=p&typeid=i","cat":284956},{"id":26007,"n":"Sangria d'Espagne Don Simon 7%vol. - 1,5L","p":2.41,"u":"1,61 €/L","img":"https://fd3-photos.leclercdrive.fr/image.ashx?id=2025245&use=l&cat=p&typeid=i","cat":286032},{"id":26014,"n":"Colin d'Alaska Marie Petites St Jacques Hisseo 900g","p":5.71,"u":"6,34 €/KG","img":"https://fd3-photos.leclercdrive.fr/image.ashx?id=2996758&use=l&cat=p&typeid=i","cat":319786},{"id":26027,"n":"Gel douche Eco  Senteur vanille - 500ml","p":0.65,"u":"1,30 €/L","img":"https://fd3-photos.leclercdrive.fr/image.ashx?id=2965789&use=l&cat=p&typeid=i","cat":284594},{"id":26030,"n":"Masque Inell Film purifiant x2","p":0.99,"img":"https://fd3-photos.leclercdrive.fr/image.ashx?id=2691625&use=l&cat=p&typeid=i","cat":325346},{"id":26038,"n":"Recharge savon mains Manava Crème Lait et miel - 250ml","p":0.57,"u":"2,28 €/L","img":"https://fd3-photos.leclercdrive.fr/image.ashx?id=2935489&use=l&cat=p&typeid=i","cat":284597},{"id":26056,"n":"Merguez véritables Socopa Façon charcutières - x4  - 220g","p":3.0,"u":"13,64 €/KG","img":"https://fd3-photos.leclercdrive.fr/image.ashx?id=2628377&use=l&cat=p&typeid=i","cat":284334},{"id":26065,"n":"Saucisson Petit Justin Bridou  Bâton de Berger Nature - 100g","p":2.7,"u":"27,00 €/KG","img":"https://fd3-photos.leclercdrive.fr/image.ashx?id=2851036&use=l&cat=p&typeid=i","cat":316006},{"id":26111,"n":"5 baies grains Sainte Lucie 250g","p":9.97,"u":"39,88 €/KG","img":"https://fd3-photos.leclercdrive.fr/image.ashx?id=2379703&use=l&cat=p&typeid=i","cat":284457},{"id":26112,"n":"5 baies Sainte Lucie Moulin -  40g","p":3.22,"u":"80,50 €/KG","img":"https://fd3-photos.leclercdrive.fr/image.ashx?id=2774460&use=l&cat=p&typeid=i","cat":284457},{"id":26119,"n":"Extrait naturel Sainte Lucie Vanille blister 20ml","p":3.93,"u":"196,50 €/L","img":"https://fd3-photos.leclercdrive.fr/image.ashx?id=2774963&use=l&cat=p&typeid=i","cat":284504},{"id":26122,"n":"Décor anniversaire Sainte Lucie 1 bougie + 10 chiffres + socle","p":3.16,"img":"https://fd3-photos.leclercdrive.fr/image.ashx?id=2774364&use=l&cat=p&typeid=i","cat":284504},{"id":26123,"n":"Décor rond Sainte Lucie Heureux anniversaire blister x1","p":2.39,"img":"https://fd3-photos.leclercdrive.fr/image.ashx?id=2776124&use=l&cat=p&typeid=i","cat":284504},{"id":26133,"n":"Pistaches vertes Sainte Lucie Emondées Reine de Saba 50g","p":5.19,"u":"103,80 €/KG","img":"https://fd3-photos.leclercdrive.fr/image.ashx?id=2118764&use=l&cat=p&typeid=i","cat":284448},{"id":26137,"n":"Piment d'Espelette AOP Sainte Lucie - 50g","p":9.7,"u":"194,00 €/KG","img":"https://fd3-photos.leclercdrive.fr/image.ashx?id=2974342&use=l&cat=p&typeid=i","cat":298297},{"id":26138,"n":"Persillade Sainte Lucie 30g","p":2.89,"u":"96,33 €/KG","img":"https://fd3-photos.leclercdrive.fr/image.ashx?id=2774430&use=l&cat=p&typeid=i","cat":298297},{"id":26140,"n":"Poivre noir Sainte Lucie Moulin - 50g","p":3.31,"u":"66,20 €/KG","img":"https://fd3-photos.leclercdrive.fr/image.ashx?id=2774463&use=l&cat=p&typeid=i","cat":284457},{"id":26141,"n":"Poivre noir grains Sainte Lucie 245g","p":9.43,"u":"38,49 €/KG","img":"https://fd3-photos.leclercdrive.fr/image.ashx?id=2379706&use=l&cat=p&typeid=i","cat":284457},{"id":26151,"n":"Sucre Eco+  En poudre - 1kg","p":0.95,"u":"0,95 €/KG","img":"https://fd3-photos.leclercdrive.fr/image.ashx?id=2675679&use=l&cat=p&typeid=i","cat":284502},{"id":26152,"n":"Salade Mexicaine Eco+ Au thon - 280g","p":1.12,"u":"4,00 €/KG","img":"https://fd3-photos.leclercdrive.fr/image.ashx?id=2884201&use=l&cat=p&typeid=i","cat":284437},{"id":26153,"n":"Salade Americaine Eco+ Au thon - 280g","p":1.12,"u":"4,00 €/KG","img":"https://fd3-photos.leclercdrive.fr/image.ashx?id=2873649&use=l&cat=p&typeid=i","cat":284437},{"id":26154,"n":"Salade Niçoise Eco+ Au thon - 280g","p":1.12,"u":"4,00 €/KG","img":"https://fd3-photos.leclercdrive.fr/image.ashx?id=2896012&use=l&cat=p&typeid=i","cat":284437},{"id":26185,"n":"Lingettes désinfectante Sanytol Multi-usage Eucalyptus - x72","p":1.49,"u":"0,03 €/P","img":"https://fd3-photos.leclercdrive.fr/image.ashx?id=2899353&use=l&cat=p&typeid=i","cat":325358},{"id":26193,"n":"Edulcorant Canderel sticks x120 - 120g","p":2.59,"u":"21,58 €/KG","img":"https://fd3-photos.leclercdrive.fr/image.ashx?id=2811011&use=l&cat=p&typeid=i","cat":324846},{"id":26258,"n":"Madeleines coquilles P'tit déli Sachet 600g","p":2.39,"u":"3,98 €/KG","img":"https://fd3-photos.leclercdrive.fr/image.ashx?id=2540948&use=l&cat=p&typeid=i","cat":284492},{"id":26271,"n":"Rôti de porc Tradilège 6 tranches VPF 180g","p":2.38,"u":"13,22 €/KG","img":"https://fd3-photos.leclercdrive.fr/image.ashx?id=2675786&use=l&cat=p&typeid=i","cat":316009},{"id":26275,"n":"Coeur d'artichauts Sacla'Italia Antipasto - 285g","p":3.23,"u":"11,33 €/KG","img":"https://fd3-photos.leclercdrive.fr/image.ashx?id=2507032&use=l&cat=p&typeid=i","cat":312611},{"id":26289,"n":"Sauce froide Suzi Wan Aigre douce 330g","p":2.06,"u":"6,24 €/KG","img":"https://fd3-photos.leclercdrive.fr/image.ashx?id=2990886&use=l&cat=p&typeid=i","cat":288992},{"id":26303,"n":"Céréales Corn Flakes Eco+ sucrés - 750g","p":2.13,"u":"2,84 €/KG","img":"https://fd3-photos.leclercdrive.fr/image.ashx?id=2934643&use=l&cat=p&typeid=i","cat":309513},{"id":26307,"n":"Boisson énergisante Red Bull 473ml","p":2.07,"u":"4,38 €/L","img":"https://fd3-photos.leclercdrive.fr/image.ashx?id=3011986&use=l&cat=p&typeid=i","cat":284533},{"id":26308,"n":"Boisson énergisante Red Bull 355ml","p":1.63,"u":"4,59 €/L","img":"https://fd3-photos.leclercdrive.fr/image.ashx?id=3011980&use=l&cat=p&typeid=i","cat":284533},{"id":26309,"n":"Boîte chat Whiskas  Gelée mer & campagne - 8x400g","p":8.87,"u":"2,84 €/KG","img":"https://fd3-photos.leclercdrive.fr/image.ashx?id=2759628&use=l&cat=p&typeid=i","cat":285601},{"id":26310,"n":"Cornichons Kühne Aigre doux - 360g","p":2.52,"u":"7,00 €/KG","img":"https://fd3-photos.leclercdrive.fr/image.ashx?id=2550925&use=l&cat=p&typeid=i","cat":284458},{"id":26316,"n":"Mini-crêpes fourrées Tokapi Bacon - 65g","p":1.9,"u":"29,23 €/KG","img":"https://fd3-photos.leclercdrive.fr/image.ashx?id=2853886&use=l&cat=p&typeid=i","cat":297000},{"id":26319,"n":"Noix de cajou Tokapi Sans sel ajouté - 125g","p":1.79,"u":"14,32 €/KG","img":"https://fd3-photos.leclercdrive.fr/image.ashx?id=2794000&use=l&cat=p&typeid=i","cat":284448},{"id":26324,"n":"Noisette Sainte Lucie Méditerranée décortiquée 125g","p":3.23,"u":"25,84 €/KG","img":"https://fd3-photos.leclercdrive.fr/image.ashx?id=2776112&use=l&cat=p&typeid=i","cat":284448},{"id":26325,"n":"Noisettes Sainte Lucie En poudre 125g","p":2.74,"u":"21,92 €/KG","img":"https://fd3-photos.leclercdrive.fr/image.ashx?id=2122046&use=l&cat=p&typeid=i","cat":284504},{"id":26328,"n":"Arôme amande amère Sainte Lucie Blister - 20ml","p":1.4,"u":"70,00 €/L","img":"https://fd3-photos.leclercdrive.fr/image.ashx?id=2774313&use=l&cat=p&typeid=i","cat":284504},{"id":26329,"n":"Arôme Sainte Lucie Fleur d'oranger flacon 250ml","p":2.2,"u":"8,80 €/L","img":"https://fd3-photos.leclercdrive.fr/image.ashx?id=2774316&use=l&cat=p&typeid=i","cat":284504},{"id":26330,"n":"Amandes California Sainte Lucie Blanches effilées sachet 125g","p":3.51,"u":"28,08 €/KG","img":"https://fd3-photos.leclercdrive.fr/image.ashx?id=2776109&use=l&cat=p&typeid=i","cat":284504},{"id":26332,"n":"Gélifiant naturel Sainte Lucie Végétal Agar Agar 4 sachets x2g","p":2.5,"u":"125,00 €/KG","img":"https://fd3-photos.leclercdrive.fr/image.ashx?id=2774325&use=l&cat=p&typeid=i","cat":284504},{"id":26335,"n":"Bougies anniversaire Ste Lucie Plusieurs coloris blister x20","p":2.65,"img":"https://fd3-photos.leclercdrive.fr/image.ashx?id=2774361&use=l&cat=p&typeid=i","cat":284504},{"id":26337,"n":"Clous de girofle Sainte Lucie 30g","p":3.81,"u":"127,00 €/KG","img":"https://fd3-photos.leclercdrive.fr/image.ashx?id=2774385&use=l&cat=p&typeid=i","cat":298297},{"id":26339,"n":"Cumin moulu Sainte Lucie 40g","p":2.97,"u":"74,25 €/KG","img":"https://fd3-photos.leclercdrive.fr/image.ashx?id=2974315&use=l&cat=p&typeid=i","cat":298297},{"id":26343,"n":"Piment doux Sainte Lucie Moulus - 50g","p":2.19,"u":"43,80 €/KG","img":"https://fd3-photos.leclercdrive.fr/image.ashx?id=2774388&use=l&cat=p&typeid=i","cat":298297},{"id":26348,"n":"Piments de cayenne Sainte Lucie Moulu - 40g","p":2.4,"u":"60,00 €/KG","img":"https://fd3-photos.leclercdrive.fr/image.ashx?id=2774400&use=l&cat=p&typeid=i","cat":298297},{"id":26350,"n":"Persil feuilles Sainte Lucie Coupées - 20g","p":1.76,"u":"88,00 €/KG","img":"https://fd3-photos.leclercdrive.fr/image.ashx?id=2968157&use=l&cat=p&typeid=i","cat":298297},{"id":26362,"n":"Ail semoule Sainte Lucie 60g","p":2.43,"u":"40,50 €/KG","img":"https://fd3-photos.leclercdrive.fr/image.ashx?id=1892852&use=l&cat=p&typeid=i","cat":298297},{"id":26363,"n":"5 baies Sainte Lucie Flacon - 45g","p":3.05,"u":"67,78 €/KG","img":"https://fd3-photos.leclercdrive.fr/image.ashx?id=2974324&use=l&cat=p&typeid=i","cat":284457},{"id":26366,"n":"Caramel liquide Sainte Lucie Nature flacon 250ml","p":2.83,"u":"11,32 €/L","img":"https://fd3-photos.leclercdrive.fr/image.ashx?id=2776106&use=l&cat=p&typeid=i","cat":284504},{"id":26369,"n":"Demi feuilles de gélatine  Sainte Lucie","p":1.52,"img":"https://fd3-photos.leclercdrive.fr/image.ashx?id=2859024&use=l&cat=p&typeid=i","cat":284504},{"id":26372,"n":"Noix de coco Sainte Lucie Des Tropiques râpée sachet 125g","p":2.26,"u":"18,08 €/KG","img":"https://fd3-photos.leclercdrive.fr/image.ashx?id=2776115&use=l&cat=p&typeid=i","cat":284504},{"id":26375,"n":"Pâte d'amandes Sainte Lucie Tricolore pain - 200g","p":2.93,"u":"14,65 €/KG","img":"https://fd3-photos.leclercdrive.fr/image.ashx?id=2774352&use=l&cat=p&typeid=i","cat":284504},{"id":26378,"n":"Curcuma moulu Sainte Lucie 55g","p":2.67,"u":"48,55 €/KG","img":"https://fd3-photos.leclercdrive.fr/image.ashx?id=2774391&use=l&cat=p&typeid=i","cat":298297},{"id":26379,"n":"Echalote semoule Sainte Lucie 40g","p":1.87,"u":"46,75 €/KG","img":"https://fd3-photos.leclercdrive.fr/image.ashx?id=2974318&use=l&cat=p&typeid=i","cat":298297},{"id":26381,"n":"Vermicelles Multicolores Sainte Lucie - 65g","p":2.18,"u":"33,54 €/KG","img":"https://fd3-photos.leclercdrive.fr/image.ashx?id=2774340&use=l&cat=p&typeid=i","cat":284504},{"id":26384,"n":"Pépites Vahiné Chocolat noir 200g","p":3.83,"u":"19,15 €/KG","img":"https://fd3-photos.leclercdrive.fr/image.ashx?id=2606265&use=l&cat=p&typeid=i","cat":284504},{"id":26385,"n":"Aneth feuilles Sainte Lucie 15g","p":1.89,"u":"126,00 €/KG","img":"https://fd3-photos.leclercdrive.fr/image.ashx?id=2774382&use=l&cat=p&typeid=i","cat":298297},{"id":26386,"n":"Basilic feuilles Sainte Lucie Coupées - 15g","p":1.75,"u":"116,67 €/KG","img":"https://fd3-photos.leclercdrive.fr/image.ashx?id=2774376&use=l&cat=p&typeid=i","cat":298297},{"id":26390,"n":"Poivre noir grains Sainte Lucie Saveurs préservées flacon 50g","p":2.26,"u":"45,20 €/KG","img":"https://fd3-photos.leclercdrive.fr/image.ashx?id=2974327&use=l&cat=p&typeid=i","cat":284457},{"id":26391,"n":"Poivre noir moulu Sainte Lucie Saveurs préservées - 50g","p":2.47,"u":"49,40 €/KG","img":"https://fd3-photos.leclercdrive.fr/image.ashx?id=2974330&use=l&cat=p&typeid=i","cat":284457},{"id":26393,"n":"Poivre gris moulu Sainte Lucie 95g","p":4.25,"u":"44,74 €/KG","img":"https://fd3-photos.leclercdrive.fr/image.ashx?id=2774445&use=l&cat=p&typeid=i","cat":284457},{"id":26394,"n":"Poivre noir grains Sainte Lucie Etui - 100g","p":4.41,"u":"44,10 €/KG","img":"https://fd3-photos.leclercdrive.fr/image.ashx?id=2774442&use=l&cat=p&typeid=i","cat":284457},{"id":26395,"n":"Sucre vanillé Sainte Lucie Bourbon 5 sachets - 38g","p":1.66,"u":"43,68 €/KG","img":"https://fd3-photos.leclercdrive.fr/image.ashx?id=2774286&use=l&cat=p&typeid=i","cat":284504},{"id":26407,"n":"Raisins secs bruns Sainte Lucie De Smyrne - 125g","p":1.73,"u":"13,84 €/KG","img":"https://fd3-photos.leclercdrive.fr/image.ashx?id=2774337&use=l&cat=p&typeid=i","cat":323809},{"id":26408,"n":"Raisins blonds Sainte Lucie Sultanine - 125g","p":2.09,"u":"16,72 €/KG","img":"https://fd3-photos.leclercdrive.fr/image.ashx?id=2142638&use=l&cat=p&typeid=i","cat":284357},{"id":26447,"n":"Pralin doré haché Sainte Lucie Sachet 75g","p":1.87,"u":"24,93 €/KG","img":"https://fd3-photos.leclercdrive.fr/image.ashx?id=2774355&use=l&cat=p&typeid=i","cat":284504},{"id":26464,"n":"Steak haché 5% MG Bio Village Bio 2x100g","p":4.59,"u":"22,95 €/KG","img":"https://fd3-photos.leclercdrive.fr/image.ashx?id=2951338&use=l&cat=p&typeid=i","cat":284332},{"id":26484,"n":"Croquette chat stérilisé Ultima  Poulet - 3kg","p":11.56,"u":"3,85 €/KG","img":"https://fd3-photos.leclercdrive.fr/image.ashx?id=2918886&use=l&cat=p&typeid=i","cat":284680},{"id":26493,"n":"Pizza Merveillosa Turini Mozzarella - 335g","p":2.15,"u":"6,42 €/KG","img":"https://fd3-photos.leclercdrive.fr/image.ashx?id=2816573&use=l&cat=p&typeid=i","cat":284256},{"id":26494,"n":"Pizza Merveillosa Turini Thon - 355g","p":2.26,"u":"6,37 €/KG","img":"https://fd3-photos.leclercdrive.fr/image.ashx?id=2815238&use=l&cat=p&typeid=i","cat":284256},{"id":26512,"n":"Fromage blanc Délisse Fraise 5.5%MG - 500g","p":2.55,"u":"5,10 €/KG","img":"https://fd3-photos.leclercdrive.fr/image.ashx?id=3009514&use=l&cat=p&typeid=i","cat":284409},{"id":26565,"n":"Lait Croissance Bio Village bio 10 à 36 mois - 6x1L","p":10.02,"u":"1,67 €/L","img":"https://fd3-photos.leclercdrive.fr/image.ashx?id=2802032&use=l&cat=p&typeid=i","cat":284728},{"id":26569,"n":"Filet de poulet blanc Le Gaulois 720g","p":7.2,"u":"10,00 €/KG","img":"https://fd3-photos.leclercdrive.fr/image.ashx?id=3003212&use=l&cat=p&typeid=i","cat":284336},{"id":26603,"n":"Sardines Les Dieux Huile végétale - 115g","p":1.7,"u":"14,78 €/KG","img":"https://fd3-photos.leclercdrive.fr/image.ashx?id=2921573&use=l&cat=p&typeid=i","cat":305146},{"id":26608,"n":"Sardines Label Rouge Les Dieux Huile d'olive vierge extra 115g","p":2.61,"u":"22,70 €/KG","img":"https://fd3-photos.leclercdrive.fr/image.ashx?id=3008224&use=l&cat=p&typeid=i","cat":305146},{"id":26611,"n":"Sel moulu Le Guérandais Tradition - 250g","p":1.7,"u":"6,80 €/KG","img":"https://fd3-photos.leclercdrive.fr/image.ashx?id=1954622&use=l&cat=p&typeid=i","cat":284457},{"id":26643,"n":"Viande Bovine Rumsteack Socopa Aux trois poivres - x2 - 240g","p":4.96,"u":"20,67 €/KG","img":"https://fd3-photos.leclercdrive.fr/image.ashx?id=2413492&use=l&cat=p&typeid=i","cat":284328},{"id":26646,"n":"AOP Champagne Brut Nicolas Feuillatte Grande Réserve 75cl","p":22.35,"pp":20.11,"u":"26,81 €/L","img":"https://fd3-photos.leclercdrive.fr/image.ashx?id=2733184&use=l&cat=p&typeid=i","cat":284542},{"id":26647,"n":"Chair à saucisses porc Férial 400g","p":3.49,"u":"8,73 €/KG","img":"https://fd3-photos.leclercdrive.fr/image.ashx?id=2953308&use=l&cat=p&typeid=i","cat":284332},{"id":26648,"n":"Couscous Grain Moyen Regia - 500G","p":1.46,"u":"2,92 €/KG","img":"https://fd3-photos.leclercdrive.fr/image.ashx?id=2870206&use=l&cat=p&typeid=i","cat":284429},{"id":26649,"n":"Cacahuètes Benenuts-Twinuts Nature Sel - 150g","p":1.11,"u":"7,40 €/KG","img":"https://fd3-photos.leclercdrive.fr/image.ashx?id=2967735&use=l&cat=p&typeid=i","cat":284448},{"id":26651,"n":"Farine de blé Coeur de Blé 1kg","p":1.25,"u":"1,25 €/KG","img":"https://fd3-photos.leclercdrive.fr/image.ashx?id=2642639&use=l&cat=p&typeid=i","cat":284503},{"id":26652,"n":"Farine blé fluide Coeur de blé 1kg","p":1.16,"u":"1,16 €/KG","img":"https://fd3-photos.leclercdrive.fr/image.ashx?id=2335754&use=l&cat=p&typeid=i","cat":284503},{"id":26659,"n":"Fonds d'artichauts Notre Jardin 210g","p":2.75,"u":"13,10 €/KG","img":"https://fd3-photos.leclercdrive.fr/image.ashx?id=2607921&use=l&cat=p&typeid=i","cat":312611},{"id":26663,"n":"Farine de sarrasin Treblec 1kg","p":2.93,"u":"2,93 €/KG","img":"https://fd3-photos.leclercdrive.fr/image.ashx?id=2734843&use=l&cat=p&typeid=i","cat":284503},{"id":26708,"n":"Cacahuètes Benenuts-Twinuts Bacon Grillé - 150g","p":1.11,"u":"7,40 €/KG","img":"https://fd3-photos.leclercdrive.fr/image.ashx?id=2967738&use=l&cat=p&typeid=i","cat":284448},{"id":26713,"n":"Brownie Brossard Chocolat pépites 285g","p":2.49,"u":"8,74 €/KG","img":"https://fd3-photos.leclercdrive.fr/image.ashx?id=2977492&use=l&cat=p&typeid=i","cat":294776},{"id":26725,"n":"Infusion camomille Tiséa 25 sachets - 37,5g","p":0.92,"u":"0,25 €/KG","img":"https://fd3-photos.leclercdrive.fr/image.ashx?id=2441288&use=l&cat=p&typeid=i","cat":293234},{"id":26765,"n":"Mayonnaise Rustica A la moutarde de Dijon - 470g","p":1.6,"u":"3,40 €/KG","img":"https://fd3-photos.leclercdrive.fr/image.ashx?id=2954361&use=l&cat=p&typeid=i","cat":298295},{"id":26797,"n":"Compote Douceur du Verger Coupelle pomme fraise - 4x100g","p":1.15,"u":"2,88 €/KG","img":"https://fd3-photos.leclercdrive.fr/image.ashx?id=2663503&use=l&cat=p&typeid=i","cat":284508},{"id":26801,"n":"Langue de boeuf Hénaff Sauce Madère 410g","p":5.59,"u":"13,63 €/KG","img":"https://fd3-photos.leclercdrive.fr/image.ashx?id=2334359&use=l&cat=p&typeid=i","cat":284441},{"id":26808,"n":"Thon blanc entier Connétable Naturel Label Rouge - 120g","p":3.26,"u":"27,17 €/KG","img":"https://fd3-photos.leclercdrive.fr/image.ashx?id=2901935&use=l&cat=p&typeid=i","cat":303867},{"id":26818,"n":"Boisson base vin rosée Very Pamp Pamplemousse - 75cl","p":2.99,"u":"3,99 €/L","img":"https://fd3-photos.leclercdrive.fr/image.ashx?id=2446629&use=l&cat=p&typeid=i","cat":304569},{"id":26819,"n":"Boisson aromatisée Vin rosé Pamplemousse 7.5%,vol BIB 3L","p":9.5,"u":"3,17 €/L","img":"https://fd3-photos.leclercdrive.fr/image.ashx?id=2470024&use=l&cat=p&typeid=i","cat":304569},{"id":26820,"n":"IGP Pays d'Oc rouge Roche Mazet Merlot - BIB 3L","p":10.48,"u":"3,49 €/L","img":"https://fd3-photos.leclercdrive.fr/image.ashx?id=2597387&use=l&cat=p&typeid=i","cat":289560},{"id":26840,"n":"Spray Détachant Vanish  Avant-lavage - 750ml","p":4.18,"u":"5,57 €/L","img":"https://fd3-photos.leclercdrive.fr/image.ashx?id=2963913&use=l&cat=p&typeid=i","cat":284651},{"id":26877,"n":"Crackers Mini pizza Tokapi 85g","p":0.69,"u":"8,12 €/KG","img":"https://fd3-photos.leclercdrive.fr/image.ashx?id=2351232&use=l&cat=p&typeid=i","cat":297000},{"id":26926,"n":"Couches bébé Mots d'Enfants -T3 Ultra confort - 4/9kg - x162","p":19.7,"u":"0,12 €/P","img":"https://fd3-photos.leclercdrive.fr/image.ashx?id=2573987&use=l&cat=p&typeid=i","cat":284737},{"id":26945,"n":"Bâtonnets Trium Noix de coco x4 - 292g","p":2.69,"u":"9,21 €/KG","img":"https://fd3-photos.leclercdrive.fr/image.ashx?id=2767501&use=l&cat=p&typeid=i","cat":284265},{"id":26978,"n":"Chewing-gum menthol Airwaves Eucalyptus s/sucre 5x10","p":2.13,"img":"https://fd3-photos.leclercdrive.fr/image.ashx?id=2355902&use=l&cat=p&typeid=i","cat":304251},{"id":26979,"n":"Chewing-gum Airwaves Cool cassis s/sucre 5x10","p":2.13,"img":"https://fd3-photos.leclercdrive.fr/image.ashx?id=2355905&use=l&cat=p&typeid=i","cat":304251},{"id":26980,"n":"Chewing-gum Airwaves Black menthol sans sucre 5x10","p":2.13,"img":"https://fd3-photos.leclercdrive.fr/image.ashx?id=2355908&use=l&cat=p&typeid=i","cat":304251},{"id":26988,"n":"Courgette Eco+ 1kg","p":2.49,"u":"2,49 €/KG","img":"https://fd3-photos.leclercdrive.fr/image.ashx?id=2625692&use=l&cat=p&typeid=i","cat":284352},{"id":26998,"n":"Sachet repas chats Gourmet Les filettines en sauce -12x85g","p":6.05,"u":"5,93 €/KG","img":"https://fd3-photos.leclercdrive.fr/image.ashx?id=2902277&use=l&cat=p&typeid=i","cat":285286},{"id":27026,"n":"Huggies® Little Swimmers® Maxipack Taille 3-4 x20","p":10.52,"u":"0,53 €/P","img":"https://fd3-photos.leclercdrive.fr/image.ashx?id=2844703&use=l&cat=p&typeid=i","cat":290634},{"id":27069,"n":"Sorbet Oasis Multifruits x10 - 400g","p":2.83,"u":"7,08 €/KG","img":"https://fd3-photos.leclercdrive.fr/image.ashx?id=2831924&use=l&cat=p&typeid=i","cat":285250},{"id":27070,"n":"Bâtonnets Oasis Tropical x10 - 400g","p":2.48,"u":"6,20 €/KG","img":"https://fd3-photos.leclercdrive.fr/image.ashx?id=2877829&use=l&cat=p&typeid=i","cat":285250},{"id":27086,"n":"Crème légère fluide UHT Bio Bio Village 15%mg - 3x20cl","p":3.63,"u":"6,05 €/L","img":"https://fd3-photos.leclercdrive.fr/image.ashx?id=2694434&use=l&cat=p&typeid=i","cat":284381},{"id":27088,"n":"Glace à l'eau Stick Smicy 5 parfums x20 - 845g","p":2.74,"u":"3,24 €/KG","img":"https://fd3-photos.leclercdrive.fr/image.ashx?id=2073057&use=l&cat=p&typeid=i","cat":285250},{"id":27091,"n":"Mayonnaise Rustica A la moutarde de Dijon - 235g","p":1.14,"u":"4,85 €/KG","img":"https://fd3-photos.leclercdrive.fr/image.ashx?id=2954358&use=l&cat=p&typeid=i","cat":298295},{"id":27093,"n":"Compote Douceur du Verger Coupelle pomme abricot - 4x100g","p":1.19,"u":"2,98 €/KG","img":"https://fd3-photos.leclercdrive.fr/image.ashx?id=2663500&use=l&cat=p&typeid=i","cat":284508},{"id":27096,"n":"Mayonnaise allégée Rustica 450g","p":1.13,"u":"2,51 €/KG","img":"https://fd3-photos.leclercdrive.fr/image.ashx?id=3005682&use=l&cat=p&typeid=i","cat":298295},{"id":27098,"n":"Café moulu Plantation Brésil - 250g","p":3.71,"u":"14,84 €/KG","img":"https://fd3-photos.leclercdrive.fr/image.ashx?id=2607512&use=l&cat=p&typeid=i","cat":284750},{"id":27105,"n":"Corned Beef Hereford 7 Oz  - 200g","p":2.21,"u":"11,05 €/KG","img":"https://fd3-photos.leclercdrive.fr/image.ashx?id=2896943&use=l&cat=p&typeid=i","cat":305149},{"id":27106,"n":"Couches bébé Mots d'Enfants Mini - T2 : 3/6kg - x35 changes","p":5.18,"u":"0,15 €/P","img":"https://fd3-photos.leclercdrive.fr/image.ashx?id=2904568&use=l&cat=p&typeid=i","cat":284737},{"id":27114,"n":"Lait céréales Blédidej 12 mois Chocolat - 4x250ml","p":3.43,"u":"3,43 €/L","img":"https://fd3-photos.leclercdrive.fr/image.ashx?id=2921058&use=l&cat=p&typeid=i","cat":312226},{"id":27129,"n":"Papillotes Préparation Maggi Poulet ail et oignons - 36g","p":0.67,"u":"18,61 €/KG","img":"https://fd3-photos.leclercdrive.fr/image.ashx?id=2965295&use=l&cat=p&typeid=i","cat":288380},{"id":27149,"n":"Bonbons Croibleu Sève de pin - 250g","p":1.87,"u":"7,48 €/KG","img":"https://fd3-photos.leclercdrive.fr/image.ashx?id=1640045&use=l&cat=p&typeid=i","cat":304252},{"id":27158,"n":"Mini Barre Chocolat Lait KitKat x21 barres - 350g","p":4.51,"u":"12,89 €/KG","img":"https://fd3-photos.leclercdrive.fr/image.ashx?id=2762611&use=l&cat=p&typeid=i","cat":284498},{"id":27174,"n":"Bière blonde Tripel Karmeliet 8,4% - 75cl","p":4.45,"u":"5,93 €/L","img":"https://fd3-photos.leclercdrive.fr/image.ashx?id=2861180&use=l&cat=p&typeid=i","cat":334872},{"id":27178,"n":"Friandises Fun Tastix Fido Jambon fromage - 150g","p":1.59,"u":"10,60 €/KG","img":"https://fd3-photos.leclercdrive.fr/image.ashx?id=2681212&use=l&cat=p&typeid=i","cat":294527},{"id":27186,"n":"Bière blonde Leffe Triple 8,5% - 75cl","p":3.5,"u":"4,67 €/L","img":"https://fd3-photos.leclercdrive.fr/image.ashx?id=1890049&use=l&cat=p&typeid=i","cat":334852},{"id":27189,"n":"Cornichons Kühne Spécial Sandwich - 185g","p":1.89,"u":"10,22 €/KG","img":"https://fd3-photos.leclercdrive.fr/image.ashx?id=2058418&use=l&cat=p&typeid=i","cat":284458},{"id":27194,"n":"Mélange de matières grasses Le Fleurier - 53%mg - 250g","p":2.04,"u":"8,16 €/KG","img":"https://fd3-photos.leclercdrive.fr/image.ashx?id=2885941&use=l&cat=p&typeid=i","cat":315229},{"id":27228,"n":"Couches bébé Mots d'Enfants Ecologique - T3 : 4/9kg - x36","p":8.99,"u":"0,25 €/P","img":"https://fd3-photos.leclercdrive.fr/image.ashx?id=2914258&use=l&cat=p&typeid=i","cat":284737},{"id":27229,"n":"Couches bébé Mots d'Enfants Ecologique - T4 : 7/18kg - x32","p":8.99,"u":"0,28 €/P","img":"https://fd3-photos.leclercdrive.fr/image.ashx?id=2904562&use=l&cat=p&typeid=i","cat":284737},{"id":27260,"n":"Profiteroles La Laitière Chocolat - 4x90g","p":3.08,"u":"8,56 €/KG","img":"https://fd3-photos.leclercdrive.fr/image.ashx?id=3007981&use=l&cat=p&typeid=i","cat":284419},{"id":27284,"n":"Gingembre Barquette   250g","p":3.19,"u":"12,76 €/KG","img":"https://fd3-photos.leclercdrive.fr/image.ashx?id=1631979&use=l&cat=p&typeid=i","cat":284352},{"id":27359,"n":"Macaroni et croquettes 4Pat Boeuf - 4kg","p":9.2,"u":"2,30 €/KG","img":"https://fd3-photos.leclercdrive.fr/image.ashx?id=2877838&use=l&cat=p&typeid=i","cat":284672},{"id":27372,"n":"Adoucissant Hyperdou Douceur pêche - 3x250ml","p":1.24,"u":"1,65 €/L","img":"https://fd3-photos.leclercdrive.fr/image.ashx?id=2657208&use=l&cat=p&typeid=i","cat":284650},{"id":27379,"n":"Steak haché Isla Délice 80% pur boeuf Halal - 800g","p":10.47,"u":"13,09 €/KG","img":"https://fd3-photos.leclercdrive.fr/image.ashx?id=1583297&use=l&cat=p&typeid=i","cat":319778},{"id":27432,"n":"Sac de tournesol Pictou 3kg","p":4.7,"u":"1,57 €/KG","img":"https://fd3-photos.leclercdrive.fr/image.ashx?id=2231792&use=l&cat=p&typeid=i","cat":284678},{"id":27434,"n":"Coupelles Pêches DDV Sirop léger - 4x70 g","p":2.49,"u":"8,89 €/KG","img":"https://fd3-photos.leclercdrive.fr/image.ashx?id=2100784&use=l&cat=p&typeid=i","cat":284507},{"id":27454,"n":"Maïs Notre Jardin Croquant - 3x140g","p":1.83,"u":"4,36 €/KG","img":"https://fd3-photos.leclercdrive.fr/image.ashx?id=2052802&use=l&cat=p&typeid=i","cat":312611},{"id":27487,"n":"Dés Salakis basilic Fromage brebis - 300g","p":3.5,"u":"11,67 €/KG","img":"https://fd3-photos.leclercdrive.fr/image.ashx?id=2729695&use=l&cat=p&typeid=i","cat":314026},{"id":27523,"n":"Colin d'Alaska Pêche Océan À la parisienne - MSC - 400g","p":2.79,"u":"6,98 €/KG","img":"https://fd3-photos.leclercdrive.fr/image.ashx?id=2930120&use=l&cat=p&typeid=i","cat":319786},{"id":27524,"n":"Colin d'Alaska Côté Table A la provençale - MSC - 400g","p":2.79,"u":"6,98 €/KG","img":"https://fd3-photos.leclercdrive.fr/image.ashx?id=2930123&use=l&cat=p&typeid=i","cat":319786},{"id":27563,"n":"Blocs WC 3en1 Syphon Javel + Eau bleue - x2","p":1.5,"u":"0,75 €/P","img":"https://fd3-photos.leclercdrive.fr/image.ashx?id=2637643&use=l&cat=p&typeid=i","cat":284662},{"id":27564,"n":"Blé précuit Comptoir du Grain Sachet cuisson - x4 - 500g","p":1.7,"u":"3,40 €/KG","img":"https://fd3-photos.leclercdrive.fr/image.ashx?id=3012836&use=l&cat=p&typeid=i","cat":284429},{"id":27567,"n":"Ruban adhésif double face Siléa Largeur 50mm x 25 mètres","p":6.5,"img":"https://fd3-photos.leclercdrive.fr/image.ashx?id=2162351&use=l&cat=p&typeid=i","cat":300576},{"id":27676,"n":"Flocons d'avoine Rapidoats 500g","p":2.06,"u":"4,12 €/KG","img":"https://fd3-photos.leclercdrive.fr/image.ashx?id=2066314&use=l&cat=p&typeid=i","cat":309512},{"id":27681,"n":"Griottes dénoyautées Beyer au sirop- 320g","p":3.87,"u":"12,09 €/KG","img":"https://fd3-photos.leclercdrive.fr/image.ashx?id=2647934&use=l&cat=p&typeid=i","cat":284507},{"id":27684,"n":"Moutarde condiment Amora 430g","p":1.69,"u":"3,93 €/KG","img":"https://fd3-photos.leclercdrive.fr/image.ashx?id=2732461&use=l&cat=p&typeid=i","cat":288850},{"id":27685,"n":"IGP Pâtes Grand'Mère Torsades - 250g","p":1.16,"u":"4,64 €/KG","img":"https://fd3-photos.leclercdrive.fr/image.ashx?id=2503903&use=l&cat=p&typeid=i","cat":284427},{"id":27686,"n":"IGP Pâtes Grand'Mère Nids - 500g","p":2.47,"u":"4,94 €/KG","img":"https://fd3-photos.leclercdrive.fr/image.ashx?id=2191990&use=l&cat=p&typeid=i","cat":284427},{"id":27693,"n":"Eau minérale Wattwiller 9x50cl","p":3.49,"u":"0,78 €/L","img":"https://fd3-photos.leclercdrive.fr/image.ashx?id=2925406&use=l&cat=p&typeid=i","cat":284535},{"id":27696,"n":"AOC Riesling vin blanc sec Sélection Turckheim - 75cl","p":4.2,"u":"5,60 €/L","img":"https://fd3-photos.leclercdrive.fr/image.ashx?id=2585789&use=l&cat=p&typeid=i","cat":289557},{"id":27699,"n":"AOC Vin blanc Cave de Turckheim moelleux Gewurztraminer - 75cl","p":6.79,"u":"9,05 €/L","img":"https://fd3-photos.leclercdrive.fr/image.ashx?id=2555484&use=l&cat=p&typeid=i","cat":289557},{"id":27700,"n":"AOC Arbois Vin blanc Cuvée Bethanie - 75cl","p":13.73,"u":"18,31 €/L","img":"https://fd3-photos.leclercdrive.fr/image.ashx?id=2504881&use=l&cat=p&typeid=i","cat":289557},{"id":27702,"n":"Jambon persillé Clavière 200g","p":3.48,"u":"17,40 €/KG","img":"https://fd3-photos.leclercdrive.fr/image.ashx?id=2581720&use=l&cat=p&typeid=i","cat":316009},{"id":27709,"n":"Dentifrice Dentamyl Soin complet sensitive 75ml","p":0.92,"u":"12,27 €/L","img":"https://fd3-photos.leclercdrive.fr/image.ashx?id=2489119&use=l&cat=p&typeid=i","cat":284612},{"id":27798,"n":"Bière ambrée corse Pietra 6° - 75cl","p":4.28,"u":"5,71 €/L","img":"https://fd3-photos.leclercdrive.fr/image.ashx?id=2992921&use=l&cat=p&typeid=i","cat":334872},{"id":27834,"n":"Pizza Crousti-moelleuse Marie 4 fromages - 510g","p":3.67,"u":"7,20 €/KG","img":"https://fd3-photos.leclercdrive.fr/image.ashx?id=2996749&use=l&cat=p&typeid=i","cat":284256},{"id":27836,"n":"Pizza Crousti-moelleuse Marie Poulet kebab - 530g","p":4.03,"u":"7,60 €/KG","img":"https://fd3-photos.leclercdrive.fr/image.ashx?id=2996752&use=l&cat=p&typeid=i","cat":284256},{"id":27933,"n":"IGP Saucisse de Montbéliard VPF à cuire - 2x150g","p":4.97,"u":"16,57 €/KG","img":"https://fd3-photos.leclercdrive.fr/image.ashx?id=2848890&use=l&cat=p&typeid=i","cat":316012},{"id":27941,"n":"Cotons Duo Démaquillants Inell Disques x110","p":0.97,"img":"https://fd3-photos.leclercdrive.fr/image.ashx?id=1709588&use=l&cat=p&typeid=i","cat":285593},{"id":27961,"n":"Poulet basquaise Marie Riz à la tomate - 900g","p":5.5,"u":"6,11 €/KG","img":"https://fd3-photos.leclercdrive.fr/image.ashx?id=2996779&use=l&cat=p&typeid=i","cat":284254},{"id":27976,"n":"Eau minérale naturelle Vittel 8x33cl","p":2.54,"u":"0,96 €/L","img":"https://fd3-photos.leclercdrive.fr/image.ashx?id=3000423&use=l&cat=p&typeid=i","cat":284535},{"id":27977,"n":"Eau minérale naturelle Vittel 6x50cl","p":2.34,"u":"0,78 €/L","img":"https://fd3-photos.leclercdrive.fr/image.ashx?id=2999850&use=l&cat=p&typeid=i","cat":284535},{"id":27981,"n":"IGP Cancoillotte nature La Belle Etoile - 250g","p":2.63,"u":"10,52 €/KG","img":"https://fd3-photos.leclercdrive.fr/image.ashx?id=2532550&use=l&cat=p&typeid=i","cat":314037},{"id":27982,"n":"IGP Cancoillotte ail La Belle Etoile - 250g","p":2.63,"u":"10,52 €/KG","img":"https://fd3-photos.leclercdrive.fr/image.ashx?id=2532553&use=l&cat=p&typeid=i","cat":314037},{"id":27987,"n":"Fromage Petit Munster Dodin AOP - 250g","p":4.02,"u":"16,08 €/KG","img":"https://fd3-photos.leclercdrive.fr/image.ashx?id=2398946&use=l&cat=p&typeid=i","cat":329558},{"id":27991,"n":"Rösti Schneider 400g","p":3.48,"u":"8,70 €/KG","img":"https://fd3-photos.leclercdrive.fr/image.ashx?id=1933242&use=l&cat=p&typeid=i","cat":333671},{"id":28005,"n":"Sucre en poudre Erstein Profil pack 750g","p":1.67,"u":"2,23 €/KG","img":"https://fd3-photos.leclercdrive.fr/image.ashx?id=2303639&use=l&cat=p&typeid=i","cat":284502},{"id":28021,"n":"Dentifrice enfant Dentamyl Gel fraise - 75ml","p":1.25,"u":"16,67 €/L","img":"https://fd3-photos.leclercdrive.fr/image.ashx?id=2613831&use=l&cat=p&typeid=i","cat":288898},{"id":28023,"n":"Duo céréales Comptoir du Grain  Quinoa et Boulgour - 400g","p":2.05,"u":"5,13 €/KG","img":"https://fd3-photos.leclercdrive.fr/image.ashx?id=3012830&use=l&cat=p&typeid=i","cat":284429},{"id":28028,"n":"Recharge power tabs Rubson Lot de 4","p":21.37,"u":"5,34 €/P","img":"https://fd3-photos.leclercdrive.fr/image.ashx?id=1971365&use=l&cat=p&typeid=i","cat":300576},{"id":28076,"n":"AOP Madiran rouge Terroirs de Tilhet - 75cl","p":5.25,"pp":3.46,"u":"4,61 €/L","img":"https://fd3-photos.leclercdrive.fr/image.ashx?id=2996830&use=l&cat=p&typeid=i","cat":289556},{"id":28078,"n":"Coton bébé Mots d'Enfants Duo maxi carrés - x80","p":1.79,"u":"0,02 €/P","img":"https://fd3-photos.leclercdrive.fr/image.ashx?id=1947722&use=l&cat=p&typeid=i","cat":284739},{"id":28083,"n":"Maïs Notre Jardin Tendre  - 2x300g","p":1.88,"u":"3,13 €/KG","img":"https://fd3-photos.leclercdrive.fr/image.ashx?id=2177310&use=l&cat=p&typeid=i","cat":312611},{"id":28099,"n":"Eau minérale gazeuse St Diery Naturelle - 6x1,25L","p":2.16,"u":"0,29 €/L","img":"https://fd3-photos.leclercdrive.fr/image.ashx?id=2863075&use=l&cat=p&typeid=i","cat":284536},{"id":28104,"n":"IGP Pays d'Oc Merlot vin rosé Vieux Carion 12.5% vol -75 cl","p":2.25,"u":"3,00 €/L","img":"https://fd3-photos.leclercdrive.fr/image.ashx?id=2903962&use=l&cat=p&typeid=i","cat":289558},{"id":28209,"n":"Noix de cajou grillées Tokapi Salées - 125g","p":1.48,"u":"11,84 €/KG","img":"https://fd3-photos.leclercdrive.fr/image.ashx?id=2968625&use=l&cat=p&typeid=i","cat":284448},{"id":28211,"n":"Pistaches Tokapi Grillées et salées - 125g","p":1.85,"u":"14,80 €/KG","img":"https://fd3-photos.leclercdrive.fr/image.ashx?id=2795550&use=l&cat=p&typeid=i","cat":284448},{"id":28216,"n":"Café en grains Bio Village Bio 100% arabica - 250g","p":4.51,"u":"18,04 €/KG","img":"https://fd3-photos.leclercdrive.fr/image.ashx?id=1470434&use=l&cat=p&typeid=i","cat":293237},{"id":28217,"n":"Pain d'épices bio Bio Village Miel - Pré-tranché - 300g","p":1.65,"u":"5,50 €/KG","img":"https://fd3-photos.leclercdrive.fr/image.ashx?id=2355419&use=l&cat=p&typeid=i","cat":284493},{"id":28226,"n":"Cotons Duo Démaquillants Inell Duo ovale - Disques x70","p":1.56,"img":"https://fd3-photos.leclercdrive.fr/image.ashx?id=1709940&use=l&cat=p&typeid=i","cat":285593},{"id":28227,"n":"Tablette bio Bio Village Chocolat au lait - 100g","p":1.76,"u":"17,60 €/KG","img":"https://fd3-photos.leclercdrive.fr/image.ashx?id=2791057&use=l&cat=p&typeid=i","cat":284497},{"id":28228,"n":"Chocolat Pâtissier Bio Village Bio - Noir  52% cacao - 200g","p":2.75,"u":"13,75 €/KG","img":"https://fd3-photos.leclercdrive.fr/image.ashx?id=2802305&use=l&cat=p&typeid=i","cat":285562},{"id":28241,"n":"Savon mains en crème Manava Lait et miel - 300ml","p":1.05,"u":"3,50 €/L","img":"https://fd3-photos.leclercdrive.fr/image.ashx?id=2935486&use=l&cat=p&typeid=i","cat":284597},{"id":28269,"n":"Sacs congélation Eco+ Moyen modèle - x75","p":1.71,"u":"0,02 €/P","img":"https://fd3-photos.leclercdrive.fr/image.ashx?id=2558748&use=l&cat=p&typeid=i","cat":334134},{"id":28280,"n":"Flan entremets Tablier Blanc Vanille x4 192g","p":0.99,"u":"5,16 €/KG","img":"https://fd3-photos.leclercdrive.fr/image.ashx?id=2487464&use=l&cat=p&typeid=i","cat":284505},{"id":28281,"n":"Flan entremets Tablier Blanc Chocolat x4 232g","p":1.57,"u":"6,77 €/KG","img":"https://fd3-photos.leclercdrive.fr/image.ashx?id=1735224&use=l&cat=p&typeid=i","cat":284505},{"id":28308,"n":"Paëlla Royale Côté Table Poulet, moule et chorizo 940g","p":3.69,"u":"3,93 €/KG","img":"https://fd3-photos.leclercdrive.fr/image.ashx?id=2977873&use=l&cat=p&typeid=i","cat":325094},{"id":28311,"n":"Liqueur Grand Marnier Orange & Cognac - 40%vol - 70cl","p":20.14,"u":"28,77 €/L","img":"https://fd3-photos.leclercdrive.fr/image.ashx?id=3007909&use=l&cat=p&typeid=i","cat":286032},{"id":28323,"n":"Mayonnaise à l'ancienne Rustica 235g","p":1.28,"u":"5,45 €/KG","img":"https://fd3-photos.leclercdrive.fr/image.ashx?id=2954364&use=l&cat=p&typeid=i","cat":298295},{"id":28336,"n":"Huile d'olive Cauvin Vierge extra - 2L","p":19.1,"u":"9,55 €/L","img":"https://fd3-photos.leclercdrive.fr/image.ashx?id=2477739&use=l&cat=p&typeid=i","cat":284453},{"id":28344,"n":"Olives vertes La Ciota Farcies poivrons - 120g","p":1.91,"u":"15,92 €/KG","img":"https://fd3-photos.leclercdrive.fr/image.ashx?id=2296584&use=l&cat=p&typeid=i","cat":284458},{"id":28368,"n":"Tablette de chocolat Equador Noir fleur de sel 100g","p":1.42,"u":"14,20 €/KG","img":"https://fd3-photos.leclercdrive.fr/image.ashx?id=2660565&use=l&cat=p&typeid=i","cat":284956},{"id":28384,"n":"Patate douce Sachet 1kg","p":1.39,"u":"1,39 €/KG","img":"https://fd3-photos.leclercdrive.fr/image.ashx?id=1632578&use=l&cat=p&typeid=i","cat":284352},{"id":28386,"n":"Brioche de Lyon saucisson NRT 400g","p":4.99,"u":"12,48 €/KG","img":"https://fd3-photos.leclercdrive.fr/image.ashx?id=2743849&use=l&cat=p&typeid=i","cat":333671},{"id":28415,"n":"Colin d'Alaska Pêche Océan À la moutarde - MSC - 400g","p":2.99,"u":"7,48 €/KG","img":"https://fd3-photos.leclercdrive.fr/image.ashx?id=2930117&use=l&cat=p&typeid=i","cat":319786},{"id":28419,"n":"Lingettes anti-transfert Texil Tous textiles x25","p":2.32,"u":"0,09 €/P","img":"https://fd3-photos.leclercdrive.fr/image.ashx?id=2964571&use=l&cat=p&typeid=i","cat":290450},{"id":28422,"n":"Choucroute d'Alsace NRT 920g","p":6.87,"u":"7,47 €/KG","img":"https://fd3-photos.leclercdrive.fr/image.ashx?id=2723243&use=l&cat=p&typeid=i","cat":333666},{"id":28423,"n":"Choucroute d'Alsace NRT 370g","p":3.04,"u":"8,22 €/KG","img":"https://fd3-photos.leclercdrive.fr/image.ashx?id=2723246&use=l&cat=p&typeid=i","cat":333665},{"id":28432,"n":"Jus d'ananas Eco + Brique 1L","p":1.57,"u":"1,57 €/L","img":"https://fd3-photos.leclercdrive.fr/image.ashx?id=2802263&use=l&cat=p&typeid=i","cat":284916},{"id":28444,"n":"Fleur de sel de Camargue Le Saunier de Camargue - 125g","p":2.5,"u":"20,00 €/KG","img":"https://fd3-photos.leclercdrive.fr/image.ashx?id=2819343&use=l&cat=p&typeid=i","cat":284457},{"id":28516,"n":"Chocolat Noir Lindt Excellence  pointe de piment rouge - 100g","p":2.51,"u":"25,10 €/KG","img":"https://fd3-photos.leclercdrive.fr/image.ashx?id=2209200&use=l&cat=p&typeid=i","cat":284956},{"id":28551,"n":"Tartiflette NRT Reblochon Savoie Label Rouge - 300g","p":3.91,"u":"13,03 €/KG","img":"https://fd3-photos.leclercdrive.fr/image.ashx?id=2723216&use=l&cat=p&typeid=i","cat":333665},{"id":28594,"n":"Soupe instantanée Royco  Crème d'asperges - 4x200ml","p":1.62,"u":"2,03 €/L","img":"https://fd3-photos.leclercdrive.fr/image.ashx?id=2650982&use=l&cat=p&typeid=i","cat":293527},{"id":28596,"n":"Soupe instantanée Royco  Crème de volaille - 4x200ml","p":1.7,"u":"2,13 €/L","img":"https://fd3-photos.leclercdrive.fr/image.ashx?id=2376413&use=l&cat=p&typeid=i","cat":293527},{"id":28613,"n":"Nectar multifruits  1L","p":0.98,"u":"0,98 €/L","img":"https://fd3-photos.leclercdrive.fr/image.ashx?id=2869263&use=l&cat=p&typeid=i","cat":284917},{"id":28614,"n":"Pur jus d'orange Eco+ Brique - 1L","p":1.87,"u":"1,87 €/L","img":"https://fd3-photos.leclercdrive.fr/image.ashx?id=2802260&use=l&cat=p&typeid=i","cat":284521},{"id":28715,"n":"Gel Toilette Intime Fraîcheur Intima Natural Aloe Vera 200ml","p":2.88,"u":"14,40 €/L","img":"https://fd3-photos.leclercdrive.fr/image.ashx?id=2959862&use=l&cat=p&typeid=i","cat":284627},{"id":28723,"n":"Bonbons Confiséo Caramel enrobés chocolat 280g","p":2.01,"u":"7,18 €/KG","img":"https://fd3-photos.leclercdrive.fr/image.ashx?id=2934688&use=l&cat=p&typeid=i","cat":304250},{"id":28724,"n":"Nettoyant écologique Uni Vert Spécial Vitres - 750ml","p":1.79,"u":"2,39 €/L","img":"https://fd3-photos.leclercdrive.fr/image.ashx?id=2370993&use=l&cat=p&typeid=i","cat":325363},{"id":28725,"n":"Nettoyant écologique Uni Vert Spécial Vitres - 750ml","p":1.46,"u":"1,95 €/L","img":"https://fd3-photos.leclercdrive.fr/image.ashx?id=2372341&use=l&cat=p&typeid=i","cat":325363},{"id":28727,"n":"Tablettes anti-calcaire Calgon  4 en 1 - x48","p":9.73,"u":"15,59 €/KG","img":"https://fd3-photos.leclercdrive.fr/image.ashx?id=2954881&use=l&cat=p&typeid=i","cat":284653},{"id":28730,"n":"Bain moussant Manava Vanille et ambre 500ml","p":2.14,"u":"4,28 €/L","img":"https://fd3-photos.leclercdrive.fr/image.ashx?id=2618326&use=l&cat=p&typeid=i","cat":284594},{"id":28753,"n":"Café Soluble Nescafé Cappuccino Café Viennois - 306g","p":4.57,"u":"14,93 €/KG","img":"https://fd3-photos.leclercdrive.fr/image.ashx?id=2874087&use=l&cat=p&typeid=i","cat":284843},{"id":28827,"n":"Chili con carne Côté Table Au piment de Cayenne - 820g","p":3.24,"u":"3,95 €/KG","img":"https://fd3-photos.leclercdrive.fr/image.ashx?id=2977156&use=l&cat=p&typeid=i","cat":325094},{"id":28831,"n":"Cookies Méga pépites P'tit Déli Choco amandes caramelisées 184g","p":1.51,"u":"8,21 €/KG","img":"https://fd3-photos.leclercdrive.fr/image.ashx?id=2116128&use=l&cat=p&typeid=i","cat":325066},{"id":28832,"n":"Cookies Méga pépites P'tit Déli Chocolat 184g","p":1.51,"u":"8,21 €/KG","img":"https://fd3-photos.leclercdrive.fr/image.ashx?id=2722814&use=l&cat=p&typeid=i","cat":325066},{"id":28848,"n":"Pennes au saumon Marie A la crème - 900g","p":6.12,"u":"6,80 €/KG","img":"https://fd3-photos.leclercdrive.fr/image.ashx?id=2996761&use=l&cat=p&typeid=i","cat":284254},{"id":28856,"n":"Pain burger Epi d'Or Géant complet x4 - 330g","p":0.97,"u":"2,94 €/KG","img":"https://fd3-photos.leclercdrive.fr/image.ashx?id=2984661&use=l&cat=p&typeid=i","cat":325067},{"id":28860,"n":"Pain de mie Epi d'or Complet - Spécial mie - 500g","p":1.47,"u":"2,94 €/KG","img":"https://fd3-photos.leclercdrive.fr/image.ashx?id=3012839&use=l&cat=p&typeid=i","cat":284477},{"id":28861,"n":"Pain de mie Epi d'Or Spécial mie - Nature - 500g","p":1.49,"u":"2,98 €/KG","img":"https://fd3-photos.leclercdrive.fr/image.ashx?id=2807294&use=l&cat=p&typeid=i","cat":284477},{"id":28866,"n":"Coq au vin et ses torsades NRT 300g","p":2.61,"u":"8,70 €/KG","img":"https://fd3-photos.leclercdrive.fr/image.ashx?id=2723240&use=l&cat=p&typeid=i","cat":284953},{"id":28867,"n":"Foie gras canard IGP perigord NRT Entier - 125g","p":12.5,"u":"100,00 €/KG","img":"https://fd3-photos.leclercdrive.fr/image.ashx?id=2753514&use=l&cat=p&typeid=i","cat":305148},{"id":28869,"n":"Parmentier canard Sud Ouest NRT - 300g","p":2.99,"u":"9,97 €/KG","img":"https://fd3-photos.leclercdrive.fr/image.ashx?id=2925210&use=l&cat=p&typeid=i","cat":284953},{"id":28872,"n":"Saucisses de Toulouse lentilles NRT - 300g","p":2.36,"u":"7,87 €/KG","img":"https://fd3-photos.leclercdrive.fr/image.ashx?id=2723234&use=l&cat=p&typeid=i","cat":284953},{"id":28874,"n":"Thon blanc Bretagne NRT Nature - 160g","p":2.69,"u":"16,81 €/KG","img":"https://fd3-photos.leclercdrive.fr/image.ashx?id=2775445&use=l&cat=p&typeid=i","cat":303867},{"id":28938,"n":"Velouté bio Bio Village Légumes variés  - 1L","p":2.06,"u":"2,06 €/L","img":"https://fd3-photos.leclercdrive.fr/image.ashx?id=2133954&use=l&cat=p&typeid=i","cat":284462},{"id":28941,"n":"Potage gourmand Régal Soupe Légumes et fromage fondu - 1L","p":2.42,"u":"2,42 €/L","img":"https://fd3-photos.leclercdrive.fr/image.ashx?id=2607524&use=l&cat=p&typeid=i","cat":284462},{"id":28961,"n":"AOP Beaujolais Nouveau Vin Rouge - Georges Duboeuf - 75cl","p":8.7,"u":"11,60 €/L","img":"https://fd3-photos.leclercdrive.fr/image.ashx?id=2966029&use=l&cat=p&typeid=i","cat":289556},{"id":28966,"n":"Liqueur Malibu Coco 18% vol - 70cl","p":10.38,"u":"14,83 €/L","img":"https://fd3-photos.leclercdrive.fr/image.ashx?id=2993481&use=l&cat=p&typeid=i","cat":284551},{"id":28974,"n":"Saumon fumé MSC Sauvage Ronde des Mers x4T - 120g","p":6.65,"u":"55,42 €/KG","img":"https://fd3-photos.leclercdrive.fr/image.ashx?id=2837692&use=l&cat=p&typeid=i","cat":285188},{"id":28978,"n":"IGP Saucisse de Morteau Pré cuite 400g","p":6.73,"u":"16,83 €/KG","img":"https://fd3-photos.leclercdrive.fr/image.ashx?id=1578222&use=l&cat=p&typeid=i","cat":316012},{"id":28997,"n":"Mayonnaise de Dijon Amora 235g","p":1.69,"u":"7,19 €/KG","img":"https://fd3-photos.leclercdrive.fr/image.ashx?id=2877208&use=l&cat=p&typeid=i","cat":298295},{"id":29009,"n":"Bûche glacée Eskiss Façon dame blanche - 530g","p":5.66,"u":"10,68 €/KG","img":"https://fd3-photos.leclercdrive.fr/image.ashx?id=2791293&use=l&cat=p&typeid=i","cat":284266},{"id":29032,"n":"Chips Bret's Poulet braisé - 125g","p":1.17,"u":"9,36 €/KG","img":"https://fd3-photos.leclercdrive.fr/image.ashx?id=1927788&use=l&cat=p&typeid=i","cat":284447},{"id":29044,"n":"Cerneaux de noix Tablier Blanc 50g","p":1.3,"u":"26,00 €/KG","img":"https://fd3-photos.leclercdrive.fr/image.ashx?id=2460607&use=l&cat=p&typeid=i","cat":323809},{"id":29047,"n":"Pignons de pin Tablier Blanc 50g","p":2.39,"u":"47,80 €/KG","img":"https://fd3-photos.leclercdrive.fr/image.ashx?id=2867907&use=l&cat=p&typeid=i","cat":323809},{"id":29082,"n":"Cocktail Punch Old Nick Pina Colada 16%vol. - 70cl","p":6.34,"u":"9,06 €/L","img":"https://fd3-photos.leclercdrive.fr/image.ashx?id=2926197&use=l&cat=p&typeid=i","cat":284551},{"id":29095,"n":"Yaourts brassés Délisse Vanille - 8x125g","p":2.65,"u":"2,65 €/KG","img":"https://fd3-photos.leclercdrive.fr/image.ashx?id=2372338&use=l&cat=p&typeid=i","cat":284410},{"id":29116,"n":"Bonbons sans sucres Confiséo Goût réglisse - 150g","p":2.64,"u":"17,60 €/KG","img":"https://fd3-photos.leclercdrive.fr/image.ashx?id=2934703&use=l&cat=p&typeid=i","cat":304250},{"id":29117,"n":"Bonbons sans sucres Confiséo Menthe - 150g","p":1.98,"u":"13,20 €/KG","img":"https://fd3-photos.leclercdrive.fr/image.ashx?id=2934697&use=l&cat=p&typeid=i","cat":304252},{"id":29119,"n":"Potage gourmand Régal Soupe 8 légumes à la crème - 1L","p":1.69,"u":"1,69 €/L","img":"https://fd3-photos.leclercdrive.fr/image.ashx?id=2607521&use=l&cat=p&typeid=i","cat":284462},{"id":29133,"n":"Sacs poubelle Haute 50L Elembal Poignées coulissantes - x15","p":1.94,"u":"0,13 €/P","img":"https://fd3-photos.leclercdrive.fr/image.ashx?id=2958726&use=l&cat=p&typeid=i","cat":285168},{"id":29134,"n":"Mousse coiffante Vitanove Effet boucles - 200ml","p":1.48,"u":"7,40 €/L","img":"https://fd3-photos.leclercdrive.fr/image.ashx?id=2490040&use=l&cat=p&typeid=i","cat":284609},{"id":29151,"n":"Plaisir au chocolat Lenôtre Macaron et Mousse - 405g","p":7.51,"u":"18,54 €/KG","img":"https://fd3-photos.leclercdrive.fr/image.ashx?id=2807744&use=l&cat=p&typeid=i","cat":284266},{"id":29156,"n":"Saumon au beurre blanc Marie Echalotes confites au vin 400g","p":5.97,"u":"14,93 €/KG","img":"https://fd3-photos.leclercdrive.fr/image.ashx?id=2996806&use=l&cat=p&typeid=i","cat":319786},{"id":29174,"n":"Lait de douche Manava Pêche de vigne - 250ml","p":0.94,"u":"3,76 €/L","img":"https://fd3-photos.leclercdrive.fr/image.ashx?id=1636779&use=l&cat=p&typeid=i","cat":284594},{"id":29182,"n":"AOC Bordeaux rouge Yvecourt - 75cl","p":3.36,"u":"4,48 €/L","img":"https://fd3-photos.leclercdrive.fr/image.ashx?id=2529297&use=l&cat=p&typeid=i","cat":289556},{"id":29189,"n":"Bûche de chèvre Bio Bio Village 180g","p":2.66,"u":"14,78 €/KG","img":"https://fd3-photos.leclercdrive.fr/image.ashx?id=2070437&use=l&cat=p&typeid=i","cat":314031},{"id":29212,"n":"Sauce Samouraï Samia Halal - 350ml","p":1.79,"u":"5,11 €/L","img":"https://fd3-photos.leclercdrive.fr/image.ashx?id=2756263&use=l&cat=p&typeid=i","cat":289013},{"id":29323,"n":"Superlevure Gayelord Hauser Paillettes étui 150g","p":2.93,"u":"19,53 €/KG","img":"https://fd3-photos.leclercdrive.fr/image.ashx?id=2786012&use=l&cat=p&typeid=i","cat":294686},{"id":29328,"n":"Pâte de fruits Gayelord Hauser 4 parfums - 125g","p":2.67,"u":"21,36 €/KG","img":"https://fd3-photos.leclercdrive.fr/image.ashx?id=1761918&use=l&cat=p&typeid=i","cat":318652},{"id":29334,"n":"Biscuits miel sésame GERBLE  crousti'son - 4x5 200g","p":1.67,"u":"8,35 €/KG","img":"https://fd3-photos.leclercdrive.fr/image.ashx?id=2662280&use=l&cat=p&typeid=i","cat":318651},{"id":29335,"n":"Barre pomme abricot Isostar  Céréal Max -165g","p":2.37,"u":"14,36 €/KG","img":"https://fd3-photos.leclercdrive.fr/image.ashx?id=2097938&use=l&cat=p&typeid=i","cat":318652},{"id":29336,"n":"Barre noisette chocolat Isostar  Céréal Max - 165g","p":2.35,"u":"14,24 €/KG","img":"https://fd3-photos.leclercdrive.fr/image.ashx?id=2676666&use=l&cat=p&typeid=i","cat":318652},{"id":29354,"n":"Caramels tendres Confiséo 4 parfums 450g","p":3.14,"u":"6,98 €/KG","img":"https://fd3-photos.leclercdrive.fr/image.ashx?id=2934685&use=l&cat=p&typeid=i","cat":304250},{"id":29358,"n":"Pur jus pamplemousse Jafaden Rose - 1L","p":1.67,"u":"1,67 €/L","img":"https://fd3-photos.leclercdrive.fr/image.ashx?id=2869269&use=l&cat=p&typeid=i","cat":284914},{"id":29360,"n":"AOP Cabernet d'Anjou vin rosé Les Caractères - BIB 5L","p":21.49,"u":"4,30 €/L","img":"https://fd3-photos.leclercdrive.fr/image.ashx?id=2776045&use=l&cat=p&typeid=i","cat":289560},{"id":29361,"n":"Sacs poubelle haute 30L Elembal Poignées coulissantes - x25","p":3.23,"u":"0,13 €/P","img":"https://fd3-photos.leclercdrive.fr/image.ashx?id=2958723&use=l&cat=p&typeid=i","cat":285168},{"id":29364,"n":"Boisson base vin rosé Festalie Pamplemousse - 7.5% - 75 cl","p":1.89,"u":"2,52 €/L","img":"https://fd3-photos.leclercdrive.fr/image.ashx?id=2774891&use=l&cat=p&typeid=i","cat":304569},{"id":29368,"n":"Boisson à base de vin blanc saveur pêche Festalie - 75 cl","p":2.75,"u":"3,67 €/L","img":"https://fd3-photos.leclercdrive.fr/image.ashx?id=2774894&use=l&cat=p&typeid=i","cat":304569},{"id":29369,"n":"AOC Côtes du Rhône vin rosé Grégoire XI - BIB 3L","p":9.99,"u":"3,33 €/L","img":"https://fd3-photos.leclercdrive.fr/image.ashx?id=2677071&use=l&cat=p&typeid=i","cat":289560},{"id":29370,"n":"AOP Crémant de Loire brut Les Caractères - 75cl","p":4.99,"u":"6,65 €/L","img":"https://fd3-photos.leclercdrive.fr/image.ashx?id=2898844&use=l&cat=p&typeid=i","cat":284545},{"id":29389,"n":"AOC Coteaux d'Aix-en-Provence vin rosé Terres Ocrées - BIB 3L","p":15.99,"u":"5,33 €/L","img":"https://fd3-photos.leclercdrive.fr/image.ashx?id=2918460&use=l&cat=p&typeid=i","cat":289560},{"id":29419,"n":"Tortillas chips Tokapi Nature - 150g","p":0.55,"u":"3,67 €/KG","img":"https://fd3-photos.leclercdrive.fr/image.ashx?id=2647955&use=l&cat=p&typeid=i","cat":287899},{"id":29442,"n":"Boules de graines Pictou x50","p":7.9,"u":"1,76 €/KG","img":"https://fd3-photos.leclercdrive.fr/image.ashx?id=2021661&use=l&cat=p&typeid=i","cat":284678},{"id":29493,"n":"Tomato Ketchup Bio Heinz - 580g","p":2.53,"u":"4,36 €/KG","img":"https://fd3-photos.leclercdrive.fr/image.ashx?id=2927726&use=l&cat=p&typeid=i","cat":284455},{"id":29535,"n":"Croûtons Epi d'Or Ail - 2x90g","p":1.19,"u":"6,61 €/KG","img":"https://fd3-photos.leclercdrive.fr/image.ashx?id=2606049&use=l&cat=p&typeid=i","cat":284464},{"id":29570,"n":"Saucisson Petit Justin Bridou  Bâton de Berger Nature - 160g","p":3.37,"u":"21,06 €/KG","img":"https://fd3-photos.leclercdrive.fr/image.ashx?id=2894893&use=l&cat=p&typeid=i","cat":316006},{"id":29729,"n":"Escalope de dinde Le Gaulois Extra tendre x2 - 250g","p":4.16,"u":"16,64 €/KG","img":"https://fd3-photos.leclercdrive.fr/image.ashx?id=2259649&use=l&cat=p&typeid=i","cat":284337},{"id":29753,"n":"Eau gazeuse La Pétillante Citron vert sans sucre - 1L","p":0.4,"u":"0,40 €/L","img":"https://fd3-photos.leclercdrive.fr/image.ashx?id=2669738&use=l&cat=p&typeid=i","cat":284536},{"id":29754,"n":"Eau gazeuse La Pétillante Citron sans sucre - 1L","p":0.4,"u":"0,40 €/L","img":"https://fd3-photos.leclercdrive.fr/image.ashx?id=2590442&use=l&cat=p&typeid=i","cat":284536},{"id":29759,"n":"Bière Hoegaarden rosée 3% - 6x25cl","p":4.74,"u":"3,16 €/L","img":"https://fd3-photos.leclercdrive.fr/image.ashx?id=1562515&use=l&cat=p&typeid=i","cat":334878},{"id":29764,"n":"Galettes blé noir Bio village Bio x4 - 200g","p":1.83,"u":"9,15 €/KG","img":"https://fd3-photos.leclercdrive.fr/image.ashx?id=2907258&use=l&cat=p&typeid=i","cat":333672},{"id":29765,"n":"Eau gazeuse aromatisée Badoit citron sans sucres - 1l","p":0.87,"u":"0,87 €/L","img":"https://fd3-photos.leclercdrive.fr/image.ashx?id=2730634&use=l&cat=p&typeid=i","cat":284537},{"id":29766,"n":"Mister Cocktail sans alcool Citron vert kiwi - 75cl","p":3.38,"u":"4,51 €/L","img":"https://fd3-photos.leclercdrive.fr/image.ashx?id=3014461&use=l&cat=p&typeid=i","cat":284549},{"id":29767,"n":"Eau gazeuse aromatisée Badoit citron vert sans sucres- 1L","p":0.91,"u":"0,91 €/L","img":"https://fd3-photos.leclercdrive.fr/image.ashx?id=3011044&use=l&cat=p&typeid=i","cat":284537},{"id":29768,"n":"Bière blonde 1664 5,5° - 50cl canette","p":1.2,"u":"2,40 €/L","img":"https://fd3-photos.leclercdrive.fr/image.ashx?id=2887563&use=l&cat=p&typeid=i","cat":334853},{"id":29773,"n":"Eau minérale naturelle Mag Source de magnésium - 6x1L","p":2.28,"u":"0,38 €/L","img":"https://fd3-photos.leclercdrive.fr/image.ashx?id=2423520&use=l&cat=p&typeid=i","cat":284535},{"id":29793,"n":"Fromage de brebis Les Croisés Rond 25%mg - 100g","p":1.83,"u":"18,30 €/KG","img":"https://fd3-photos.leclercdrive.fr/image.ashx?id=1942404&use=l&cat=p&typeid=i","cat":314031},{"id":29794,"n":"Triangolo Fromage enfants vache Les Croisés 24 portions - 400g","p":2.67,"u":"6,68 €/KG","img":"https://fd3-photos.leclercdrive.fr/image.ashx?id=2969716&use=l&cat=p&typeid=i","cat":314030},{"id":29795,"n":"Fromage à tartiner Les Croisés Ail et fines herbes 24%mg 250g","p":2.09,"u":"8,36 €/KG","img":"https://fd3-photos.leclercdrive.fr/image.ashx?id=2476143&use=l&cat=p&typeid=i","cat":314029},{"id":29799,"n":"Galettes jambon emmental NRT x2 - 300g","p":3.78,"u":"12,60 €/KG","img":"https://fd3-photos.leclercdrive.fr/image.ashx?id=2743882&use=l&cat=p&typeid=i","cat":333672},{"id":29800,"n":"Galettes Pdt lardons oignons NRT x2 - 300g","p":3.79,"u":"12,63 €/KG","img":"https://fd3-photos.leclercdrive.fr/image.ashx?id=2982703&use=l&cat=p&typeid=i","cat":333672},{"id":29816,"n":"Bicarbonate alimentaire La Baleine - 800g","p":2.12,"u":"2,65 €/KG","img":"https://fd3-photos.leclercdrive.fr/image.ashx?id=2468335&use=l&cat=p&typeid=i","cat":284457},{"id":29824,"n":"Liqueur Lagoa Goût coco 17%vol - 70cl","p":8.8,"u":"12,57 €/L","img":"https://fd3-photos.leclercdrive.fr/image.ashx?id=2958332&use=l&cat=p&typeid=i","cat":284551},{"id":29838,"n":"Bouillon cubes Knorr Bœuf - x15 cubes - 150g","p":1.62,"u":"10,80 €/KG","img":"https://fd3-photos.leclercdrive.fr/image.ashx?id=2848542&use=l&cat=p&typeid=i","cat":288379},{"id":29840,"n":"Bouillon cubes herbes Knorr Huile d'olive Puget x15 -150g","p":1.38,"u":"9,20 €/KG","img":"https://fd3-photos.leclercdrive.fr/image.ashx?id=2890601&use=l&cat=p&typeid=i","cat":288379},{"id":29841,"n":"Bouillon de Poule KNORR 15 Tablettes - 150g","p":1.19,"u":"7,93 €/KG","img":"https://fd3-photos.leclercdrive.fr/image.ashx?id=2906043&use=l&cat=p&typeid=i","cat":288379},{"id":29856,"n":"Beurre Extra fin Les Croisés Doux - 82 % MG - 125g","p":1.39,"u":"11,12 €/KG","img":"https://fd3-photos.leclercdrive.fr/image.ashx?id=2791275&use=l&cat=p&typeid=i","cat":284379},{"id":29866,"n":"Crème légère fluide UHT Délisse Brique 12%mg - 1L","p":3.39,"u":"3,39 €/L","img":"https://fd3-photos.leclercdrive.fr/image.ashx?id=3015248&use=l&cat=p&typeid=i","cat":284381},{"id":29870,"n":"Crème d'Isigny AOP NRT 40%MG - 20cl","p":1.79,"u":"8,95 €/L","img":"https://fd3-photos.leclercdrive.fr/image.ashx?id=2771070&use=l&cat=p&typeid=i","cat":284381},{"id":29872,"n":"Crème semi-épaisse légère UHT Délisse 18%mg - 2x25cl","p":2.34,"u":"4,68 €/L","img":"https://fd3-photos.leclercdrive.fr/image.ashx?id=3002593&use=l&cat=p&typeid=i","cat":284381},{"id":29875,"n":"Crevettes Nord Pêche Océan Entières cuites - MSC - 500g","p":5.25,"u":"10,50 €/KG","img":"https://fd3-photos.leclercdrive.fr/image.ashx?id=2478769&use=l&cat=p&typeid=i","cat":319787},{"id":29896,"n":"Peppermint Whist Club 17%vol. - 70cl","p":6.99,"u":"9,99 €/L","img":"https://fd3-photos.leclercdrive.fr/image.ashx?id=1730735&use=l&cat=p&typeid=i","cat":286032},{"id":29897,"n":"Liqueur pomme verte Manzella 17%vol. - 70cl","p":6.5,"u":"9,29 €/L","img":"https://fd3-photos.leclercdrive.fr/image.ashx?id=2715997&use=l&cat=p&typeid=i","cat":286032},{"id":29900,"n":"Bière belge Rince Cochon Blonde - 8.5%vol. - 33cl","p":2.06,"u":"6,24 €/L","img":"https://fd3-photos.leclercdrive.fr/image.ashx?id=2694695&use=l&cat=p&typeid=i","cat":334872},{"id":29906,"n":"Bière blonde Bellerose 6.5%vol. - 75cl","p":3.85,"u":"5,13 €/L","img":"https://fd3-photos.leclercdrive.fr/image.ashx?id=2744290&use=l&cat=p&typeid=i","cat":334872},{"id":29913,"n":"Bière belge Rince Cochon Fruits rouges - 7.5%vol. - 33cl","p":2.28,"u":"6,91 €/L","img":"https://fd3-photos.leclercdrive.fr/image.ashx?id=2694698&use=l&cat=p&typeid=i","cat":334872},{"id":29927,"n":"Bière belge Rince Cochon Blonde - 8.5%vol. - 75cl","p":3.42,"u":"4,56 €/L","img":"https://fd3-photos.leclercdrive.fr/image.ashx?id=1741463&use=l&cat=p&typeid=i","cat":334872},{"id":29939,"n":"Café en grains Illy Classico - 250g","p":7.46,"u":"29,84 €/KG","img":"https://fd3-photos.leclercdrive.fr/image.ashx?id=2737507&use=l&cat=p&typeid=i","cat":293237},{"id":29961,"n":"AOC Buzet rouge L'Excellence - 75cl","p":3.75,"u":"5,00 €/L","img":"https://fd3-photos.leclercdrive.fr/image.ashx?id=2831891&use=l&cat=p&typeid=i","cat":289556},{"id":30027,"n":"Tubes d'encornets Pêche Océan Sachet 750g","p":11.85,"u":"15,80 €/KG","img":"https://fd3-photos.leclercdrive.fr/image.ashx?id=2217942&use=l&cat=p&typeid=i","cat":319786},{"id":30029,"n":"Poêlée champignons Notre Jardin Forestière - 400g","p":4.66,"u":"11,65 €/KG","img":"https://fd3-photos.leclercdrive.fr/image.ashx?id=2771372&use=l&cat=p&typeid=i","cat":319823},{"id":30051,"n":"Mini gratins Côté Table Choux fleurs - x4 480g","p":3.19,"u":"6,65 €/KG","img":"https://fd3-photos.leclercdrive.fr/image.ashx?id=2029370&use=l&cat=p&typeid=i","cat":319802},{"id":30053,"n":"Nuggets de poulet Pic'Express x18 400g","p":4.15,"u":"10,38 €/KG","img":"https://fd3-photos.leclercdrive.fr/image.ashx?id=2823747&use=l&cat=p&typeid=i","cat":319780},{"id":30055,"n":"Légumes pour potage Bio Bio Village - 600g","p":1.99,"u":"3,32 €/KG","img":"https://fd3-photos.leclercdrive.fr/image.ashx?id=2891818&use=l&cat=p&typeid=i","cat":319805},{"id":30056,"n":"Ratatouille Bio Bio Village Cuisinée - 600g","p":3.49,"u":"5,82 €/KG","img":"https://fd3-photos.leclercdrive.fr/image.ashx?id=2891821&use=l&cat=p&typeid=i","cat":319823},{"id":30059,"n":"Trio de fleurette Notre Jardin 1kg","p":2.48,"u":"2,48 €/KG","img":"https://fd3-photos.leclercdrive.fr/image.ashx?id=2873141&use=l&cat=p&typeid=i","cat":319805},{"id":30069,"n":"Roux minute Maïzena Béchamel - 250g","p":1.98,"u":"7,92 €/KG","img":"https://fd3-photos.leclercdrive.fr/image.ashx?id=2769603&use=l&cat=p&typeid=i","cat":288382},{"id":30084,"n":"Bacon Saint Azay 100g","p":1.62,"u":"16,20 €/KG","img":"https://fd3-photos.leclercdrive.fr/image.ashx?id=2943653&use=l&cat=p&typeid=i","cat":316007},{"id":30089,"n":"Blanc de poulet Tradilège 6 tranches - 180g","p":1.51,"u":"8,39 €/KG","img":"https://fd3-photos.leclercdrive.fr/image.ashx?id=2943677&use=l&cat=p&typeid=i","cat":316010},{"id":30091,"n":"Blanc de dinde Tradilège 6 tranches 180g","p":1.96,"u":"10,89 €/KG","img":"https://fd3-photos.leclercdrive.fr/image.ashx?id=2925744&use=l&cat=p&typeid=i","cat":316010},{"id":30094,"n":"Jambon à griller Tradilège 2 tranches 160g","p":2.42,"u":"15,13 €/KG","img":"https://fd3-photos.leclercdrive.fr/image.ashx?id=2064633&use=l&cat=p&typeid=i","cat":316009},{"id":30099,"n":"Duo pâté / mousse Tradilège Canard 2x50g","p":1.15,"u":"11,50 €/KG","img":"https://fd3-photos.leclercdrive.fr/image.ashx?id=2683583&use=l&cat=p&typeid=i","cat":316008},{"id":30110,"n":"Pommes de terre NRT à la Sarladaise - 600g","p":2.99,"u":"4,98 €/KG","img":"https://fd3-photos.leclercdrive.fr/image.ashx?id=2699816&use=l&cat=p&typeid=i","cat":319823},{"id":30124,"n":"Soupe Régal Soupe Tomate et vermicelles - 1L","p":1.8,"u":"1,80 €/L","img":"https://fd3-photos.leclercdrive.fr/image.ashx?id=2607518&use=l&cat=p&typeid=i","cat":284462},{"id":30125,"n":"Soupe Velouté Régal Soupe Légumes du soleil - 1L","p":2.35,"u":"2,35 €/L","img":"https://fd3-photos.leclercdrive.fr/image.ashx?id=2983799&use=l&cat=p&typeid=i","cat":284462},{"id":30128,"n":"Céréales Chocapic Nestlé Chocolat - 1kg","p":5.42,"u":"5,42 €/KG","img":"https://fd3-photos.leclercdrive.fr/image.ashx?id=2977729&use=l&cat=p&typeid=i","cat":309513},{"id":30144,"n":"Croquettes chiens adulte Ultima Medium/maxi - poulet 7.5kg","p":20.93,"u":"2,79 €/KG","img":"https://fd3-photos.leclercdrive.fr/image.ashx?id=2872033&use=l&cat=p&typeid=i","cat":284672},{"id":30150,"n":"Eau aromatisée Volvic Juicy Agrumes -1,5L","p":1.44,"u":"0,96 €/L","img":"https://fd3-photos.leclercdrive.fr/image.ashx?id=2961987&use=l&cat=p&typeid=i","cat":284537},{"id":30156,"n":"Eau aromatisée Volvic Juicy Mangue ananas - 6x50cl","p":3.78,"u":"1,26 €/L","img":"https://fd3-photos.leclercdrive.fr/image.ashx?id=2943885&use=l&cat=p&typeid=i","cat":284537},{"id":30164,"n":"Soin jour L'Oréal Age Perfect Peaux matures 2x50ml","p":16.38,"u":"327,60 €/L","img":"https://fd3-photos.leclercdrive.fr/image.ashx?id=2422749&use=l&cat=p&typeid=i","cat":325345},{"id":30185,"n":"Haché moelleux oignon Férial x10 - 1kg","p":7.49,"u":"7,49 €/KG","img":"https://fd3-photos.leclercdrive.fr/image.ashx?id=2704517&use=l&cat=p&typeid=i","cat":319778},{"id":30186,"n":"Haché moelleux Férial x10 - 1kg","p":9.73,"u":"9,73 €/KG","img":"https://fd3-photos.leclercdrive.fr/image.ashx?id=2966514&use=l&cat=p&typeid=i","cat":319778},{"id":30188,"n":"Steak haché bio - Bio Village  15%mg x4 - 400g","p":8.25,"u":"20,63 €/KG","img":"https://fd3-photos.leclercdrive.fr/image.ashx?id=2840422&use=l&cat=p&typeid=i","cat":319778},{"id":30189,"n":"Tortillas chips Tokapi Chili - 150g","p":0.99,"u":"6,60 €/KG","img":"https://fd3-photos.leclercdrive.fr/image.ashx?id=2647958&use=l&cat=p&typeid=i","cat":287899},{"id":30212,"n":"Soufflés l'Original Curly Cacahuète - 100g","p":0.88,"u":"8,80 €/KG","img":"https://fd3-photos.leclercdrive.fr/image.ashx?id=2693635&use=l&cat=p&typeid=i","cat":284449},{"id":30235,"n":"Bonbons Tic Tac  Menthe x100 - 49g","p":1.49,"u":"30,41 €/KG","img":"https://fd3-photos.leclercdrive.fr/image.ashx?id=2729470&use=l&cat=p&typeid=i","cat":304256},{"id":30256,"n":"Pâte à tartiner Nutella 825g","p":5.77,"u":"6,99 €/KG","img":"https://fd3-photos.leclercdrive.fr/image.ashx?id=2961813&use=l&cat=p&typeid=i","cat":284481},{"id":30272,"n":"IGP Pays d'Oc rouge Merlot Les Ormes de Cambras 12.5% BIB 5L","p":15.54,"u":"3,11 €/L","img":"https://fd3-photos.leclercdrive.fr/image.ashx?id=2443871&use=l&cat=p&typeid=i","cat":289560},{"id":30273,"n":"IGP Pays d'OC rouge Les Ormes De Cambras Sauvignon 12% BIB 5L","p":15.5,"u":"3,10 €/L","img":"https://fd3-photos.leclercdrive.fr/image.ashx?id=2445115&use=l&cat=p&typeid=i","cat":289560},{"id":30349,"n":"Nettoyant écologique Uni Vert Salle de bain - 750ml","p":2.06,"u":"2,75 €/L","img":"https://fd3-photos.leclercdrive.fr/image.ashx?id=2531178&use=l&cat=p&typeid=i","cat":325357},{"id":30350,"n":"Nettoyant écologique Uni Vert Cuisine - 750ml","p":2.02,"u":"2,69 €/L","img":"https://fd3-photos.leclercdrive.fr/image.ashx?id=2531175&use=l&cat=p&typeid=i","cat":325357},{"id":30362,"n":"Fleur de maïs Maïzena 400g","p":1.41,"u":"3,53 €/KG","img":"https://fd3-photos.leclercdrive.fr/image.ashx?id=2312770&use=l&cat=p&typeid=i","cat":288382},{"id":30364,"n":"Bonbons Werther's Original Caramel sachet 175g","p":1.94,"u":"11,09 €/KG","img":"https://fd3-photos.leclercdrive.fr/image.ashx?id=1916700&use=l&cat=p&typeid=i","cat":304252},{"id":30365,"n":"Arôme vanille Sainte Lucie Flacon 250ml","p":3.59,"u":"14,36 €/L","img":"https://fd3-photos.leclercdrive.fr/image.ashx?id=2774367&use=l&cat=p&typeid=i","cat":284504},{"id":30372,"n":"Fleur de Maïs Maïzena Sans Gluten Format Famille 700g","p":2.48,"u":"3,54 €/KG","img":"https://fd3-photos.leclercdrive.fr/image.ashx?id=2773907&use=l&cat=p&typeid=i","cat":288382},{"id":30377,"n":"Levure chimique Sainte Lucie Sachet x5 50g","p":0.69,"u":"13,80 €/KG","img":"https://fd3-photos.leclercdrive.fr/image.ashx?id=2775089&use=l&cat=p&typeid=i","cat":294686},{"id":30386,"n":"Crème dessert Mont Blanc Boîte Praliné - 570g","p":2.34,"u":"4,11 €/KG","img":"https://fd3-photos.leclercdrive.fr/image.ashx?id=3011596&use=l&cat=p&typeid=i","cat":284506},{"id":30397,"n":"Levure boulangerie Sainte Lucie Super active sachet x5 40g","p":1.53,"u":"38,25 €/KG","img":"https://fd3-photos.leclercdrive.fr/image.ashx?id=2829946&use=l&cat=p&typeid=i","cat":294686},{"id":30398,"n":"Noix ambrées Sainte Lucie Cerneaux - 50g","p":1.83,"u":"36,60 €/KG","img":"https://fd3-photos.leclercdrive.fr/image.ashx?id=2775104&use=l&cat=p&typeid=i","cat":323809},{"id":30407,"n":"Dés de fromage salade Boursin Ail & fines herbes -120g","p":2.65,"u":"22,08 €/KG","img":"https://fd3-photos.leclercdrive.fr/image.ashx?id=2864366&use=l&cat=p&typeid=i","cat":314027},{"id":30410,"n":"Lasagnes bolognaise Marie 300g","p":3.36,"u":"11,20 €/KG","img":"https://fd3-photos.leclercdrive.fr/image.ashx?id=2800339&use=l&cat=p&typeid=i","cat":333665},{"id":30413,"n":"Pommeau de Normandie NRT  17%vol. - 70cl","p":8.6,"u":"12,29 €/L","img":"https://fd3-photos.leclercdrive.fr/image.ashx?id=1647898&use=l&cat=p&typeid=i","cat":284913},{"id":30414,"n":"Muscat de Mireval AOC NRT  15%vol - 75cl","p":9.17,"u":"12,23 €/L","img":"https://fd3-photos.leclercdrive.fr/image.ashx?id=1965020&use=l&cat=p&typeid=i","cat":284913},{"id":30420,"n":"Pizza Cuite sur pierre Turini Royale familiale - 570g","p":2.84,"u":"4,98 €/KG","img":"https://fd3-photos.leclercdrive.fr/image.ashx?id=2815241&use=l&cat=p&typeid=i","cat":284256},{"id":30477,"n":"Chocolat Pâtissier Nestlé Dessert : Praliné - 170g","p":3.32,"u":"19,53 €/KG","img":"https://fd3-photos.leclercdrive.fr/image.ashx?id=2895637&use=l&cat=p&typeid=i","cat":285562},{"id":30563,"n":"Coquillettes Lustucru Aux oeufs frais - 500g","p":1.8,"u":"3,60 €/KG","img":"https://fd3-photos.leclercdrive.fr/image.ashx?id=2799856&use=l&cat=p&typeid=i","cat":284427},{"id":30570,"n":"Sauce Tube Ail Oignons Panzani Panzani - 180G","p":1.16,"u":"6,44 €/KG","img":"https://fd3-photos.leclercdrive.fr/image.ashx?id=3004804&use=l&cat=p&typeid=i","cat":288384},{"id":30573,"n":"Edulcorant sucralose Canderel Briquet x300","p":3.27,"u":"105,48 €/KG","img":"https://fd3-photos.leclercdrive.fr/image.ashx?id=2811014&use=l&cat=p&typeid=i","cat":324846},{"id":30575,"n":"Happy' Box Haribo Boîte bonbons - 600g","p":4.25,"u":"7,08 €/KG","img":"https://fd3-photos.leclercdrive.fr/image.ashx?id=2802353&use=l&cat=p&typeid=i","cat":304250},{"id":30576,"n":"Zanzigliss Haribo Sachet bonbons réglisse - 300g","p":1.65,"u":"5,50 €/KG","img":"https://fd3-photos.leclercdrive.fr/image.ashx?id=2802347&use=l&cat=p&typeid=i","cat":304250},{"id":30577,"n":"Les Schtroumpfs Pik Haribo Sachet bonbons acidulés - 275g","p":1.56,"u":"5,67 €/KG","img":"https://fd3-photos.leclercdrive.fr/image.ashx?id=2984898&use=l&cat=p&typeid=i","cat":304250},{"id":30578,"n":"Bonbons LUTTI Scoubidou Doux Fruits - 200g","p":1.2,"u":"6,00 €/KG","img":"https://fd3-photos.leclercdrive.fr/image.ashx?id=2817434&use=l&cat=p&typeid=i","cat":304250},{"id":30591,"n":"Yaourts Savoie NRT  Poire Mirabelle - 4x150g","p":2.35,"u":"3,92 €/KG","img":"https://fd3-photos.leclercdrive.fr/image.ashx?id=2920809&use=l&cat=p&typeid=i","cat":284410},{"id":30600,"n":"Billes Chocolat au Lait KitKat Sachet  - 250g","p":3.84,"u":"15,36 €/KG","img":"https://fd3-photos.leclercdrive.fr/image.ashx?id=2806063&use=l&cat=p&typeid=i","cat":304238},{"id":30603,"n":"Soupe liquide brique Liebig  Chinoise - 1L","p":2.73,"u":"2,73 €/L","img":"https://fd3-photos.leclercdrive.fr/image.ashx?id=2750988&use=l&cat=p&typeid=i","cat":287367},{"id":30607,"n":"Soupe liquide Liebig  Potiron et kiri - Brique 1L","p":2.6,"u":"2,60 €/L","img":"https://fd3-photos.leclercdrive.fr/image.ashx?id=2892130&use=l&cat=p&typeid=i","cat":284462},{"id":30619,"n":"Jambon cru Aoste Quart Tranché  sans conservateur -  x18 - 220g","p":5.23,"u":"23,77 €/KG","img":"https://fd3-photos.leclercdrive.fr/image.ashx?id=2948057&use=l&cat=p&typeid=i","cat":316007},{"id":30639,"n":"Eau déminéralisée Finissime  5L","p":1.45,"u":"0,29 €/L","img":"https://fd3-photos.leclercdrive.fr/image.ashx?id=2467796&use=l&cat=p&typeid=i","cat":284653},{"id":30640,"n":"Lapin chasseur Côté Table 280g","p":2.2,"u":"7,86 €/KG","img":"https://fd3-photos.leclercdrive.fr/image.ashx?id=2393866&use=l&cat=p&typeid=i","cat":284953},{"id":30641,"n":"Son d'avoine bio Bio Village 500g","p":2.69,"u":"5,38 €/KG","img":"https://fd3-photos.leclercdrive.fr/image.ashx?id=2664334&use=l&cat=p&typeid=i","cat":309512},{"id":30652,"n":"Purée pommes de terre Florette 2x200g","p":2.74,"u":"6,85 €/KG","img":"https://fd3-photos.leclercdrive.fr/image.ashx?id=2767678&use=l&cat=p&typeid=i","cat":333665},{"id":30653,"n":"Purée de carottes Florette 2x200g","p":2.74,"u":"6,85 €/KG","img":"https://fd3-photos.leclercdrive.fr/image.ashx?id=2790003&use=l&cat=p&typeid=i","cat":333665},{"id":30656,"n":"Bandes de cire froide Siliss Maillot aisselles - x16","p":2.19,"u":"0,14 €/P","img":"https://fd3-photos.leclercdrive.fr/image.ashx?id=2699450&use=l&cat=p&typeid=i","cat":325351},{"id":30685,"n":"Liquide vaisselle Palmolive Original  amande - 750ml","p":1.57,"u":"2,09 €/L","img":"https://fd3-photos.leclercdrive.fr/image.ashx?id=2690147&use=l&cat=p&typeid=i","cat":284655},{"id":30697,"n":"Savon d'alep Manava 200g","p":3.99,"u":"19,95 €/KG","img":"https://fd3-photos.leclercdrive.fr/image.ashx?id=1952895&use=l&cat=p&typeid=i","cat":284597},{"id":30715,"n":"Désodorisant Texil Parfumé 500ml","p":2.61,"u":"5,22 €/L","img":"https://fd3-photos.leclercdrive.fr/image.ashx?id=2964568&use=l&cat=p&typeid=i","cat":290451},{"id":30729,"n":"Crème Dépilatoire Siliss Maillot aisselles - 100ml","p":1.79,"u":"17,90 €/L","img":"https://fd3-photos.leclercdrive.fr/image.ashx?id=2699687&use=l&cat=p&typeid=i","cat":325351},{"id":30733,"n":"Déboucheur canalisations Syphon 1L","p":1.39,"u":"1,39 €/L","img":"https://fd3-photos.leclercdrive.fr/image.ashx?id=2794193&use=l&cat=p&typeid=i","cat":284908},{"id":30768,"n":"Gel douche Manava Pétales d'Orient 100ml","p":0.8,"u":"8,00 €/L","img":"https://fd3-photos.leclercdrive.fr/image.ashx?id=1669982&use=l&cat=p&typeid=i","cat":284594},{"id":30780,"n":"Sacs poubelle 30L Eco+ x20","p":0.57,"u":"0,03 €/P","img":"https://fd3-photos.leclercdrive.fr/image.ashx?id=2801768&use=l&cat=p&typeid=i","cat":285168},{"id":30781,"n":"Sacs poubelle 50L Eco+ x10","p":0.42,"u":"0,04 €/P","img":"https://fd3-photos.leclercdrive.fr/image.ashx?id=1904756&use=l&cat=p&typeid=i","cat":285168},{"id":30791,"n":"Mouchoirs blancs 2 plis Eco+ Boîte mouchoirs en papier- x150","p":0.62,"img":"https://fd3-photos.leclercdrive.fr/image.ashx?id=2882990&use=l&cat=p&typeid=i","cat":284638},{"id":30808,"n":"Coton-tiges Eco+ Tige papier x200 bâtonnets","p":0.34,"img":"https://fd3-photos.leclercdrive.fr/image.ashx?id=2940893&use=l&cat=p&typeid=i","cat":284636},{"id":30813,"n":"Crème adhésive Dentamyl Hypoallergénique 50g","p":2.99,"u":"59,80 €/KG","img":"https://fd3-photos.leclercdrive.fr/image.ashx?id=2643378&use=l&cat=p&typeid=i","cat":285158},{"id":30815,"n":"Dissolvant Eco+ 250ml","p":1.33,"u":"5,32 €/L","img":"https://fd3-photos.leclercdrive.fr/image.ashx?id=1873934&use=l&cat=p&typeid=i","cat":325347},{"id":30816,"n":"Film étirable Eco+ 50m","p":0.95,"img":"https://fd3-photos.leclercdrive.fr/image.ashx?id=2751847&use=l&cat=p&typeid=i","cat":334134},{"id":30856,"n":"Emincés de poulet Tradilège Rôti - 2x75g","p":2.09,"u":"13,93 €/KG","img":"https://fd3-photos.leclercdrive.fr/image.ashx?id=2994366&use=l&cat=p&typeid=i","cat":316011},{"id":30881,"n":"Tortillas Old El Paso de maïs et blé x8 - 335g","p":2.37,"u":"7,07 €/KG","img":"https://fd3-photos.leclercdrive.fr/image.ashx?id=2738794&use=l&cat=p&typeid=i","cat":288993},{"id":30882,"n":"Bloc de fromage Leerdammer L'Original - 250g","p":3.34,"u":"13,36 €/KG","img":"https://fd3-photos.leclercdrive.fr/image.ashx?id=2146096&use=l&cat=p&typeid=i","cat":314034},{"id":30898,"n":"Gâteaux aux pépites chocolat x6 Chaque Jour Sans Gluten 230g","p":3.21,"u":"13,96 €/KG","img":"https://fd3-photos.leclercdrive.fr/image.ashx?id=2691249&use=l&cat=p&typeid=i","cat":318654},{"id":30900,"n":"Biscuits sablés Sans gluten Chocolat noir - 150g","p":3.46,"u":"23,07 €/KG","img":"https://fd3-photos.leclercdrive.fr/image.ashx?id=2669741&use=l&cat=p&typeid=i","cat":318654},{"id":30901,"n":"Cookies Chaque Jour sans gluten aux pépites de chocolat - 150g","p":2.44,"u":"16,27 €/KG","img":"https://fd3-photos.leclercdrive.fr/image.ashx?id=2669744&use=l&cat=p&typeid=i","cat":318654},{"id":30905,"n":"Coquilles moelleuses x6 Chaque Jour Sans Gluten 180g","p":2.2,"u":"12,22 €/KG","img":"https://fd3-photos.leclercdrive.fr/image.ashx?id=2710792&use=l&cat=p&typeid=i","cat":318654},{"id":30907,"n":"Madeleine aux Oeufs GERBLE  Sans Gluten 200 g","p":2.94,"u":"14,70 €/KG","img":"https://fd3-photos.leclercdrive.fr/image.ashx?id=2662802&use=l&cat=p&typeid=i","cat":318654},{"id":30910,"n":"Pain façon campagnard Chaque Jour Sans Gluten - 400g","p":4.0,"u":"10,00 €/KG","img":"https://fd3-photos.leclercdrive.fr/image.ashx?id=2710795&use=l&cat=p&typeid=i","cat":325069},{"id":30916,"n":"Ciboulette Sainte Lucie Tubulaire - 5g","p":1.62,"u":"324,00 €/KG","img":"https://fd3-photos.leclercdrive.fr/image.ashx?id=2974336&use=l&cat=p&typeid=i","cat":298297},{"id":30917,"n":"Pâtes Escalope volaille Marie Crème champignons - 900g","p":4.96,"u":"5,51 €/KG","img":"https://fd3-photos.leclercdrive.fr/image.ashx?id=2996794&use=l&cat=p&typeid=i","cat":284254},{"id":30925,"n":"Croquettes chat Ultima Adulte - Poulet - 7.5kg","p":27.42,"u":"3,66 €/KG","img":"https://fd3-photos.leclercdrive.fr/image.ashx?id=2886187&use=l&cat=p&typeid=i","cat":284680},{"id":30929,"n":"Tortillas chips Tables du Monde Nature - 200g","p":1.15,"u":"5,75 €/KG","img":"https://fd3-photos.leclercdrive.fr/image.ashx?id=2655695&use=l&cat=p&typeid=i","cat":288993},{"id":30932,"n":"Biscuits déli matin P'tit Déli  Chocolat allégé- 300g","p":1.88,"u":"6,27 €/KG","img":"https://fd3-photos.leclercdrive.fr/image.ashx?id=3001202&use=l&cat=p&typeid=i","cat":284491},{"id":30933,"n":"Biscuit chocolat noir Gerblé Sans Sucres Ajoutés - 126g","p":1.87,"u":"14,84 €/KG","img":"https://fd3-photos.leclercdrive.fr/image.ashx?id=2662799&use=l&cat=p&typeid=i","cat":318653},{"id":30947,"n":"Pâtes Collezione Barilla Tagliatelle - 500g","p":1.47,"u":"2,94 €/KG","img":"https://fd3-photos.leclercdrive.fr/image.ashx?id=2654119&use=l&cat=p&typeid=i","cat":284427},{"id":30949,"n":"plat cuisiné quinoa tomates olives bio bjorg- 250g","p":1.76,"u":"7,04 €/KG","img":"https://fd3-photos.leclercdrive.fr/image.ashx?id=2854444&use=l&cat=p&typeid=i","cat":287600},{"id":30951,"n":"Chocolat au lait Tablette d'Or Coeur de lait - 2x100g","p":1.95,"u":"9,75 €/KG","img":"https://fd3-photos.leclercdrive.fr/image.ashx?id=3010575&use=l&cat=p&typeid=i","cat":284497},{"id":30953,"n":"Couscous Grain Moyen Ferrero  - 500g","p":1.3,"u":"2,60 €/KG","img":"https://fd3-photos.leclercdrive.fr/image.ashx?id=2886777&use=l&cat=p&typeid=i","cat":284429},{"id":30969,"n":"Glace Cône Nestlé Extrême Sorbet fruits rouges x6 - 426g","p":3.22,"u":"7,56 €/KG","img":"https://fd3-photos.leclercdrive.fr/image.ashx?id=2729845&use=l&cat=p&typeid=i","cat":284264},{"id":30983,"n":"Filets de limande Pêche Océan Meunière - MSC - 400g","p":6.85,"u":"17,13 €/KG","img":"https://fd3-photos.leclercdrive.fr/image.ashx?id=2489122&use=l&cat=p&typeid=i","cat":319788},{"id":30992,"n":"Poêlée paysanne Marie Saucisse fumé - 900g","p":4.97,"u":"5,52 €/KG","img":"https://fd3-photos.leclercdrive.fr/image.ashx?id=2996797&use=l&cat=p&typeid=i","cat":319823},{"id":30995,"n":"Saucisse sèche Saint-Azay Aux noisettes - 250g","p":3.35,"u":"13,40 €/KG","img":"https://fd3-photos.leclercdrive.fr/image.ashx?id=2404145&use=l&cat=p&typeid=i","cat":316006},{"id":30999,"n":"Spaghetti courts Lustucru Aux oeufs - 500g","p":1.83,"u":"3,66 €/KG","img":"https://fd3-photos.leclercdrive.fr/image.ashx?id=2519798&use=l&cat=p&typeid=i","cat":284427},{"id":31002,"n":"Petit salé aux lentilles  William Saurin - 840g","p":6.01,"u":"7,15 €/KG","img":"https://fd3-photos.leclercdrive.fr/image.ashx?id=2904095&use=l&cat=p&typeid=i","cat":284441},{"id":31003,"n":"Jus de citron jaune 50cl","p":1.59,"u":"3,18 €/L","img":"https://fd3-photos.leclercdrive.fr/image.ashx?id=2656982&use=l&cat=p&typeid=i","cat":288383},{"id":31004,"n":"Jus de citron jaune Sicile - 20cl","p":0.6,"u":"3,00 €/L","img":"https://fd3-photos.leclercdrive.fr/image.ashx?id=2656988&use=l&cat=p&typeid=i","cat":288383},{"id":31019,"n":"Feuilles de lasagne Turini 350g","p":2.69,"u":"7,69 €/KG","img":"https://fd3-photos.leclercdrive.fr/image.ashx?id=2617371&use=l&cat=p&typeid=i","cat":333682},{"id":31023,"n":"Ravioli Ricotta épinards Bio  Bio village - 250g","p":2.99,"u":"11,96 €/KG","img":"https://fd3-photos.leclercdrive.fr/image.ashx?id=2650252&use=l&cat=p&typeid=i","cat":333682},{"id":31027,"n":"Cappuccino soluble Plantation nature - 280g","p":3.21,"u":"11,46 €/KG","img":"https://fd3-photos.leclercdrive.fr/image.ashx?id=2819274&use=l&cat=p&typeid=i","cat":284843},{"id":31029,"n":"Escalope Cordon Bleu Père Dodu  Dinde - Comté x2 - 200g","p":2.43,"u":"12,15 €/KG","img":"https://fd3-photos.leclercdrive.fr/image.ashx?id=2957179&use=l&cat=p&typeid=i","cat":333683},{"id":31030,"n":"Escalope Cordon Bleu Père Dodu  Poulet - Raclette x2 - 200g","p":2.58,"u":"12,90 €/KG","img":"https://fd3-photos.leclercdrive.fr/image.ashx?id=2957182&use=l&cat=p&typeid=i","cat":333683},{"id":31044,"n":"Haricots verts Notre Jardin Extra fins - 5 Fagots - 220g","p":2.15,"u":"9,77 €/KG","img":"https://fd3-photos.leclercdrive.fr/image.ashx?id=788822&use=l&cat=p&typeid=i","cat":312606},{"id":31046,"n":"Assortiment crackers Tokapi Emmental - 100g","p":0.64,"u":"6,40 €/KG","img":"https://fd3-photos.leclercdrive.fr/image.ashx?id=2034386&use=l&cat=p&typeid=i","cat":297000},{"id":31048,"n":"Algues Nori Tanoshi 7 feuilles -18g","p":2.91,"u":"161,67 €/KG","img":"https://fd3-photos.leclercdrive.fr/image.ashx?id=2912041&use=l&cat=p&typeid=i","cat":288992},{"id":31050,"n":"Biscuits pavot citron GERBLE  - 4x4  200g","p":1.35,"u":"6,75 €/KG","img":"https://fd3-photos.leclercdrive.fr/image.ashx?id=2967001&use=l&cat=p&typeid=i","cat":318651},{"id":31052,"n":"Biscuits figue et son GERBLE   - 5x5, 210g","p":1.4,"u":"6,67 €/KG","img":"https://fd3-photos.leclercdrive.fr/image.ashx?id=2662319&use=l&cat=p&typeid=i","cat":318651},{"id":31054,"n":"Bouillon Cube Maggi Vollaile - x12 cubes - 120g","p":1.67,"u":"13,92 €/KG","img":"https://fd3-photos.leclercdrive.fr/image.ashx?id=2736982&use=l&cat=p&typeid=i","cat":288379},{"id":31058,"n":"Pâtes Barilla Capellini n°1 - 500g","p":0.97,"u":"1,94 €/KG","img":"https://fd3-photos.leclercdrive.fr/image.ashx?id=2392194&use=l&cat=p&typeid=i","cat":284427},{"id":31068,"n":"Chocolat Pâtissier Tablette dOr Lait - 170g","p":1.99,"u":"11,71 €/KG","img":"https://fd3-photos.leclercdrive.fr/image.ashx?id=2635916&use=l&cat=p&typeid=i","cat":285562},{"id":31084,"n":"Crackers Tokapi Sésame et pavot - 100g","p":0.69,"u":"6,90 €/KG","img":"https://fd3-photos.leclercdrive.fr/image.ashx?id=1921880&use=l&cat=p&typeid=i","cat":297000},{"id":31086,"n":"Capsules Nescafé Dolce Gusto  Lungo Décaféiné - x16","p":5.46,"u":"48,75 €/KG","img":"https://fd3-photos.leclercdrive.fr/image.ashx?id=2836676&use=l&cat=p&typeid=i","cat":293239},{"id":31088,"n":"Coeurs d'artichaut Notre Jardin 245g","p":3.49,"u":"14,24 €/KG","img":"https://fd3-photos.leclercdrive.fr/image.ashx?id=2664356&use=l&cat=p&typeid=i","cat":312611},{"id":31091,"n":"Croquettes chat Plénima Premium Poulet - Chat adulte - 450g","p":1.79,"u":"3,98 €/KG","img":"https://fd3-photos.leclercdrive.fr/image.ashx?id=1943379&use=l&cat=p&typeid=i","cat":284680},{"id":31095,"n":"Filets maquereaux Pêche Océan Citron olives - 176g","p":1.78,"u":"10,11 €/KG","img":"https://fd3-photos.leclercdrive.fr/image.ashx?id=2515679&use=l&cat=p&typeid=i","cat":303868},{"id":31097,"n":"Feuilletés Tokapi Emmental - 85g","p":0.98,"u":"11,53 €/KG","img":"https://fd3-photos.leclercdrive.fr/image.ashx?id=1884022&use=l&cat=p&typeid=i","cat":297000},{"id":31098,"n":"Capsules Nescafé Dolce Gusto  Café au Lait - x16","p":5.15,"u":"32,19 €/KG","img":"https://fd3-photos.leclercdrive.fr/image.ashx?id=2946637&use=l&cat=p&typeid=i","cat":293239},{"id":31105,"n":"Gaufrettes P'tit Déli Praliné noisette x15 110g","p":0.87,"u":"7,91 €/KG","img":"https://fd3-photos.leclercdrive.fr/image.ashx?id=2418245&use=l&cat=p&typeid=i","cat":284488},{"id":31106,"n":"Gaufrettes P'tit Déli Chocolat x15 110g","p":1.1,"u":"10,00 €/KG","img":"https://fd3-photos.leclercdrive.fr/image.ashx?id=2436020&use=l&cat=p&typeid=i","cat":284488},{"id":31107,"n":"Gâteau P'tit Déli Tout chocolat 300g","p":2.15,"u":"7,17 €/KG","img":"https://fd3-photos.leclercdrive.fr/image.ashx?id=2562707&use=l&cat=p&typeid=i","cat":294776},{"id":31113,"n":"Haricots rouges Notre Jardin 500g","p":1.37,"u":"2,74 €/KG","img":"https://fd3-photos.leclercdrive.fr/image.ashx?id=2988054&use=l&cat=p&typeid=i","cat":312606},{"id":31115,"n":"Galettes Bjorg Epeautre son d'avoine bio 130g","p":1.35,"u":"10,38 €/KG","img":"https://fd3-photos.leclercdrive.fr/image.ashx?id=2972976&use=l&cat=p&typeid=i","cat":318651},{"id":31116,"n":"Pâtes bio Jardin Bio' Tire-bouchon semi-complet  500g","p":1.52,"u":"3,04 €/KG","img":"https://fd3-photos.leclercdrive.fr/image.ashx?id=2961116&use=l&cat=p&typeid=i","cat":284427},{"id":31118,"n":"Madeleines P'tit Déli Coquilles 250g","p":0.99,"u":"3,96 €/KG","img":"https://fd3-photos.leclercdrive.fr/image.ashx?id=2999499&use=l&cat=p&typeid=i","cat":284492},{"id":31119,"n":"Tartelettes P'tit Déli Chocolat noisettes - 150g","p":1.29,"u":"8,60 €/KG","img":"https://fd3-photos.leclercdrive.fr/image.ashx?id=2345556&use=l&cat=p&typeid=i","cat":284488},{"id":31132,"n":"Tartine croustillante Epi d'Or Céréales - 250g","p":1.41,"u":"5,64 €/KG","img":"https://fd3-photos.leclercdrive.fr/image.ashx?id=2535256&use=l&cat=p&typeid=i","cat":284479},{"id":31133,"n":"Tartine croustillante Epi d'Or Seigle - 250g","p":1.29,"u":"5,16 €/KG","img":"https://fd3-photos.leclercdrive.fr/image.ashx?id=2533325&use=l&cat=p&typeid=i","cat":284479},{"id":31136,"n":"Pâtes Torti Panzani 3 Minutes - 1Kg","p":2.49,"u":"2,49 €/KG","img":"https://fd3-photos.leclercdrive.fr/image.ashx?id=2896099&use=l&cat=p&typeid=i","cat":284427},{"id":31139,"n":"Tortillas chips Tables du Monde Chili - 200g","p":1.39,"u":"6,95 €/KG","img":"https://fd3-photos.leclercdrive.fr/image.ashx?id=2661544&use=l&cat=p&typeid=i","cat":288993},{"id":31143,"n":"Lait concentré sucré Délisse 397g","p":1.35,"u":"3,40 €/KG","img":"https://fd3-photos.leclercdrive.fr/image.ashx?id=2576588&use=l&cat=p&typeid=i","cat":299162},{"id":31146,"n":"Madeleines P'tit Déli Longues fourrées 240g","p":2.35,"u":"9,79 €/KG","img":"https://fd3-photos.leclercdrive.fr/image.ashx?id=2754204&use=l&cat=p&typeid=i","cat":284492},{"id":31149,"n":"Les p'tites spirales P'tit Déli Fraise 150g","p":1.55,"u":"10,33 €/KG","img":"https://fd3-photos.leclercdrive.fr/image.ashx?id=2660419&use=l&cat=p&typeid=i","cat":284495},{"id":31153,"n":"Moutarde gourmande Rustica 340g","p":1.59,"u":"4,68 €/KG","img":"https://fd3-photos.leclercdrive.fr/image.ashx?id=2666563&use=l&cat=p&typeid=i","cat":288850},{"id":31156,"n":"Café Soluble Nescafé x25 - 50g","p":2.05,"u":"41,00 €/KG","img":"https://fd3-photos.leclercdrive.fr/image.ashx?id=2485131&use=l&cat=p&typeid=i","cat":284843},{"id":31158,"n":"Wasabi Tanoshi Moutarde verte japonaise - tube de 43g","p":3.31,"u":"76,98 €/KG","img":"https://fd3-photos.leclercdrive.fr/image.ashx?id=2921145&use=l&cat=p&typeid=i","cat":288992},{"id":31174,"n":"Pâtes penne rigate Panzani 1kg","p":2.0,"u":"2,00 €/KG","img":"https://fd3-photos.leclercdrive.fr/image.ashx?id=2876020&use=l&cat=p&typeid=i","cat":284427},{"id":31178,"n":"Pois apéritif Tanoshi wasabi - sachet 100g","p":1.39,"u":"13,90 €/KG","img":"https://fd3-photos.leclercdrive.fr/image.ashx?id=2928522&use=l&cat=p&typeid=i","cat":288992},{"id":31191,"n":"Riz sushi Tanoshi 450g","p":2.52,"u":"5,60 €/KG","img":"https://fd3-photos.leclercdrive.fr/image.ashx?id=2955788&use=l&cat=p&typeid=i","cat":288992},{"id":31211,"n":"Grana Padano AOP Casa Azzurra Râpé -  100g","p":1.91,"u":"19,10 €/KG","img":"https://fd3-photos.leclercdrive.fr/image.ashx?id=2284730&use=l&cat=p&typeid=i","cat":314035},{"id":31265,"n":"Friandises chats Félix Original  Party mix - 60g","p":1.37,"u":"22,83 €/KG","img":"https://fd3-photos.leclercdrive.fr/image.ashx?id=2683346&use=l&cat=p&typeid=i","cat":285285},{"id":31266,"n":"Friandises chats Félix Grillade - 60g","p":1.12,"u":"18,67 €/KG","img":"https://fd3-photos.leclercdrive.fr/image.ashx?id=2336614&use=l&cat=p&typeid=i","cat":285285},{"id":31267,"n":"Friandises chats Félix Saveur océane Party mix  - 60g","p":1.27,"u":"21,17 €/KG","img":"https://fd3-photos.leclercdrive.fr/image.ashx?id=2910210&use=l&cat=p&typeid=i","cat":285285},{"id":31288,"n":"Emmental râpé Entremont Spécial pizza 125g","p":2.1,"u":"16,80 €/KG","img":"https://fd3-photos.leclercdrive.fr/image.ashx?id=2785793&use=l&cat=p&typeid=i","cat":314035},{"id":31289,"n":"Emmental râpé Entremont 3x70g","p":2.65,"u":"12,62 €/KG","img":"https://fd3-photos.leclercdrive.fr/image.ashx?id=2983150&use=l&cat=p&typeid=i","cat":314035},{"id":31297,"n":"Fromage crémeux Les Croisés 36%mg - 200g","p":2.43,"u":"12,15 €/KG","img":"https://fd3-photos.leclercdrive.fr/image.ashx?id=2037379&use=l&cat=p&typeid=i","cat":329558},{"id":31301,"n":"Steak haché Férial  15%mg - X10 - 1kg","p":11.9,"u":"11,90 €/KG","img":"https://fd3-photos.leclercdrive.fr/image.ashx?id=3004657&use=l&cat=p&typeid=i","cat":319778},{"id":31389,"n":"Menus gourmands Tous mes amis pour chatons - 12x100g","p":4.29,"u":"3,58 €/KG","img":"https://fd3-photos.leclercdrive.fr/image.ashx?id=2027595&use=l&cat=p&typeid=i","cat":285286},{"id":31414,"n":"Pâtes Alpina Savoie Chanterelles Crozets - 400g","p":2.71,"u":"6,78 €/KG","img":"https://fd3-photos.leclercdrive.fr/image.ashx?id=2795063&use=l&cat=p&typeid=i","cat":284427},{"id":31416,"n":"Chocolat noir Villars 72% -100g","p":1.87,"u":"18,70 €/KG","img":"https://fd3-photos.leclercdrive.fr/image.ashx?id=2464270&use=l&cat=p&typeid=i","cat":284956},{"id":31425,"n":"Liégois de fruits Andros Abricot coulis framboise 4x100g","p":2.3,"u":"5,75 €/KG","img":"https://fd3-photos.leclercdrive.fr/image.ashx?id=2575645&use=l&cat=p&typeid=i","cat":285042},{"id":31441,"n":"Plat bébé Blédina 12 mois  Courgette riz veau - 2x200g","p":2.88,"u":"7,20 €/KG","img":"https://fd3-photos.leclercdrive.fr/image.ashx?id=2975074&use=l&cat=p&typeid=i","cat":312237},{"id":31447,"n":"Tablette Chocolat Lait Crunch Céréales Croustillantes 2x100g","p":2.65,"u":"13,25 €/KG","img":"https://fd3-photos.leclercdrive.fr/image.ashx?id=2899740&use=l&cat=p&typeid=i","cat":284497},{"id":31449,"n":"Tortillas chips Eco+ Nature - 300g","p":0.94,"u":"3,13 €/KG","img":"https://fd3-photos.leclercdrive.fr/image.ashx?id=2669729&use=l&cat=p&typeid=i","cat":287899},{"id":31450,"n":"Délice de jambon Tulip 340g","p":3.19,"u":"9,38 €/KG","img":"https://fd3-photos.leclercdrive.fr/image.ashx?id=2465592&use=l&cat=p&typeid=i","cat":305149},{"id":31458,"n":"Moutarde de Dijon Rustica  Fine et forte - 160g","p":0.95,"u":"5,94 €/KG","img":"https://fd3-photos.leclercdrive.fr/image.ashx?id=2954367&use=l&cat=p&typeid=i","cat":288850},{"id":31641,"n":"Poulet basquaise Côté Table Riz 285g","p":1.81,"u":"6,35 €/KG","img":"https://fd3-photos.leclercdrive.fr/image.ashx?id=2476149&use=l&cat=p&typeid=i","cat":284953},{"id":31656,"n":"Cornichons Rustica Aigre Doux - 360g","p":1.63,"u":"4,53 €/KG","img":"https://fd3-photos.leclercdrive.fr/image.ashx?id=2916698&use=l&cat=p&typeid=i","cat":284458},{"id":31660,"n":"Sirop La Maison Guiot Fraise des bois - 70cl","p":3.39,"u":"4,84 €/L","img":"https://fd3-photos.leclercdrive.fr/image.ashx?id=2857207&use=l&cat=p&typeid=i","cat":295020},{"id":31661,"n":"Sirop La Maison Guiot Pêche blanche - 70cl","p":3.34,"u":"4,77 €/L","img":"https://fd3-photos.leclercdrive.fr/image.ashx?id=2857198&use=l&cat=p&typeid=i","cat":295020},{"id":31662,"n":"Sirop La Maison Guiot Mûre / Cassis - 70cl","p":3.35,"u":"4,79 €/L","img":"https://fd3-photos.leclercdrive.fr/image.ashx?id=2857186&use=l&cat=p&typeid=i","cat":295020},{"id":31680,"n":"Lingettes bébé Mots d'Enfants Ultra-douces - x24","p":1.25,"u":"0,05 €/P","img":"https://fd3-photos.leclercdrive.fr/image.ashx?id=2856501&use=l&cat=p&typeid=i","cat":284738},{"id":31682,"n":"Sachet repas chat Tous mes amis Viande en sauces - 4x100g","p":1.49,"u":"3,73 €/KG","img":"https://fd3-photos.leclercdrive.fr/image.ashx?id=2043005&use=l&cat=p&typeid=i","cat":285286},{"id":31709,"n":"Viande boeuf séchée Saint Azay 10 tranches - 80g","p":3.78,"u":"47,25 €/KG","img":"https://fd3-photos.leclercdrive.fr/image.ashx?id=2979568&use=l&cat=p&typeid=i","cat":316007},{"id":31714,"n":"Pur jus de pomme Bio Village Bio - 6x20cl","p":3.25,"u":"2,71 €/L","img":"https://fd3-photos.leclercdrive.fr/image.ashx?id=2077442&use=l&cat=p&typeid=i","cat":284524},{"id":31717,"n":"Parmigiano Reg AOP Casa Azzurra Râpé -  60g","p":1.47,"u":"24,50 €/KG","img":"https://fd3-photos.leclercdrive.fr/image.ashx?id=2261951&use=l&cat=p&typeid=i","cat":314035},{"id":31724,"n":"Boisson Jafaden Cranberry Myrtille - 1L","p":1.77,"u":"1,77 €/L","img":"https://fd3-photos.leclercdrive.fr/image.ashx?id=2591403&use=l&cat=p&typeid=i","cat":284915},{"id":31728,"n":"Jus de pomme Jafaden Nectar - 2L","p":2.15,"u":"1,08 €/L","img":"https://fd3-photos.leclercdrive.fr/image.ashx?id=2956077&use=l&cat=p&typeid=i","cat":284522},{"id":31729,"n":"Jus de pomme Jafaden A base de concentré - 1L","p":0.95,"u":"0,95 €/L","img":"https://fd3-photos.leclercdrive.fr/image.ashx?id=2550842&use=l&cat=p&typeid=i","cat":284522},{"id":31730,"n":"Pur jus de pomme Jafaden 1L","p":0.99,"u":"0,99 €/L","img":"https://fd3-photos.leclercdrive.fr/image.ashx?id=1936638&use=l&cat=p&typeid=i","cat":284522},{"id":31731,"n":"Thé glacé Fresh Tea Pêche - 1L","p":1.03,"u":"1,03 €/L","img":"https://fd3-photos.leclercdrive.fr/image.ashx?id=2622251&use=l&cat=p&typeid=i","cat":295019},{"id":31733,"n":"Pur jus multifruits Jafaden 1L","p":1.39,"u":"1,39 €/L","img":"https://fd3-photos.leclercdrive.fr/image.ashx?id=2890006&use=l&cat=p&typeid=i","cat":284917},{"id":31735,"n":"Nectar multifruits Jafaden 1L","p":1.75,"u":"1,75 €/L","img":"https://fd3-photos.leclercdrive.fr/image.ashx?id=2956089&use=l&cat=p&typeid=i","cat":284917},{"id":31736,"n":"Nectar Jafaden Goyave - 1L","p":2.08,"u":"2,08 €/L","img":"https://fd3-photos.leclercdrive.fr/image.ashx?id=2956095&use=l&cat=p&typeid=i","cat":284916},{"id":31737,"n":"Nectar Jafaden Passion - 1L","p":2.71,"u":"2,71 €/L","img":"https://fd3-photos.leclercdrive.fr/image.ashx?id=2959602&use=l&cat=p&typeid=i","cat":284916},{"id":31830,"n":"Sachet repas chat Tous mes amis Viande en sauce - 12x100g","p":3.65,"u":"3,04 €/KG","img":"https://fd3-photos.leclercdrive.fr/image.ashx?id=2677077&use=l&cat=p&typeid=i","cat":285286},{"id":31870,"n":"Crème épaisse AOP Isigny Ste Mère 35%mg - 50cl","p":3.37,"u":"6,74 €/L","img":"https://fd3-photos.leclercdrive.fr/image.ashx?id=2812753&use=l&cat=p&typeid=i","cat":284381},{"id":31899,"n":"Huile OPTIMA Tramier  1L","p":5.07,"u":"5,07 €/L","img":"https://fd3-photos.leclercdrive.fr/image.ashx?id=2680407&use=l&cat=p&typeid=i","cat":284453},{"id":31915,"n":"Mayonnaise à la moutarde de Dij  de Dijon Rustica - 235 g","p":1.25,"u":"5,32 €/KG","img":"https://fd3-photos.leclercdrive.fr/image.ashx?id=2954355&use=l&cat=p&typeid=i","cat":298295},{"id":31918,"n":"Sucre Tablier Blanc En morceaux - 1kg","p":1.99,"u":"1,99 €/KG","img":"https://fd3-photos.leclercdrive.fr/image.ashx?id=3010425&use=l&cat=p&typeid=i","cat":284502},{"id":31920,"n":"Matière grasse Rustica à tartiner 50%MG Omega 3 - 500g","p":1.98,"u":"3,96 €/KG","img":"https://fd3-photos.leclercdrive.fr/image.ashx?id=1585635&use=l&cat=p&typeid=i","cat":315229},{"id":31924,"n":"Déodorant bille Manava Peaux sensibles 50ml","p":1.15,"u":"23,00 €/L","img":"https://fd3-photos.leclercdrive.fr/image.ashx?id=2481222&use=l&cat=p&typeid=i","cat":284595},{"id":31933,"n":"Laque Iroise Fixation forte 300ml","p":1.95,"u":"6,50 €/L","img":"https://fd3-photos.leclercdrive.fr/image.ashx?id=2930346&use=l&cat=p&typeid=i","cat":284609},{"id":31934,"n":"Spray coiffant Vitanove Fixation forte - 250ml","p":1.19,"u":"4,76 €/L","img":"https://fd3-photos.leclercdrive.fr/image.ashx?id=2331697&use=l&cat=p&typeid=i","cat":284609},{"id":31935,"n":"Spray coiffant Vitanove Fixation extra forte - 250ml","p":1.39,"u":"5,56 €/L","img":"https://fd3-photos.leclercdrive.fr/image.ashx?id=2331700&use=l&cat=p&typeid=i","cat":284609},{"id":31937,"n":"Laque Vitanove Fixation normale 300ml","p":1.95,"u":"6,50 €/L","img":"https://fd3-photos.leclercdrive.fr/image.ashx?id=2616739&use=l&cat=p&typeid=i","cat":284609},{"id":31941,"n":"IGP Ardèche rouge Pont d'Arc 13.5% vol - BIB 5L","p":11.36,"u":"2,27 €/L","img":"https://fd3-photos.leclercdrive.fr/image.ashx?id=2527913&use=l&cat=p&typeid=i","cat":289560},{"id":31962,"n":"Thym et laurier Sainte Lucie 15g","p":2.18,"u":"145,33 €/KG","img":"https://fd3-photos.leclercdrive.fr/image.ashx?id=1951238&use=l&cat=p&typeid=i","cat":293607},{"id":31965,"n":"Nettoyant spray Clair Cuisine et salle de bain 750ml","p":1.49,"u":"1,99 €/L","img":"https://fd3-photos.leclercdrive.fr/image.ashx?id=2466151&use=l&cat=p&typeid=i","cat":325357},{"id":31967,"n":"Gel nettoyant Clair Anticalcaire - 500ml","p":1.26,"u":"2,52 €/L","img":"https://fd3-photos.leclercdrive.fr/image.ashx?id=2634872&use=l&cat=p&typeid=i","cat":325362},{"id":31968,"n":"Crème Dépilatoire Siliss Sous la douche - 250ml","p":3.39,"u":"13,56 €/L","img":"https://fd3-photos.leclercdrive.fr/image.ashx?id=2699447&use=l&cat=p&typeid=i","cat":325351},{"id":31970,"n":"Soin visage Carré Homme Anti-âge anti-fatigue Q10- 50ml","p":3.7,"u":"74,00 €/L","img":"https://fd3-photos.leclercdrive.fr/image.ashx?id=2809689&use=l&cat=p&typeid=i","cat":284622},{"id":31976,"n":"Sucre vanillé bio Bio Village 6x7.5g","p":1.85,"u":"41,11 €/KG","img":"https://fd3-photos.leclercdrive.fr/image.ashx?id=2895801&use=l&cat=p&typeid=i","cat":294686},{"id":31981,"n":"Couches bébé Mots d'Enfants T4+ Ultra confort - 9/20kg - x24","p":5.8,"u":"0,24 €/P","img":"https://fd3-photos.leclercdrive.fr/image.ashx?id=2301472&use=l&cat=p&typeid=i","cat":284737},{"id":31982,"n":"Couches bébé Mots d'Enfants -T5 Ultra confort - 11/25kg - x23","p":5.66,"u":"0,25 €/P","img":"https://fd3-photos.leclercdrive.fr/image.ashx?id=2699462&use=l&cat=p&typeid=i","cat":284737},{"id":31983,"n":"Cidre rosé Les Goelleries 2.5%vol. - 75cl","p":2.29,"u":"3,05 €/L","img":"https://fd3-photos.leclercdrive.fr/image.ashx?id=2842295&use=l&cat=p&typeid=i","cat":334880},{"id":31985,"n":"Couches bébé Mots d'Enfants -T4 Ultra confort - 7/18kg - x26","p":5.55,"u":"0,21 €/P","img":"https://fd3-photos.leclercdrive.fr/image.ashx?id=2699456&use=l&cat=p&typeid=i","cat":284737},{"id":31988,"n":"Sachet repas chat Tous mes amis Poissons en gelée - 4x100g","p":1.33,"u":"3,33 €/KG","img":"https://fd3-photos.leclercdrive.fr/image.ashx?id=2043002&use=l&cat=p&typeid=i","cat":285286},{"id":32054,"n":"Eau minérale gazeuse St Diery  Naturelle - 6x50cl","p":1.45,"u":"0,48 €/L","img":"https://fd3-photos.leclercdrive.fr/image.ashx?id=2423532&use=l&cat=p&typeid=i","cat":284536},{"id":32058,"n":"Amandes Tokapi Fumé - 125g","p":2.69,"u":"21,52 €/KG","img":"https://fd3-photos.leclercdrive.fr/image.ashx?id=2795556&use=l&cat=p&typeid=i","cat":284448},{"id":32059,"n":"Sachet repas chat Tous mes amis Viande en geléé - 12x100g","p":3.65,"u":"3,04 €/KG","img":"https://fd3-photos.leclercdrive.fr/image.ashx?id=2027598&use=l&cat=p&typeid=i","cat":285286},{"id":32064,"n":"Mousse à raser Carré Homme Sensible - 250ml","p":1.39,"u":"5,56 €/L","img":"https://fd3-photos.leclercdrive.fr/image.ashx?id=2704681&use=l&cat=p&typeid=i","cat":284617},{"id":32065,"n":"Couches bébé Mots d'Enfants T4 Douceur - 7/18kg - x74 changes","p":10.6,"u":"0,14 €/P","img":"https://fd3-photos.leclercdrive.fr/image.ashx?id=2907192&use=l&cat=p&typeid=i","cat":284737},{"id":32098,"n":"Biscuits Dinosaurus Lotus  Chocolat noir - 225g","p":2.14,"u":"9,51 €/KG","img":"https://fd3-photos.leclercdrive.fr/image.ashx?id=2859812&use=l&cat=p&typeid=i","cat":284488},{"id":32103,"n":"Goûter laitier Récré O'Lé Gourdes Chocolat - 4x85g","p":2.2,"u":"6,47 €/KG","img":"https://fd3-photos.leclercdrive.fr/image.ashx?id=3008824&use=l&cat=p&typeid=i","cat":284506},{"id":32104,"n":"Goûter laitier Récré O'Lé Gourdes Saveur Vanille - 4x85g","p":2.13,"u":"6,26 €/KG","img":"https://fd3-photos.leclercdrive.fr/image.ashx?id=3008827&use=l&cat=p&typeid=i","cat":284506},{"id":32125,"n":"Mélange Fruité Tokapi Fruits et graines - 110g","p":1.65,"u":"15,00 €/KG","img":"https://fd3-photos.leclercdrive.fr/image.ashx?id=2794003&use=l&cat=p&typeid=i","cat":284448},{"id":32145,"n":"Beurre de Baratte d'Isigny NRT AOP Demi-sel 80% MG 250g","p":3.08,"u":"12,32 €/KG","img":"https://fd3-photos.leclercdrive.fr/image.ashx?id=2657289&use=l&cat=p&typeid=i","cat":284379},{"id":32181,"n":"Trousse dentaire Petit Dentamyl 2-6ans","p":2.5,"img":"https://fd3-photos.leclercdrive.fr/image.ashx?id=2072888&use=l&cat=p&typeid=i","cat":288897},{"id":32183,"n":"Couches bébé Mots d'Enfants T4+ Douceur - 9/20kg - x70 changes","p":10.8,"u":"0,15 €/P","img":"https://fd3-photos.leclercdrive.fr/image.ashx?id=2699471&use=l&cat=p&typeid=i","cat":284737},{"id":32186,"n":"Couches bébé Mots d'Enfants T5 Douceur - 11/25kg - x66","p":10.7,"u":"0,16 €/P","img":"https://fd3-photos.leclercdrive.fr/image.ashx?id=2907195&use=l&cat=p&typeid=i","cat":284737},{"id":32202,"n":"Couches bébé Mots d'Enfants T3 Douceur - 4/9kg - x90 changes","p":11.4,"u":"0,13 €/P","img":"https://fd3-photos.leclercdrive.fr/image.ashx?id=2904571&use=l&cat=p&typeid=i","cat":284737},{"id":32216,"n":"Sandwich XXL Daunat Poulet rôti Mayonnaise - 230g","p":2.23,"u":"9,70 €/KG","img":"https://fd3-photos.leclercdrive.fr/image.ashx?id=2892706&use=l&cat=p&typeid=i","cat":333658},{"id":32255,"n":"Déodorant Manava Pierre d'alun/Aloé véra - 200ml","p":1.44,"u":"7,20 €/L","img":"https://fd3-photos.leclercdrive.fr/image.ashx?id=2710494&use=l&cat=p&typeid=i","cat":284595},{"id":32258,"n":"Couches bébé Mots d'Enfants -T3 Ultra confort - 4/9kg - x29","p":5.99,"u":"0,21 €/P","img":"https://fd3-photos.leclercdrive.fr/image.ashx?id=2699453&use=l&cat=p&typeid=i","cat":284737},{"id":32267,"n":"Emmental fromage rapé Les Croisés - 325g","p":2.65,"u":"8,15 €/KG","img":"https://fd3-photos.leclercdrive.fr/image.ashx?id=2805027&use=l&cat=p&typeid=i","cat":314035},{"id":32268,"n":"Bûche de chèvre Les Croisés Non affiné 19%mg - 150g","p":1.89,"u":"12,60 €/KG","img":"https://fd3-photos.leclercdrive.fr/image.ashx?id=1993580&use=l&cat=p&typeid=i","cat":314031},{"id":32271,"n":"Pizza Turini Jambon emmental - 200g","p":1.22,"u":"6,10 €/KG","img":"https://fd3-photos.leclercdrive.fr/image.ashx?id=3010581&use=l&cat=p&typeid=i","cat":333679},{"id":32286,"n":"Papillons d'Alsace NRT 250g","p":1.39,"u":"5,56 €/KG","img":"https://fd3-photos.leclercdrive.fr/image.ashx?id=2839992&use=l&cat=p&typeid=i","cat":284427},{"id":32291,"n":"Bonbons sans sucres Confiséo Aux plantes - 150g","p":2.49,"u":"16,60 €/KG","img":"https://fd3-photos.leclercdrive.fr/image.ashx?id=2934700&use=l&cat=p&typeid=i","cat":304252},{"id":32293,"n":"Sucre de canne Tablier Blanc Cassonade 750g","p":1.55,"u":"2,07 €/KG","img":"https://fd3-photos.leclercdrive.fr/image.ashx?id=2501676&use=l&cat=p&typeid=i","cat":284502},{"id":32301,"n":"Biscuit Petit beurre P'tit Déli Tablette chocolat blanc - 150g","p":1.49,"u":"9,93 €/KG","img":"https://fd3-photos.leclercdrive.fr/image.ashx?id=2970738&use=l&cat=p&typeid=i","cat":284488},{"id":32307,"n":"Le Rossignol Les Croisés 29%mg - 250g","p":2.16,"u":"8,64 €/KG","img":"https://fd3-photos.leclercdrive.fr/image.ashx?id=2841753&use=l&cat=p&typeid=i","cat":329558},{"id":32316,"n":"Gin Brighton's London Dry 37.5%vol - 1L","p":15.69,"u":"15,69 €/L","img":"https://fd3-photos.leclercdrive.fr/image.ashx?id=2907189&use=l&cat=p&typeid=i","cat":284550},{"id":32319,"n":"Pétillant Gibus Pomme pêche sans alcool 75cl","p":2.45,"u":"3,27 €/L","img":"https://fd3-photos.leclercdrive.fr/image.ashx?id=1887592&use=l&cat=p&typeid=i","cat":289460},{"id":32339,"n":"Sirop Frucci Pamplemousse Rose - 75cl","p":3.65,"u":"4,87 €/L","img":"https://fd3-photos.leclercdrive.fr/image.ashx?id=2909900&use=l&cat=p&typeid=i","cat":295020},{"id":32357,"n":"Yaourts en gourde Délisse 3 Abricots + 3 Fraises - 6x90g","p":2.89,"u":"5,35 €/KG","img":"https://fd3-photos.leclercdrive.fr/image.ashx?id=2699565&use=l&cat=p&typeid=i","cat":284415},{"id":32371,"n":"Petits pots  Babybio Bio Carotte quinoa - 8mois 2x200g","p":2.51,"u":"6,28 €/KG","img":"https://fd3-photos.leclercdrive.fr/image.ashx?id=2834512&use=l&cat=p&typeid=i","cat":312239},{"id":32372,"n":"Petits pots Babybio Bio Légumes veau - 8 mois 2x200g","p":3.05,"u":"7,63 €/KG","img":"https://fd3-photos.leclercdrive.fr/image.ashx?id=2838308&use=l&cat=p&typeid=i","cat":312236},{"id":32373,"n":"Petits pots Babybio Bio Légume canard - 8mois 2x200g","p":3.33,"u":"16,65 €/KG","img":"https://fd3-photos.leclercdrive.fr/image.ashx?id=2912200&use=l&cat=p&typeid=i","cat":312236},{"id":32380,"n":"Farine de blé Eco+ 1kg","p":0.54,"u":"0,54 €/KG","img":"https://fd3-photos.leclercdrive.fr/image.ashx?id=2694416&use=l&cat=p&typeid=i","cat":284503},{"id":32386,"n":"Mélange forestier Notre Jardin 225g","p":2.57,"u":"11,42 €/KG","img":"https://fd3-photos.leclercdrive.fr/image.ashx?id=2613705&use=l&cat=p&typeid=i","cat":312612},{"id":32387,"n":"Ratatouille Notre Jardin A la provençale - 375g","p":1.06,"u":"2,83 €/KG","img":"https://fd3-photos.leclercdrive.fr/image.ashx?id=2526294&use=l&cat=p&typeid=i","cat":312612},{"id":32388,"n":"Maïs Notre Jardin Aux 2 poivrons - 270g","p":1.19,"u":"4,41 €/KG","img":"https://fd3-photos.leclercdrive.fr/image.ashx?id=2988057&use=l&cat=p&typeid=i","cat":312611},{"id":32423,"n":"Sauté de porc Pommes de terre La Cuisine d'Océane 300g","p":2.76,"u":"9,20 €/KG","img":"https://fd3-photos.leclercdrive.fr/image.ashx?id=2962380&use=l&cat=p&typeid=i","cat":284953},{"id":32436,"n":"AOP Côtes du Rhône rosé Cellier des Dauphins - BIB 3L","p":11.35,"u":"3,78 €/L","img":"https://fd3-photos.leclercdrive.fr/image.ashx?id=2829985&use=l&cat=p&typeid=i","cat":289560},{"id":32444,"n":"AOP Cabernet d'Anjou vin rosé  Soupçon de Fruit  - 75cl","p":4.89,"u":"6,52 €/L","img":"https://fd3-photos.leclercdrive.fr/image.ashx?id=2432388&use=l&cat=p&typeid=i","cat":289558},{"id":32452,"n":"Lait de montagne Délisse UHT Bouteille -  6x1L","p":6.66,"u":"1,11 €/L","img":"https://fd3-photos.leclercdrive.fr/image.ashx?id=2929937&use=l&cat=p&typeid=i","cat":284377},{"id":32453,"n":"Lait de montagne Délisse Brique UHT -  6x1L","p":6.54,"u":"1,09 €/L","img":"https://fd3-photos.leclercdrive.fr/image.ashx?id=2366289&use=l&cat=p&typeid=i","cat":284377},{"id":32473,"n":"Sacs collecteur 160L Poubel'sak x10","p":5.41,"u":"0,54 €/P","img":"https://fd3-photos.leclercdrive.fr/image.ashx?id=1867456&use=l&cat=p&typeid=i","cat":285168},{"id":32478,"n":"Fruits rouges Fruistar 650g","p":4.72,"u":"7,26 €/KG","img":"https://fd3-photos.leclercdrive.fr/image.ashx?id=2898245&use=l&cat=p&typeid=i","cat":284268},{"id":32479,"n":"Culotte absorbante Tena Taille L - Plus - x8","p":7.89,"u":"0,99 €/P","img":"https://fd3-photos.leclercdrive.fr/image.ashx?id=2428585&use=l&cat=p&typeid=i","cat":284628},{"id":32480,"n":"Culotte absorbante Tena Taille M - Plus - x9","p":7.76,"u":"0,86 €/P","img":"https://fd3-photos.leclercdrive.fr/image.ashx?id=2428591&use=l&cat=p&typeid=i","cat":284628},{"id":32492,"n":"Crème glacée L'Angelys Vanille - 450g","p":5.22,"u":"11,60 €/KG","img":"https://fd3-photos.leclercdrive.fr/image.ashx?id=2963574&use=l&cat=p&typeid=i","cat":284263},{"id":32493,"n":"Crème glacée L'Angelys Caramel beurre salé - 450g","p":5.21,"u":"11,58 €/KG","img":"https://fd3-photos.leclercdrive.fr/image.ashx?id=2883188&use=l&cat=p&typeid=i","cat":284263},{"id":32497,"n":"Recharge Savon Mains Dettol Parfum Citron 250ml","p":2.11,"u":"8,44 €/L","img":"https://fd3-photos.leclercdrive.fr/image.ashx?id=2962020&use=l&cat=p&typeid=i","cat":284597},{"id":32546,"n":"Chips à l'ancienne Bret's Sel de Guérande - 6x25g","p":2.57,"u":"17,13 €/KG","img":"https://fd3-photos.leclercdrive.fr/image.ashx?id=1702628&use=l&cat=p&typeid=i","cat":284447},{"id":32555,"n":"Fromage Maasdam Les Croisés tranches x14 - 27.1%mg - 350g","p":3.23,"u":"9,23 €/KG","img":"https://fd3-photos.leclercdrive.fr/image.ashx?id=2026322&use=l&cat=p&typeid=i","cat":314028},{"id":32558,"n":"Mimolette Les Croisés 23.7%mg portion - 250g","p":2.97,"u":"11,88 €/KG","img":"https://fd3-photos.leclercdrive.fr/image.ashx?id=2796049&use=l&cat=p&typeid=i","cat":314034},{"id":32631,"n":"Biscuits palmier Bio Village Bio - 100g","p":1.27,"u":"12,70 €/KG","img":"https://fd3-photos.leclercdrive.fr/image.ashx?id=2610729&use=l&cat=p&typeid=i","cat":284487},{"id":32643,"n":"Pruneaux d'Agen Couleurs Vives Dénoyautés - 500g","p":3.99,"u":"7,98 €/KG","img":"https://fd3-photos.leclercdrive.fr/image.ashx?id=2124107&use=l&cat=p&typeid=i","cat":284357},{"id":32661,"n":"Topinambour  1kg","p":2.49,"u":"2,49 €/KG","img":"https://fd3-photos.leclercdrive.fr/image.ashx?id=1633220&use=l&cat=p&typeid=i","cat":284352},{"id":32690,"n":"Tranches de fromage Leerdammer Le Léger - 8 Tranches - 200g","p":4.17,"u":"20,85 €/KG","img":"https://fd3-photos.leclercdrive.fr/image.ashx?id=2507581&use=l&cat=p&typeid=i","cat":314028},{"id":32707,"n":"Poisson pané  Cabillaud Findus MSC x4 - 400g","p":6.97,"u":"17,43 €/KG","img":"https://fd3-photos.leclercdrive.fr/image.ashx?id=2650666&use=l&cat=p&typeid=i","cat":319788},{"id":32724,"n":"Pain grillé bio Bio Village Céréales et graines - 225g","p":1.59,"u":"7,07 €/KG","img":"https://fd3-photos.leclercdrive.fr/image.ashx?id=2595119&use=l&cat=p&typeid=i","cat":284479},{"id":32765,"n":"Bonbons Copains Copines Planch' acid goût fruit 225g","p":1.11,"u":"4,93 €/KG","img":"https://fd3-photos.leclercdrive.fr/image.ashx?id=2934709&use=l&cat=p&typeid=i","cat":304250},{"id":32817,"n":"Eau minérale Mont Blanc 6x1.5L","p":2.88,"u":"0,32 €/L","img":"https://fd3-photos.leclercdrive.fr/image.ashx?id=2401110&use=l&cat=p&typeid=i","cat":284535},{"id":32818,"n":"AOP Bordeaux rouge Blaissac BIB 3L","p":12.9,"u":"4,30 €/L","img":"https://fd3-photos.leclercdrive.fr/image.ashx?id=2101288&use=l&cat=p&typeid=i","cat":289560},{"id":32829,"n":"Litière chats Tous mes Amis Optimale - 5L","p":4.5,"u":"0,90 €/L","img":"https://fd3-photos.leclercdrive.fr/image.ashx?id=2055220&use=l&cat=p&typeid=i","cat":284683},{"id":32877,"n":"Tarte au fromage Côté Table 2x130g","p":2.71,"u":"10,42 €/KG","img":"https://fd3-photos.leclercdrive.fr/image.ashx?id=2944609&use=l&cat=p&typeid=i","cat":333680},{"id":32878,"n":"Biscuits fins P'tit Déli Assortiment - 400g","p":4.57,"u":"11,43 €/KG","img":"https://fd3-photos.leclercdrive.fr/image.ashx?id=2563154&use=l&cat=p&typeid=i","cat":284490},{"id":32902,"n":"Escalope de dinde Volandrie Extra fines x2 - 240g","p":3.49,"u":"14,54 €/KG","img":"https://fd3-photos.leclercdrive.fr/image.ashx?id=2048863&use=l&cat=p&typeid=i","cat":284337},{"id":32947,"n":"Collant opaque Well Accord parfait noir T4","p":5.89,"img":"https://fd3-photos.leclercdrive.fr/image.ashx?id=2056494&use=l&cat=p&typeid=i","cat":334130},{"id":32949,"n":"Gel Douche Fa Cap tonique mixte flacon- 250ml","p":1.64,"u":"6,56 €/L","img":"https://fd3-photos.leclercdrive.fr/image.ashx?id=2995418&use=l&cat=p&typeid=i","cat":284594},{"id":32954,"n":"Bûche glacée Eskiss Poire Chocolat - 549g","p":5.53,"u":"10,07 €/KG","img":"https://fd3-photos.leclercdrive.fr/image.ashx?id=2968988&use=l&cat=p&typeid=i","cat":284266},{"id":32957,"n":"Poitrine fumée Herta 2x100g","p":2.97,"u":"14,85 €/KG","img":"https://fd3-photos.leclercdrive.fr/image.ashx?id=2787773&use=l&cat=p&typeid=i","cat":316011},{"id":32969,"n":"Mousse à raser Carré Homme Menthol 250ml","p":1.39,"u":"5,56 €/L","img":"https://fd3-photos.leclercdrive.fr/image.ashx?id=2704705&use=l&cat=p&typeid=i","cat":284617},{"id":32970,"n":"Lingettes Bionaïa Démaquillantes Bio x25","p":1.04,"u":"0,04 €/P","img":"https://fd3-photos.leclercdrive.fr/image.ashx?id=2376025&use=l&cat=p&typeid=i","cat":284603},{"id":32971,"n":"Mousse à raser Carré Homme Protectrice 250ml","p":1.12,"u":"4,48 €/L","img":"https://fd3-photos.leclercdrive.fr/image.ashx?id=2842289&use=l&cat=p&typeid=i","cat":284617},{"id":32972,"n":"Gel nettoyant Inell Visage 3 en 1 - 150ml","p":2.95,"u":"19,67 €/L","img":"https://fd3-photos.leclercdrive.fr/image.ashx?id=2644849&use=l&cat=p&typeid=i","cat":284603},{"id":32973,"n":"Eau micellaire Inell 500ml","p":2.36,"u":"4,72 €/L","img":"https://fd3-photos.leclercdrive.fr/image.ashx?id=1938870&use=l&cat=p&typeid=i","cat":284603},{"id":32978,"n":"Pâtes fraîches Schneider Spaetzle aux oeufs frais - 600g","p":4.13,"u":"6,88 €/KG","img":"https://fd3-photos.leclercdrive.fr/image.ashx?id=2531691&use=l&cat=p&typeid=i","cat":333682},{"id":32982,"n":"Pâtes coquillettes Turini Les 3 min - 1kg","p":1.43,"u":"1,43 €/KG","img":"https://fd3-photos.leclercdrive.fr/image.ashx?id=2607530&use=l&cat=p&typeid=i","cat":284427},{"id":32985,"n":"Riz long Comptoir du Grain Cuisson rapide - 2kg","p":3.36,"u":"1,68 €/KG","img":"https://fd3-photos.leclercdrive.fr/image.ashx?id=2226197&use=l&cat=p&typeid=i","cat":284428},{"id":32986,"n":"Pâtes penne Turini Les 3 min - 500g","p":0.99,"u":"1,98 €/KG","img":"https://fd3-photos.leclercdrive.fr/image.ashx?id=2744240&use=l&cat=p&typeid=i","cat":284427},{"id":33004,"n":"Mousse au chocolat Marie Morin A l'ancienne - 2x100g","p":3.66,"u":"18,30 €/KG","img":"https://fd3-photos.leclercdrive.fr/image.ashx?id=2631687&use=l&cat=p&typeid=i","cat":284417},{"id":33017,"n":"Eau gazeuse  Badoit rouge fortement pétillante - 6x1l","p":3.36,"u":"0,56 €/L","img":"https://fd3-photos.leclercdrive.fr/image.ashx?id=2831783&use=l&cat=p&typeid=i","cat":284536},{"id":33034,"n":"AOC Crémant Bourgogne brut Veuve Ambal - Tastevine - 75cl","p":7.95,"u":"10,60 €/L","img":"https://fd3-photos.leclercdrive.fr/image.ashx?id=1965240&use=l&cat=p&typeid=i","cat":284545},{"id":33036,"n":"Beurre allégé Les Croisés Doux - 60% MG - 250g","p":1.87,"u":"7,48 €/KG","img":"https://fd3-photos.leclercdrive.fr/image.ashx?id=2893319&use=l&cat=p&typeid=i","cat":284379},{"id":33046,"n":"Tuiles Tokapi Epicé - 170g","p":1.39,"u":"8,18 €/KG","img":"https://fd3-photos.leclercdrive.fr/image.ashx?id=2641277&use=l&cat=p&typeid=i","cat":287899},{"id":33097,"n":"Steak haché façon bouchère 560g Férial - 15%mg - X4","p":9.45,"u":"16,88 €/KG","img":"https://fd3-photos.leclercdrive.fr/image.ashx?id=3004660&use=l&cat=p&typeid=i","cat":319778},{"id":33098,"n":"Viande hachée Férial 15%mg - 400G","p":5.49,"u":"13,73 €/KG","img":"https://fd3-photos.leclercdrive.fr/image.ashx?id=2966517&use=l&cat=p&typeid=i","cat":319779},{"id":33150,"n":"Blanquette Weight Watchers Poulet 300g","p":3.31,"u":"11,03 €/KG","img":"https://fd3-photos.leclercdrive.fr/image.ashx?id=2880739&use=l&cat=p&typeid=i","cat":333665},{"id":33151,"n":"Préparation culinaire Soja Délisse - 5%mg - 3x20cl","p":1.89,"u":"3,15 €/L","img":"https://fd3-photos.leclercdrive.fr/image.ashx?id=2970741&use=l&cat=p&typeid=i","cat":316069},{"id":33159,"n":"IGP Ardèche blanc Pont d'Arc - BIB 5L","p":11.99,"u":"2,40 €/L","img":"https://fd3-photos.leclercdrive.fr/image.ashx?id=2527916&use=l&cat=p&typeid=i","cat":289560},{"id":33197,"n":"Café moulu Plantation Colombie - 250g","p":3.87,"u":"15,48 €/KG","img":"https://fd3-photos.leclercdrive.fr/image.ashx?id=2824268&use=l&cat=p&typeid=i","cat":284750},{"id":33199,"n":"Sirop Eco+ Fraise - 1L","p":2.43,"u":"2,43 €/L","img":"https://fd3-photos.leclercdrive.fr/image.ashx?id=2959701&use=l&cat=p&typeid=i","cat":295020},{"id":33200,"n":"Sirop menthe Eco+ 1L","p":1.41,"u":"1,41 €/L","img":"https://fd3-photos.leclercdrive.fr/image.ashx?id=2909831&use=l&cat=p&typeid=i","cat":295020},{"id":33201,"n":"Sirop Eco+ Pêche - 1L","p":2.58,"u":"2,58 €/L","img":"https://fd3-photos.leclercdrive.fr/image.ashx?id=2901422&use=l&cat=p&typeid=i","cat":295020},{"id":33251,"n":"Déodorant Manava peux sensibles Anti-transpirant spray - 200ml","p":1.29,"u":"6,45 €/L","img":"https://fd3-photos.leclercdrive.fr/image.ashx?id=2886454&use=l&cat=p&typeid=i","cat":284595},{"id":33255,"n":"Pâtes farfalle Turini Les 3 min - 500g","p":1.07,"u":"2,14 €/KG","img":"https://fd3-photos.leclercdrive.fr/image.ashx?id=2669723&use=l&cat=p&typeid=i","cat":284427},{"id":33256,"n":"Sachet cuisson Rustica Poulet herbes de provence - 34g","p":0.6,"u":"17,65 €/KG","img":"https://fd3-photos.leclercdrive.fr/image.ashx?id=1886674&use=l&cat=p&typeid=i","cat":288380},{"id":33258,"n":"Sachet cuisson Rustica Poulet ail et oignon - 36g","p":0.59,"u":"16,39 €/KG","img":"https://fd3-photos.leclercdrive.fr/image.ashx?id=1886680&use=l&cat=p&typeid=i","cat":288380},{"id":33259,"n":"Sachet cuisson Rustica Poulet paprika et tomates - 34g","p":0.67,"u":"19,71 €/KG","img":"https://fd3-photos.leclercdrive.fr/image.ashx?id=2578632&use=l&cat=p&typeid=i","cat":288380},{"id":33260,"n":"Sachet cuisson Rustica Porc goût barbecue - 28g","p":0.61,"u":"21,79 €/KG","img":"https://fd3-photos.leclercdrive.fr/image.ashx?id=1886677&use=l&cat=p&typeid=i","cat":288380},{"id":33262,"n":"Céréales Corn Flakes Kellogg's 500g","p":2.43,"u":"4,86 €/KG","img":"https://fd3-photos.leclercdrive.fr/image.ashx?id=2522005&use=l&cat=p&typeid=i","cat":309513},{"id":33264,"n":"Ananas Fruistar En morceaux - 650g","p":6.56,"u":"10,09 €/KG","img":"https://fd3-photos.leclercdrive.fr/image.ashx?id=2185822&use=l&cat=p&typeid=i","cat":284268},{"id":33266,"n":"Céréales Smacks Kellogg's 400g","p":2.43,"u":"6,08 €/KG","img":"https://fd3-photos.leclercdrive.fr/image.ashx?id=2584235&use=l&cat=p&typeid=i","cat":309513},{"id":33268,"n":"Cassolette Côté Table Fruits de mer 2x110g","p":3.99,"u":"18,14 €/KG","img":"https://fd3-photos.leclercdrive.fr/image.ashx?id=2858983&use=l&cat=p&typeid=i","cat":284254},{"id":33269,"n":"Pommes de terre Pom'lisse Grenaille - 450g","p":2.49,"u":"5,53 €/KG","img":"https://fd3-photos.leclercdrive.fr/image.ashx?id=2704708&use=l&cat=p&typeid=i","cat":319792},{"id":33274,"n":"Pâtes spaghetti Turini Les 3 min - 1kg","p":1.55,"u":"1,55 €/KG","img":"https://fd3-photos.leclercdrive.fr/image.ashx?id=2607533&use=l&cat=p&typeid=i","cat":284427},{"id":33287,"n":"Pâtes Torsettes Turini 3 min - 1kg","p":1.63,"u":"1,63 €/KG","img":"https://fd3-photos.leclercdrive.fr/image.ashx?id=2744237&use=l&cat=p&typeid=i","cat":284427},{"id":33299,"n":"Sérum physiologique Mots d'Enfants 5ml x40","p":2.19,"u":"10,95 €/L","img":"https://fd3-photos.leclercdrive.fr/image.ashx?id=3014209&use=l&cat=p&typeid=i","cat":284741},{"id":33301,"n":"Soda light  Pulp'Orange Orange Bouteille - 1,5L","p":1.39,"u":"0,93 €/L","img":"https://fd3-photos.leclercdrive.fr/image.ashx?id=2922412&use=l&cat=p&typeid=i","cat":284532},{"id":33302,"n":"Pâtes cannelloni Turini 250g","p":0.99,"u":"3,96 €/KG","img":"https://fd3-photos.leclercdrive.fr/image.ashx?id=2980468&use=l&cat=p&typeid=i","cat":284427},{"id":33305,"n":"Mélange Cocktail Tokapi Ananas et raisins - 120g","p":1.53,"u":"12,75 €/KG","img":"https://fd3-photos.leclercdrive.fr/image.ashx?id=2795559&use=l&cat=p&typeid=i","cat":284448},{"id":33306,"n":"Sucre pure canne Bio Village En poudre bio - 500g","p":1.66,"u":"3,32 €/KG","img":"https://fd3-photos.leclercdrive.fr/image.ashx?id=3010443&use=l&cat=p&typeid=i","cat":284502},{"id":33307,"n":"Semoule de blé fine Comptoir du Grain - 500g","p":0.96,"u":"1,92 €/KG","img":"https://fd3-photos.leclercdrive.fr/image.ashx?id=3012842&use=l&cat=p&typeid=i","cat":284429},{"id":33334,"n":"Crème hydratante Mots d'Enfants Bébé - 100ml","p":2.38,"u":"23,80 €/L","img":"https://fd3-photos.leclercdrive.fr/image.ashx?id=3014218&use=l&cat=p&typeid=i","cat":284741},{"id":33335,"n":"Eau nettoyante Mots d'Enfants Hydratante - 750ml","p":3.15,"u":"4,20 €/L","img":"https://fd3-photos.leclercdrive.fr/image.ashx?id=3015075&use=l&cat=p&typeid=i","cat":284741},{"id":33336,"n":"Gel lavant bébé Mots d'Enfants Corps et cheveux - 750ml","p":3.15,"u":"4,20 €/L","img":"https://fd3-photos.leclercdrive.fr/image.ashx?id=3014224&use=l&cat=p&typeid=i","cat":284740},{"id":33377,"n":"IGP Pâtes Grand Mère  Nids 4mm - 250g","p":1.27,"u":"5,08 €/KG","img":"https://fd3-photos.leclercdrive.fr/image.ashx?id=2191981&use=l&cat=p&typeid=i","cat":284427},{"id":33378,"n":"IGP Pâtes Grand Mère Macaroni coupés - 250g","p":1.27,"u":"5,08 €/KG","img":"https://fd3-photos.leclercdrive.fr/image.ashx?id=2018859&use=l&cat=p&typeid=i","cat":284427},{"id":33385,"n":"Sirop Rieme Sapin - 1L","p":6.17,"u":"6,17 €/L","img":"https://fd3-photos.leclercdrive.fr/image.ashx?id=1653657&use=l&cat=p&typeid=i","cat":295020},{"id":33386,"n":"Sirop Rieme Mûre - 1L","p":5.11,"u":"5,11 €/L","img":"https://fd3-photos.leclercdrive.fr/image.ashx?id=1651691&use=l&cat=p&typeid=i","cat":295020},{"id":33389,"n":"Fromage blanc Bibeleskaes Mirabelle - 4x125g","p":2.83,"u":"5,66 €/KG","img":"https://fd3-photos.leclercdrive.fr/image.ashx?id=2578735&use=l&cat=p&typeid=i","cat":284409},{"id":33391,"n":"Saucisses Knacks Schmidt x10 550g","p":6.53,"u":"11,87 €/KG","img":"https://fd3-photos.leclercdrive.fr/image.ashx?id=2631096&use=l&cat=p&typeid=i","cat":316012},{"id":33396,"n":"AOP Crémant Brut Savoie-Jura Marcel Cabelier - 75cl","p":8.34,"u":"11,12 €/L","img":"https://fd3-photos.leclercdrive.fr/image.ashx?id=2432785&use=l&cat=p&typeid=i","cat":284545},{"id":33399,"n":"Pâte d'amande 40% Vahiné Tricolore 150g","p":2.23,"u":"14,87 €/KG","img":"https://fd3-photos.leclercdrive.fr/image.ashx?id=2014370&use=l&cat=p&typeid=i","cat":284504},{"id":33421,"n":"AOC Vin blanc Cave de Turckheim Sylvaner - 75cl","p":4.5,"u":"6,00 €/L","img":"https://fd3-photos.leclercdrive.fr/image.ashx?id=1562698&use=l&cat=p&typeid=i","cat":289557},{"id":33427,"n":"IGP Pâtes Grand'Mère Pappardelles - 500g","p":2.47,"u":"4,94 €/KG","img":"https://fd3-photos.leclercdrive.fr/image.ashx?id=2191999&use=l&cat=p&typeid=i","cat":284427},{"id":33429,"n":"Pâtes Nüdle Valfleuri A l'ancienne 5mm - 500g","p":3.28,"u":"6,56 €/KG","img":"https://fd3-photos.leclercdrive.fr/image.ashx?id=2896612&use=l&cat=p&typeid=i","cat":284427},{"id":33431,"n":"Pâtes Nüdle Valfleuri A l'ancienne 2mm - 500g","p":3.28,"u":"6,56 €/KG","img":"https://fd3-photos.leclercdrive.fr/image.ashx?id=2896615&use=l&cat=p&typeid=i","cat":284427},{"id":33432,"n":"Pâtes Nüdle Valfleuri A l'ancienne 10mm - 500g","p":2.97,"u":"5,94 €/KG","img":"https://fd3-photos.leclercdrive.fr/image.ashx?id=2896609&use=l&cat=p&typeid=i","cat":284427},{"id":33438,"n":"Amer Sommer 16%vol 1L","p":9.18,"u":"9,18 €/L","img":"https://fd3-photos.leclercdrive.fr/image.ashx?id=1651148&use=l&cat=p&typeid=i","cat":284913},{"id":33440,"n":"AOP Crémant d'Alsace rosé Brut - Wolfberger - 75cl","p":8.49,"u":"11,32 €/L","img":"https://fd3-photos.leclercdrive.fr/image.ashx?id=2556123&use=l&cat=p&typeid=i","cat":284545},{"id":33442,"n":"Cocktail fruits de mer Escal 900g","p":9.79,"u":"10,88 €/KG","img":"https://fd3-photos.leclercdrive.fr/image.ashx?id=2438609&use=l&cat=p&typeid=i","cat":319787},{"id":33498,"n":"Jus de pomme pétillant Champomy Gold Pomme Pêche - 75cl","p":2.97,"u":"3,96 €/L","img":"https://fd3-photos.leclercdrive.fr/image.ashx?id=2688629&use=l&cat=p&typeid=i","cat":289460},{"id":33499,"n":"Jus de pomme pétillant Champomy Pink Pomme Raisin - 75cl","p":2.97,"u":"3,96 €/L","img":"https://fd3-photos.leclercdrive.fr/image.ashx?id=2688638&use=l&cat=p&typeid=i","cat":289460},{"id":33551,"n":"Bloc de foie gras Dégustation Labeyrie 30% morceaux - 300g","p":27.24,"u":"90,80 €/KG","img":"https://fd3-photos.leclercdrive.fr/image.ashx?id=2770359&use=l&cat=p&typeid=i","cat":316008},{"id":33575,"n":"Pain d'épices Labeyrie Spécial foie gras - 150g","p":3.67,"u":"24,47 €/KG","img":"https://fd3-photos.leclercdrive.fr/image.ashx?id=2923501&use=l&cat=p&typeid=i","cat":316008},{"id":33577,"n":"Confit d'oignons Labeyrie 50g","p":1.17,"u":"23,40 €/KG","img":"https://fd3-photos.leclercdrive.fr/image.ashx?id=2923510&use=l&cat=p&typeid=i","cat":316008},{"id":33578,"n":"Confiture de figues Labeyrie 50g","p":1.57,"u":"31,40 €/KG","img":"https://fd3-photos.leclercdrive.fr/image.ashx?id=2247643&use=l&cat=p&typeid=i","cat":316008},{"id":33579,"n":"Fromage à tartiner Boursin Echalote ciboulette 10 portions","p":2.71,"u":"16,94 €/KG","img":"https://fd3-photos.leclercdrive.fr/image.ashx?id=2962056&use=l&cat=p&typeid=i","cat":314029},{"id":33582,"n":"Fromage à tartiner Boursin Poivre - 150g","p":2.37,"u":"15,80 €/KG","img":"https://fd3-photos.leclercdrive.fr/image.ashx?id=2962284&use=l&cat=p&typeid=i","cat":314029},{"id":33583,"n":"Dés de fromage salade Boursin Figue et 3 noix - 120g","p":2.25,"u":"18,75 €/KG","img":"https://fd3-photos.leclercdrive.fr/image.ashx?id=2865668&use=l&cat=p&typeid=i","cat":314027},{"id":33594,"n":"Cacahuètes  Benenuts Grillées salées - 220g","p":1.31,"u":"5,95 €/KG","img":"https://fd3-photos.leclercdrive.fr/image.ashx?id=2418762&use=l&cat=p&typeid=i","cat":284448},{"id":33595,"n":"Monster Munch Salé - 85g","p":0.99,"u":"11,65 €/KG","img":"https://fd3-photos.leclercdrive.fr/image.ashx?id=2971598&use=l&cat=p&typeid=i","cat":284449},{"id":33596,"n":"Monster Munch Jambon fromage - 85g","p":1.14,"u":"13,41 €/KG","img":"https://fd3-photos.leclercdrive.fr/image.ashx?id=2971604&use=l&cat=p&typeid=i","cat":284449},{"id":33599,"n":"Monster Munch Barbecue - 85g","p":1.07,"u":"12,59 €/KG","img":"https://fd3-photos.leclercdrive.fr/image.ashx?id=2917459&use=l&cat=p&typeid=i","cat":284449},{"id":33600,"n":"Monster Munch Ketchup - 85g","p":1.07,"u":"12,59 €/KG","img":"https://fd3-photos.leclercdrive.fr/image.ashx?id=2996932&use=l&cat=p&typeid=i","cat":284449},{"id":33667,"n":"Crème de cassis Auguste Mugniot 15%vol. - 70cl","p":4.89,"u":"6,99 €/L","img":"https://fd3-photos.leclercdrive.fr/image.ashx?id=1211501&use=l&cat=p&typeid=i","cat":286032},{"id":33680,"n":"Croquettes grands chiens Lydog Boeuf Volaille - 14.5kg","p":18.7,"u":"1,29 €/KG","img":"https://fd3-photos.leclercdrive.fr/image.ashx?id=2054975&use=l&cat=p&typeid=i","cat":284672},{"id":33697,"n":"Cuisses de poulet Maître Coq 1.4kg","p":4.33,"u":"3,09 €/KG","img":"https://fd3-photos.leclercdrive.fr/image.ashx?id=2551126&use=l&cat=p&typeid=i","cat":284336},{"id":33745,"n":"IGP Pays d'Oc rosé Cinsault  Syrah Ormes de Cambras - BIB 5L","p":15.5,"u":"3,10 €/L","img":"https://fd3-photos.leclercdrive.fr/image.ashx?id=2445118&use=l&cat=p&typeid=i","cat":289560},{"id":33749,"n":"IGP Terres du Midi Listel Vin rosé 12% vol - BIB 3L","p":12.97,"u":"4,32 €/L","img":"https://fd3-photos.leclercdrive.fr/image.ashx?id=2883468&use=l&cat=p&typeid=i","cat":289560},{"id":33773,"n":"Biscuits petit dej P'tit Déli  Multi céréales - 400g","p":1.84,"u":"4,60 €/KG","img":"https://fd3-photos.leclercdrive.fr/image.ashx?id=2999505&use=l&cat=p&typeid=i","cat":284491},{"id":33792,"n":"Crème mains bio Bio NaÏa Hydratante - 100ml","p":1.99,"u":"19,90 €/L","img":"https://fd3-photos.leclercdrive.fr/image.ashx?id=2558811&use=l&cat=p&typeid=i","cat":325354},{"id":33801,"n":"Crème protectrice - change Mots d'Enfants - 100ml","p":1.99,"u":"19,90 €/L","img":"https://fd3-photos.leclercdrive.fr/image.ashx?id=2320468&use=l&cat=p&typeid=i","cat":284741},{"id":33802,"n":"Lait Démaquillant bio Bio Naïa Visage 250ml","p":2.56,"u":"10,24 €/L","img":"https://fd3-photos.leclercdrive.fr/image.ashx?id=2399752&use=l&cat=p&typeid=i","cat":284603},{"id":33804,"n":"Déodorant Manava Douceur satin 200ml","p":1.44,"u":"7,20 €/L","img":"https://fd3-photos.leclercdrive.fr/image.ashx?id=2835202&use=l&cat=p&typeid=i","cat":284595},{"id":33805,"n":"Lingettes désinfectantes Clair Anti-bactériennes x40","p":1.05,"u":"0,03 €/P","img":"https://fd3-photos.leclercdrive.fr/image.ashx?id=2768095&use=l&cat=p&typeid=i","cat":325358},{"id":33816,"n":"Bâtonnets Dentastix Pedigree Moyen chien x56 - 1440g","p":13.97,"u":"9,98 €/KG","img":"https://fd3-photos.leclercdrive.fr/image.ashx?id=2980185&use=l&cat=p&typeid=i","cat":294527},{"id":33820,"n":"Friandises chat Catisfactions Saumon - 60g","p":1.11,"u":"18,50 €/KG","img":"https://fd3-photos.leclercdrive.fr/image.ashx?id=2912605&use=l&cat=p&typeid=i","cat":285285},{"id":33822,"n":"Pina Colada Jafaden  Cocktail sans alcool 1L","p":2.57,"u":"2,57 €/L","img":"https://fd3-photos.leclercdrive.fr/image.ashx?id=2956104&use=l&cat=p&typeid=i","cat":284549},{"id":33824,"n":"Pur jus multifruits Jafaden  Orange Carotte Banane - 1L","p":2.29,"u":"2,29 €/L","img":"https://fd3-photos.leclercdrive.fr/image.ashx?id=2841157&use=l&cat=p&typeid=i","cat":284917},{"id":33847,"n":"Pur jus multifruits Jafaden Orange Ananas Mangue - 1L","p":2.29,"u":"2,29 €/L","img":"https://fd3-photos.leclercdrive.fr/image.ashx?id=2841160&use=l&cat=p&typeid=i","cat":284917},{"id":33848,"n":"Pur jus multifruits Jafaden  Orange Clémentine Banane - 1L","p":2.35,"u":"2,35 €/L","img":"https://fd3-photos.leclercdrive.fr/image.ashx?id=2841163&use=l&cat=p&typeid=i","cat":284917},{"id":33849,"n":"Shampooing bio Bio naïa 250ml","p":1.8,"u":"7,20 €/L","img":"https://fd3-photos.leclercdrive.fr/image.ashx?id=2822117&use=l&cat=p&typeid=i","cat":284606},{"id":33850,"n":"Eponges multi-usage Mamison Vertes - X6","p":1.75,"u":"0,29 €/P","img":"https://fd3-photos.leclercdrive.fr/image.ashx?id=2175768&use=l&cat=p&typeid=i","cat":284667},{"id":33852,"n":"Cubes allume-feu Silex x72 cubes","p":3.05,"u":"0,04 €/P","img":"https://fd3-photos.leclercdrive.fr/image.ashx?id=1304486&use=l&cat=p&typeid=i","cat":300578},{"id":33882,"n":"Farfalle Bio Village Bio Au blé complet - 500g","p":1.95,"u":"3,90 €/KG","img":"https://fd3-photos.leclercdrive.fr/image.ashx?id=2625373&use=l&cat=p&typeid=i","cat":284427},{"id":33885,"n":"Olives noires  Rustica Dénoyautées - 180g","p":1.23,"u":"6,83 €/KG","img":"https://fd3-photos.leclercdrive.fr/image.ashx?id=1698893&use=l&cat=p&typeid=i","cat":284458},{"id":33887,"n":"Pains grillés complet Epi d'or 400g","p":1.57,"u":"3,93 €/KG","img":"https://fd3-photos.leclercdrive.fr/image.ashx?id=2555943&use=l&cat=p&typeid=i","cat":284479},{"id":33889,"n":"Pain précuit Epi d'or Petits pains x6 - 300g","p":0.99,"u":"3,30 €/KG","img":"https://fd3-photos.leclercdrive.fr/image.ashx?id=1905869&use=l&cat=p&typeid=i","cat":325069},{"id":33891,"n":"Paëlla royale Côté Table 300g","p":3.39,"u":"11,30 €/KG","img":"https://fd3-photos.leclercdrive.fr/image.ashx?id=2393872&use=l&cat=p&typeid=i","cat":284953},{"id":33892,"n":"Poule au riz Côté table 300g","p":2.31,"u":"7,70 €/KG","img":"https://fd3-photos.leclercdrive.fr/image.ashx?id=2393875&use=l&cat=p&typeid=i","cat":284953},{"id":33893,"n":"Penne Bio Village  Bio - 500g","p":0.89,"u":"1,78 €/KG","img":"https://fd3-photos.leclercdrive.fr/image.ashx?id=2625370&use=l&cat=p&typeid=i","cat":284427},{"id":33910,"n":"Biscuit Petit beurre P'tit Déli Chocolat noir pocket - 250g","p":2.39,"u":"9,56 €/KG","img":"https://fd3-photos.leclercdrive.fr/image.ashx?id=2919616&use=l&cat=p&typeid=i","cat":284488},{"id":33914,"n":"Tartines craquante  Sans Gluten - 2x125g","p":2.59,"u":"10,36 €/KG","img":"https://fd3-photos.leclercdrive.fr/image.ashx?id=2518550&use=l&cat=p&typeid=i","cat":318654},{"id":33915,"n":"Veau aux légumes Côté table Barquette 280g","p":2.29,"u":"8,18 €/KG","img":"https://fd3-photos.leclercdrive.fr/image.ashx?id=2476152&use=l&cat=p&typeid=i","cat":284953},{"id":33917,"n":"Thon entier Pêche Océan Huile d'olive - 160g","p":2.29,"u":"14,31 €/KG","img":"https://fd3-photos.leclercdrive.fr/image.ashx?id=2942199&use=l&cat=p&typeid=i","cat":303867},{"id":33918,"n":"Pâtes torsettes Turini Blé complet - 500g","p":0.99,"u":"1,98 €/KG","img":"https://fd3-photos.leclercdrive.fr/image.ashx?id=2607527&use=l&cat=p&typeid=i","cat":284427},{"id":33924,"n":"Betterave Notre Jardin Rouge entière - 250g","p":0.65,"u":"2,60 €/KG","img":"https://fd3-photos.leclercdrive.fr/image.ashx?id=2587106&use=l&cat=p&typeid=i","cat":284352},{"id":33988,"n":"Bloc WC Syphon Activ' Effect Marine x1","p":1.58,"img":"https://fd3-photos.leclercdrive.fr/image.ashx?id=2302690&use=l&cat=p&typeid=i","cat":284662},{"id":33992,"n":"Soda Coca-Cola Zéro Cherry  Bouteille - 1,25L","p":1.73,"u":"1,38 €/L","img":"https://fd3-photos.leclercdrive.fr/image.ashx?id=2678158&use=l&cat=p&typeid=i","cat":284530},{"id":34006,"n":"Boisson aux fruits Capri Sun Tropical - 10x20cl","p":3.4,"u":"1,70 €/L","img":"https://fd3-photos.leclercdrive.fr/image.ashx?id=2506399&use=l&cat=p&typeid=i","cat":295018},{"id":34007,"n":"Bâtonnets Dentastix Pedigree  Fresh Moyen chien x7 - 180g","p":2.54,"u":"14,11 €/KG","img":"https://fd3-photos.leclercdrive.fr/image.ashx?id=2850171&use=l&cat=p&typeid=i","cat":294527},{"id":34106,"n":"Dosettes café Plantation  Classique - x36 - 250g","p":3.72,"u":"14,88 €/KG","img":"https://fd3-photos.leclercdrive.fr/image.ashx?id=2622109&use=l&cat=p&typeid=i","cat":293238},{"id":34107,"n":"Dosettes café Plantation  Corsé - x36 - 250g","p":3.72,"u":"14,88 €/KG","img":"https://fd3-photos.leclercdrive.fr/image.ashx?id=2622112&use=l&cat=p&typeid=i","cat":293238},{"id":34175,"n":"Bouillon de boeuf Jardin Bio' Bio cube sans huile palme - x8","p":2.14,"u":"26,75 €/KG","img":"https://fd3-photos.leclercdrive.fr/image.ashx?id=2535532&use=l&cat=p&typeid=i","cat":288379},{"id":34176,"n":"Bouillon de légumes Jardin Bio' Bio cube sans huile palme x10","p":2.17,"u":"24,11 €/KG","img":"https://fd3-photos.leclercdrive.fr/image.ashx?id=2990844&use=l&cat=p&typeid=i","cat":288379},{"id":34177,"n":"Effilés aux legumes Purina One Poulet / Boeufs - 4x85g","p":2.35,"u":"6,91 €/KG","img":"https://fd3-photos.leclercdrive.fr/image.ashx?id=2467483&use=l&cat=p&typeid=i","cat":285286},{"id":34178,"n":"Sachet repas chats Purina One Viandes et Poissons - 4x85g","p":2.04,"u":"6,00 €/KG","img":"https://fd3-photos.leclercdrive.fr/image.ashx?id=2467486&use=l&cat=p&typeid=i","cat":285286},{"id":34184,"n":"Filets poulet blanc Maître Coq 600g","p":5.9,"u":"9,83 €/KG","img":"https://fd3-photos.leclercdrive.fr/image.ashx?id=2551156&use=l&cat=p&typeid=i","cat":284336},{"id":34186,"n":"Aiguillettes poulet Maitre coq Blanc - 450g","p":6.58,"u":"14,62 €/KG","img":"https://fd3-photos.leclercdrive.fr/image.ashx?id=2551162&use=l&cat=p&typeid=i","cat":284336},{"id":34188,"n":"Poulet Label Rouge Blanc  IGP Volailles du Maine 1,25kg","p":8.13,"u":"6,50 €/KG","img":"https://fd3-photos.leclercdrive.fr/image.ashx?id=2411746&use=l&cat=p&typeid=i","cat":284336},{"id":34189,"n":"Poulet Label Rouge Jaune  IGP Volailles du Maine  1,25kg","p":8.13,"u":"6,50 €/KG","img":"https://fd3-photos.leclercdrive.fr/image.ashx?id=2411749&use=l&cat=p&typeid=i","cat":284336},{"id":34196,"n":"Gratin Fleury Michon Choux-fleur jambon 280g","p":3.53,"u":"12,61 €/KG","img":"https://fd3-photos.leclercdrive.fr/image.ashx?id=3003293&use=l&cat=p&typeid=i","cat":333665},{"id":34199,"n":"Filet poulet jaune Douce France x2 - 300g","p":3.0,"u":"10,00 €/KG","img":"https://fd3-photos.leclercdrive.fr/image.ashx?id=2305326&use=l&cat=p&typeid=i","cat":284336},{"id":34203,"n":"Tortilla Tables du monde Nature 500g","p":2.89,"u":"5,78 €/KG","img":"https://fd3-photos.leclercdrive.fr/image.ashx?id=654051&use=l&cat=p&typeid=i","cat":333673},{"id":34204,"n":"Lait corps bio Bio naïa 250ml","p":3.53,"u":"14,12 €/L","img":"https://fd3-photos.leclercdrive.fr/image.ashx?id=2431131&use=l&cat=p&typeid=i","cat":325349},{"id":34216,"n":"Palette fumée 800g","p":12.77,"u":"15,96 €/KG","img":"https://fd3-photos.leclercdrive.fr/image.ashx?id=2109518&use=l&cat=p&typeid=i","cat":316009},{"id":34217,"n":"Granulés de bois Pellets DIN Plus 15kg","p":4.89,"u":"0,33 €/KG","img":"https://fd3-photos.leclercdrive.fr/image.ashx?id=714176&use=l&cat=p&typeid=i","cat":300577},{"id":34241,"n":"Manchons de poulet Côté Croc Barbecue - 250g","p":2.49,"u":"9,96 €/KG","img":"https://fd3-photos.leclercdrive.fr/image.ashx?id=2560482&use=l&cat=p&typeid=i","cat":333685},{"id":34248,"n":"Chocolats Schoko-bons Kinder 500g","p":10.08,"u":"20,16 €/KG","img":"https://fd3-photos.leclercdrive.fr/image.ashx?id=2323799&use=l&cat=p&typeid=i","cat":327592},{"id":34272,"n":"Le Viennois Nestlé Chocolat 12x100g + 4 offerts","p":3.89,"u":"2,43 €/KG","img":"https://fd3-photos.leclercdrive.fr/image.ashx?id=2182494&use=l&cat=p&typeid=i","cat":285042},{"id":34326,"n":"Dosettes café Plantation  Caramel - x10 - 70g","p":1.63,"u":"23,29 €/KG","img":"https://fd3-photos.leclercdrive.fr/image.ashx?id=2824277&use=l&cat=p&typeid=i","cat":293238},{"id":34327,"n":"Dosettes café Plantation Noisette - x10 - 70g","p":1.82,"u":"26,00 €/KG","img":"https://fd3-photos.leclercdrive.fr/image.ashx?id=2664578&use=l&cat=p&typeid=i","cat":293238},{"id":34331,"n":"Boisson à base de vin rosé Very Cerise - 75cl","p":3.08,"u":"4,11 €/L","img":"https://fd3-photos.leclercdrive.fr/image.ashx?id=2443877&use=l&cat=p&typeid=i","cat":304569},{"id":34334,"n":"Boisson à base de vin blanc  Very Pech'- Pêche - 75cl","p":2.61,"u":"3,48 €/L","img":"https://fd3-photos.leclercdrive.fr/image.ashx?id=2443874&use=l&cat=p&typeid=i","cat":304569},{"id":34340,"n":"AOP Crémant d'Alsace Wolfberger Brut - Chardonnay - 75cl","p":7.5,"u":"10,00 €/L","img":"https://fd3-photos.leclercdrive.fr/image.ashx?id=1619296&use=l&cat=p&typeid=i","cat":284544},{"id":34361,"n":"Préparation pain Tablier Blanc Farine pour pain nature - 1kg","p":1.35,"u":"1,35 €/KG","img":"https://fd3-photos.leclercdrive.fr/image.ashx?id=2832951&use=l&cat=p&typeid=i","cat":284503},{"id":34362,"n":"Préparation pain Tablier Blanc Farine pain aux céréales - 1kg","p":1.45,"u":"1,45 €/KG","img":"https://fd3-photos.leclercdrive.fr/image.ashx?id=2844836&use=l&cat=p&typeid=i","cat":284503},{"id":34406,"n":"Dosettes café Plantation  Décaféiné - x36 - 250g","p":3.99,"u":"15,96 €/KG","img":"https://fd3-photos.leclercdrive.fr/image.ashx?id=2824274&use=l&cat=p&typeid=i","cat":293238},{"id":34424,"n":"Cocktail assortiment Boehli 300g","p":1.85,"u":"6,17 €/KG","img":"https://fd3-photos.leclercdrive.fr/image.ashx?id=2485910&use=l&cat=p&typeid=i","cat":297000},{"id":34500,"n":"Dosettes café Plantation  Classique - x48 - 336g","p":4.95,"u":"14,73 €/KG","img":"https://fd3-photos.leclercdrive.fr/image.ashx?id=2824271&use=l&cat=p&typeid=i","cat":293238},{"id":34512,"n":"AOC Buzet vin rouge Terrasses d'Autan - BIB 3L","p":11.49,"u":"3,83 €/L","img":"https://fd3-photos.leclercdrive.fr/image.ashx?id=2804190&use=l&cat=p&typeid=i","cat":289560},{"id":34557,"n":"AOP Corbières rouge Castelmaure - 75cl","p":5.19,"u":"6,92 €/L","img":"https://fd3-photos.leclercdrive.fr/image.ashx?id=2679551&use=l&cat=p&typeid=i","cat":289556},{"id":34659,"n":"Mini chinois Epi d'Or Nature x6 - 300g","p":1.8,"u":"6,00 €/KG","img":"https://fd3-photos.leclercdrive.fr/image.ashx?id=2860739&use=l&cat=p&typeid=i","cat":296366},{"id":34660,"n":"Pruneaux d'Agen Couleurs Vives Dénoyautés - 250g","p":2.99,"u":"11,96 €/KG","img":"https://fd3-photos.leclercdrive.fr/image.ashx?id=2093129&use=l&cat=p&typeid=i","cat":284357},{"id":34672,"n":"Ail blanc Panier du Primeur A mijoter et à confire x3","p":2.99,"u":"1,00 €/P","img":"https://fd3-photos.leclercdrive.fr/image.ashx?id=2958720&use=l&cat=p&typeid=i","cat":284352},{"id":34679,"n":"Eponges grattantes Mamison Couleurs pop x2","p":1.38,"u":"0,69 €/P","img":"https://fd3-photos.leclercdrive.fr/image.ashx?id=2207724&use=l&cat=p&typeid=i","cat":284667},{"id":34684,"n":"Eponges grattantes Mamison Fibres naturelles X2","p":1.28,"u":"0,64 €/P","img":"https://fd3-photos.leclercdrive.fr/image.ashx?id=2387088&use=l&cat=p&typeid=i","cat":284667},{"id":34693,"n":"Briochettes pépites Epi d'Or Chocolat au lait x12 - 500g","p":2.44,"u":"4,88 €/KG","img":"https://fd3-photos.leclercdrive.fr/image.ashx?id=2867913&use=l&cat=p&typeid=i","cat":293505},{"id":34694,"n":"Briochettes pépites Epi d'Or Chocolat - x12 500g","p":2.79,"u":"5,58 €/KG","img":"https://fd3-photos.leclercdrive.fr/image.ashx?id=2867910&use=l&cat=p&typeid=i","cat":293505},{"id":34718,"n":"Épinards à cuire Panier Primeur 400g","p":1.99,"u":"4,98 €/KG","img":"https://fd3-photos.leclercdrive.fr/image.ashx?id=2635538&use=l&cat=p&typeid=i","cat":284353},{"id":34763,"n":"Huile Cheveux Elsève Sublimateur Cheveu sec - 100ml","p":11.05,"u":"110,50 €/L","img":"https://fd3-photos.leclercdrive.fr/image.ashx?id=2870671&use=l&cat=p&typeid=i","cat":284608},{"id":34813,"n":"Thé Britley Citron - x25 - 40g","p":0.88,"u":"22,00 €/KG","img":"https://fd3-photos.leclercdrive.fr/image.ashx?id=2897784&use=l&cat=p&typeid=i","cat":293233},{"id":34845,"n":"IGP Vinaigre balsamique Maille 50cl","p":3.28,"u":"6,56 €/L","img":"https://fd3-photos.leclercdrive.fr/image.ashx?id=2866178&use=l&cat=p&typeid=i","cat":298543},{"id":34851,"n":"Rillettes Tradilège poulet rôti 400g Format familial","p":3.35,"u":"8,38 €/KG","img":"https://fd3-photos.leclercdrive.fr/image.ashx?id=2930927&use=l&cat=p&typeid=i","cat":316008},{"id":34908,"n":"Fromage frais Petit Yoplait Nature 3.8%MG - 6x60g","p":1.37,"u":"3,81 €/KG","img":"https://fd3-photos.leclercdrive.fr/image.ashx?id=2811026&use=l&cat=p&typeid=i","cat":284409},{"id":34915,"n":"Fromage frais Petit Yoplait Nature 3.8%MG - 12x60g","p":1.91,"u":"2,65 €/KG","img":"https://fd3-photos.leclercdrive.fr/image.ashx?id=2811029&use=l&cat=p&typeid=i","cat":284409},{"id":34919,"n":"Fromage frais Petit Yoplait Nature 0%MG - 12x60g","p":2.34,"u":"3,25 €/KG","img":"https://fd3-photos.leclercdrive.fr/image.ashx?id=2811023&use=l&cat=p&typeid=i","cat":315000},{"id":34943,"n":"Blanc de poulet Fleury Michon rôti à la broche x4 - 120g","p":1.57,"u":"13,08 €/KG","img":"https://fd3-photos.leclercdrive.fr/image.ashx?id=2977288&use=l&cat=p&typeid=i","cat":316010},{"id":34952,"n":"Ratatouille à la Provençale NRT 650g","p":3.3,"u":"5,08 €/KG","img":"https://fd3-photos.leclercdrive.fr/image.ashx?id=2771390&use=l&cat=p&typeid=i","cat":312612},{"id":34957,"n":"Vin mousseux Paul Bur Brut 75cl","p":3.29,"u":"4,39 €/L","img":"https://fd3-photos.leclercdrive.fr/image.ashx?id=2101450&use=l&cat=p&typeid=i","cat":284544},{"id":34958,"n":"Vin mousseux Paul Bur Demi-sec - 75cl","p":3.17,"u":"4,23 €/L","img":"https://fd3-photos.leclercdrive.fr/image.ashx?id=2020158&use=l&cat=p&typeid=i","cat":284544},{"id":34973,"n":"Bière Trois Monts Grande réserve 9.5%vol. - 75cl","p":2.74,"u":"3,65 €/L","img":"https://fd3-photos.leclercdrive.fr/image.ashx?id=2548376&use=l&cat=p&typeid=i","cat":334852},{"id":34975,"n":"Bière Cuvée des Trolls Blonde - 7.5%vol. - 75cl","p":4.49,"u":"5,99 €/L","img":"https://fd3-photos.leclercdrive.fr/image.ashx?id=2611083&use=l&cat=p&typeid=i","cat":334872},{"id":34982,"n":"Bûche chèvre Soignon 200g","p":2.23,"u":"11,15 €/KG","img":"https://fd3-photos.leclercdrive.fr/image.ashx?id=2995325&use=l&cat=p&typeid=i","cat":314031},{"id":34999,"n":"Nuggets Croustillant Père Dodu  Poulet x10 - 200g","p":2.33,"u":"11,65 €/KG","img":"https://fd3-photos.leclercdrive.fr/image.ashx?id=2956975&use=l&cat=p&typeid=i","cat":333684},{"id":35006,"n":"Aiguillettes canard Volandrie 210g","p":4.85,"u":"23,10 €/KG","img":"https://fd3-photos.leclercdrive.fr/image.ashx?id=2358351&use=l&cat=p&typeid=i","cat":284339},{"id":35008,"n":"Céréales Special K Kellogg's Nature - 750g","p":4.63,"u":"6,17 €/KG","img":"https://fd3-photos.leclercdrive.fr/image.ashx?id=2586288&use=l&cat=p&typeid=i","cat":309512},{"id":35010,"n":"Mélange safran Ducros 14 doses -  8.4g","p":2.37,"u":"296,25 €/KG","img":"https://fd3-photos.leclercdrive.fr/image.ashx?id=2486590&use=l&cat=p&typeid=i","cat":298297},{"id":35018,"n":"Bouillon de poule Jardin Bio' Bio cube sans huile palme - x8","p":1.84,"u":"23,00 €/KG","img":"https://fd3-photos.leclercdrive.fr/image.ashx?id=2535004&use=l&cat=p&typeid=i","cat":288379},{"id":35022,"n":"Cordon bleu Le Gaulois Dinde x4 - 400g","p":4.01,"u":"10,03 €/KG","img":"https://fd3-photos.leclercdrive.fr/image.ashx?id=2860226&use=l&cat=p&typeid=i","cat":333683},{"id":35025,"n":"Infusion bio Jardin Bio' Verveine citronée x20 28g","p":2.22,"u":"79,29 €/KG","img":"https://fd3-photos.leclercdrive.fr/image.ashx?id=2985312&use=l&cat=p&typeid=i","cat":293234},{"id":35026,"n":"Concentré de tomate Jardin Bio Bio Double concentré - 200g","p":1.73,"u":"8,65 €/KG","img":"https://fd3-photos.leclercdrive.fr/image.ashx?id=2535469&use=l&cat=p&typeid=i","cat":288384},{"id":35027,"n":"Dessert fruitier bio Jardin Bio Pomme poire 680g","p":2.66,"u":"3,91 €/KG","img":"https://fd3-photos.leclercdrive.fr/image.ashx?id=2939877&use=l&cat=p&typeid=i","cat":284508},{"id":35031,"n":"Batonnets Fritelle Lay's Goût nature - 80g","p":0.73,"u":"9,13 €/KG","img":"https://fd3-photos.leclercdrive.fr/image.ashx?id=2140635&use=l&cat=p&typeid=i","cat":284449},{"id":35034,"n":"Eau minérale gazeuse Perrier  Canettes - 6x33cl","p":2.79,"u":"1,41 €/L","img":"https://fd3-photos.leclercdrive.fr/image.ashx?id=2672554&use=l&cat=p&typeid=i","cat":284536},{"id":35039,"n":"Dosettes café Plantation Corsé - x48 - 336g","p":4.95,"u":"14,73 €/KG","img":"https://fd3-photos.leclercdrive.fr/image.ashx?id=2622115&use=l&cat=p&typeid=i","cat":293238},{"id":35062,"n":"IGP Cancoillotte nature La Belle Etoile - 500g","p":5.03,"u":"10,06 €/KG","img":"https://fd3-photos.leclercdrive.fr/image.ashx?id=2601058&use=l&cat=p&typeid=i","cat":314037},{"id":35063,"n":"IGP Cancoillotte ail La Belle Etoile  - 500g","p":5.03,"u":"10,06 €/KG","img":"https://fd3-photos.leclercdrive.fr/image.ashx?id=2555454&use=l&cat=p&typeid=i","cat":314037},{"id":35089,"n":"Chips extra craquantes Vico Nature - 270g","p":2.4,"u":"8,89 €/KG","img":"https://fd3-photos.leclercdrive.fr/image.ashx?id=2917807&use=l&cat=p&typeid=i","cat":284447},{"id":35108,"n":"Bière blonde Affligem 6,7%vol. - 12x25cl","p":9.28,"u":"3,09 €/L","img":"https://fd3-photos.leclercdrive.fr/image.ashx?id=2639405&use=l&cat=p&typeid=i","cat":334852},{"id":35117,"n":"Riste d'aubergines provençale NRT - 650g","p":3.99,"u":"6,14 €/KG","img":"https://fd3-photos.leclercdrive.fr/image.ashx?id=2771387&use=l&cat=p&typeid=i","cat":284441},{"id":35138,"n":"Yaourt SMARTIES Vanille bonbons chocolat 4x120g","p":2.7,"u":"5,63 €/KG","img":"https://fd3-photos.leclercdrive.fr/image.ashx?id=2571038&use=l&cat=p&typeid=i","cat":284414},{"id":35146,"n":"Fromages râpé spécial Pizza  Les Croisés - 125g","p":1.62,"u":"12,96 €/KG","img":"https://fd3-photos.leclercdrive.fr/image.ashx?id=2946175&use=l&cat=p&typeid=i","cat":314035},{"id":35147,"n":"Fromage Cheddar Burger Les Croisés 20 Tranches - 340g","p":1.99,"u":"5,85 €/KG","img":"https://fd3-photos.leclercdrive.fr/image.ashx?id=2946844&use=l&cat=p&typeid=i","cat":314028},{"id":35148,"n":"Fromage Emmental Croque Les Croisés 20 Tranches - 340g","p":2.01,"u":"5,91 €/KG","img":"https://fd3-photos.leclercdrive.fr/image.ashx?id=2946850&use=l&cat=p&typeid=i","cat":314028},{"id":35155,"n":"Tablette de chocolat noir Lindt Fleur de sel - 100g","p":2.42,"u":"24,20 €/KG","img":"https://fd3-photos.leclercdrive.fr/image.ashx?id=2681595&use=l&cat=p&typeid=i","cat":284956},{"id":35159,"n":"Croco Haribo Sachet bonbons - 280g","p":1.27,"u":"4,54 €/KG","img":"https://fd3-photos.leclercdrive.fr/image.ashx?id=2446467&use=l&cat=p&typeid=i","cat":304250},{"id":35160,"n":"Croissants Pasquier x16 - 640g","p":3.73,"u":"5,83 €/KG","img":"https://fd3-photos.leclercdrive.fr/image.ashx?id=2853056&use=l&cat=p&typeid=i","cat":296366},{"id":35165,"n":"Bière aromatisée Skoll 6° - 6x33cl","p":7.53,"u":"3,80 €/L","img":"https://fd3-photos.leclercdrive.fr/image.ashx?id=2803559&use=l&cat=p&typeid=i","cat":334878},{"id":35173,"n":"Joker Le Fruit Jus multifruits  1,5L","p":2.78,"u":"1,85 €/L","img":"https://fd3-photos.leclercdrive.fr/image.ashx?id=2785727&use=l&cat=p&typeid=i","cat":284917},{"id":35174,"n":"Jus d'orange Joker Le Fruit 1,5L","p":3.56,"u":"2,37 €/L","img":"https://fd3-photos.leclercdrive.fr/image.ashx?id=2785733&use=l&cat=p&typeid=i","cat":284521},{"id":35183,"n":"Boisson énergisante Monster Original Canette - 4x50cl","p":5.33,"u":"2,67 €/L","img":"https://fd3-photos.leclercdrive.fr/image.ashx?id=2210242&use=l&cat=p&typeid=i","cat":284533},{"id":35185,"n":"Eau aromatisée Volvic Juicy Citronnade - 1,5L","p":1.53,"u":"1,02 €/L","img":"https://fd3-photos.leclercdrive.fr/image.ashx?id=3011008&use=l&cat=p&typeid=i","cat":284537},{"id":35225,"n":"Rillettes Hénaff Pur porc - 3x78g","p":3.02,"u":"12,91 €/KG","img":"https://fd3-photos.leclercdrive.fr/image.ashx?id=2660856&use=l&cat=p&typeid=i","cat":305149},{"id":35274,"n":"Cervelas Supérieur Herta 200g","p":1.44,"u":"7,20 €/KG","img":"https://fd3-photos.leclercdrive.fr/image.ashx?id=2310281&use=l&cat=p&typeid=i","cat":316012},{"id":35290,"n":"Blanc de dinde Tradilège 8 tranches 320g","p":3.45,"u":"10,78 €/KG","img":"https://fd3-photos.leclercdrive.fr/image.ashx?id=3013666&use=l&cat=p&typeid=i","cat":316010},{"id":35300,"n":"Jambon supérieur Tradilège À l'étouffée 6 tranches - 240g","p":2.92,"u":"12,17 €/KG","img":"https://fd3-photos.leclercdrive.fr/image.ashx?id=2991521&use=l&cat=p&typeid=i","cat":316009},{"id":35305,"n":"Soupe rouge de la mer Marie Amelie - 780g","p":7.21,"u":"9,24 €/KG","img":"https://fd3-photos.leclercdrive.fr/image.ashx?id=2467297&use=l&cat=p&typeid=i","cat":287366},{"id":35308,"n":"Beurre Tendre Elle&Vire Demi-Sel - 80% MG - 250g","p":2.92,"u":"11,68 €/KG","img":"https://fd3-photos.leclercdrive.fr/image.ashx?id=2604773&use=l&cat=p&typeid=i","cat":284379},{"id":35309,"n":"Beurre Tendre Elle&Vire Doux - 82% MG - 250g","p":2.9,"u":"11,60 €/KG","img":"https://fd3-photos.leclercdrive.fr/image.ashx?id=2765629&use=l&cat=p&typeid=i","cat":284379},{"id":35333,"n":"Bain de bouche Sanogyl Multi Protection - 500ml","p":3.24,"u":"6,48 €/L","img":"https://fd3-photos.leclercdrive.fr/image.ashx?id=2638256&use=l&cat=p&typeid=i","cat":284613},{"id":35359,"n":"Cire cheveux Taft  Effet brillance - 75 ml","p":3.37,"u":"44,93 €/L","img":"https://fd3-photos.leclercdrive.fr/image.ashx?id=2897928&use=l&cat=p&typeid=i","cat":284609},{"id":35398,"n":"Eau Micellaire Garnier Peaux Sensibles - 400ml","p":2.83,"u":"7,08 €/L","img":"https://fd3-photos.leclercdrive.fr/image.ashx?id=2926593&use=l&cat=p&typeid=i","cat":284603},{"id":35417,"n":"Lingettes Demak'Up Peaux normales - x25","p":2.68,"img":"https://fd3-photos.leclercdrive.fr/image.ashx?id=2981337&use=l&cat=p&typeid=i","cat":284603},{"id":35418,"n":"Lingettes Demak'Up Peaux sensibles - x25","p":2.52,"u":"0,10 €/P","img":"https://fd3-photos.leclercdrive.fr/image.ashx?id=2981340&use=l&cat=p&typeid=i","cat":284603},{"id":35433,"n":"Tampons Doulys Compact Super plus - x20","p":2.6,"u":"0,13 €/P","img":"https://fd3-photos.leclercdrive.fr/image.ashx?id=2965512&use=l&cat=p&typeid=i","cat":284626},{"id":35450,"n":"Recharge Savon Mains Dettol Aloe Vera Hydratant 250ml","p":2.77,"u":"11,08 €/L","img":"https://fd3-photos.leclercdrive.fr/image.ashx?id=2879134&use=l&cat=p&typeid=i","cat":284597},{"id":35479,"n":"Déodorant Bille Femme Nivea Black&White Original - 50ml","p":2.08,"u":"41,60 €/L","img":"https://fd3-photos.leclercdrive.fr/image.ashx?id=2985471&use=l&cat=p&typeid=i","cat":284595},{"id":35503,"n":"Gel à raser Williams Peaux sensibles 200ml","p":2.73,"u":"13,65 €/L","img":"https://fd3-photos.leclercdrive.fr/image.ashx?id=1966625&use=l&cat=p&typeid=i","cat":284617},{"id":35530,"n":"Mouchoirs en papier Lotus Boîte x1 - 80 mouchoirs","p":1.56,"u":"0,02 €/P","img":"https://fd3-photos.leclercdrive.fr/image.ashx?id=2867368&use=l&cat=p&typeid=i","cat":284638},{"id":35537,"n":"Recharge savon mains Palmolive Antibactérien -  250ml","p":0.61,"u":"2,44 €/L","img":"https://fd3-photos.leclercdrive.fr/image.ashx?id=2833180&use=l&cat=p&typeid=i","cat":284597},{"id":35646,"n":"Bière blonde Falsbourg Canette - 4.2%vol. - 50cl","p":0.69,"u":"1,38 €/L","img":"https://fd3-photos.leclercdrive.fr/image.ashx?id=2637904&use=l&cat=p&typeid=i","cat":334853},{"id":35648,"n":"Boudin blanc Tradilège Aux morilles x3 - 375g","p":2.99,"u":"7,97 €/KG","img":"https://fd3-photos.leclercdrive.fr/image.ashx?id=3002839&use=l&cat=p&typeid=i","cat":316012},{"id":35716,"n":"Gourdes Goûters lactés Délisse Vanille - 4x85g","p":1.81,"u":"5,32 €/KG","img":"https://fd3-photos.leclercdrive.fr/image.ashx?id=2681427&use=l&cat=p&typeid=i","cat":284506},{"id":35720,"n":"Barquette chat Sheba Poissons en terrine - 12x85g","p":6.0,"u":"5,88 €/KG","img":"https://fd3-photos.leclercdrive.fr/image.ashx?id=2759637&use=l&cat=p&typeid=i","cat":285286},{"id":35723,"n":"Liqueur Curaçao bleu Giffard 25%vol. - 50cl","p":8.19,"pp":7.37,"u":"14,74 €/L","img":"https://fd3-photos.leclercdrive.fr/image.ashx?id=1650446&use=l&cat=p&typeid=i","cat":286032},{"id":35728,"n":"Spécialité au soja Nat & Vie Framboise-passion 4x100g","p":1.42,"u":"3,55 €/KG","img":"https://fd3-photos.leclercdrive.fr/image.ashx?id=2901455&use=l&cat=p&typeid=i","cat":316071},{"id":35729,"n":"Tiramisu Délisse Au café - 4x80g","p":2.49,"u":"7,78 €/KG","img":"https://fd3-photos.leclercdrive.fr/image.ashx?id=2694103&use=l&cat=p&typeid=i","cat":284419},{"id":35730,"n":"Crème dessert Délisse Vanille Billes 3 chocolats 4x117g","p":2.15,"u":"4,59 €/KG","img":"https://fd3-photos.leclercdrive.fr/image.ashx?id=2965503&use=l&cat=p&typeid=i","cat":285041},{"id":35760,"n":"Céréales Miel Pops Kellogg's 620g","p":3.43,"u":"5,53 €/KG","img":"https://fd3-photos.leclercdrive.fr/image.ashx?id=2596952&use=l&cat=p&typeid=i","cat":309513},{"id":35761,"n":"Céréales Frosties Kellogg's 620g","p":3.4,"u":"5,48 €/KG","img":"https://fd3-photos.leclercdrive.fr/image.ashx?id=2589768&use=l&cat=p&typeid=i","cat":309513},{"id":35785,"n":"Bière belge Rince Cochon Fruits rouges - 7.5%vol. - 50cl","p":1.97,"u":"3,94 €/L","img":"https://fd3-photos.leclercdrive.fr/image.ashx?id=1741472&use=l&cat=p&typeid=i","cat":334853},{"id":35788,"n":"Café Soluble Nescafé 200g","p":6.17,"u":"30,85 €/KG","img":"https://fd3-photos.leclercdrive.fr/image.ashx?id=2810627&use=l&cat=p&typeid=i","cat":284843},{"id":35790,"n":"Nettoyant ménager Uni Vert Multi-surfaces 1L","p":1.53,"u":"1,53 €/L","img":"https://fd3-photos.leclercdrive.fr/image.ashx?id=2520837&use=l&cat=p&typeid=i","cat":284907},{"id":35791,"n":"Flammekueche d'Alsace NRT 600g","p":4.35,"u":"7,25 €/KG","img":"https://fd3-photos.leclercdrive.fr/image.ashx?id=2743894&use=l&cat=p&typeid=i","cat":333680},{"id":35794,"n":"Biscuits Choco suprême Milka Chocolat - 300g","p":3.87,"u":"12,90 €/KG","img":"https://fd3-photos.leclercdrive.fr/image.ashx?id=2121232&use=l&cat=p&typeid=i","cat":284495},{"id":35811,"n":"Barquette chat Sheba  Boucher en terrine - 12x85g","p":6.41,"u":"6,28 €/KG","img":"https://fd3-photos.leclercdrive.fr/image.ashx?id=2759634&use=l&cat=p&typeid=i","cat":285286},{"id":35815,"n":"Matière grasse St Hubert  Omega 3 - 52% MG - 255g","p":2.09,"u":"8,20 €/KG","img":"https://fd3-photos.leclercdrive.fr/image.ashx?id=2734093&use=l&cat=p&typeid=i","cat":315229},{"id":35816,"n":"Matière grasse St Hubert Omega3 52% MG - demi-sel - 255g","p":2.13,"u":"8,35 €/KG","img":"https://fd3-photos.leclercdrive.fr/image.ashx?id=2734096&use=l&cat=p&typeid=i","cat":315229},{"id":35820,"n":"Liquide pour cuisson Rustica végétal - 500ml","p":2.09,"u":"4,18 €/L","img":"https://fd3-photos.leclercdrive.fr/image.ashx?id=2903950&use=l&cat=p&typeid=i","cat":315229},{"id":35825,"n":"Fromage Pavé d'Affinois Original - 200g","p":2.75,"u":"13,75 €/KG","img":"https://fd3-photos.leclercdrive.fr/image.ashx?id=3002078&use=l&cat=p&typeid=i","cat":314033},{"id":35833,"n":"Yaourt La Laitière Citron - 4x125g","p":2.15,"u":"4,30 €/KG","img":"https://fd3-photos.leclercdrive.fr/image.ashx?id=2904065&use=l&cat=p&typeid=i","cat":286006},{"id":35848,"n":"Yaourt à boire Délisse Fraise - 850g","p":1.49,"u":"1,75 €/P","img":"https://fd3-photos.leclercdrive.fr/image.ashx?id=2796529&use=l&cat=p&typeid=i","cat":284415},{"id":35850,"n":"Jambon fumé Tradilège Avec couenne -4 tranches - 160g","p":2.49,"u":"15,56 €/KG","img":"https://fd3-photos.leclercdrive.fr/image.ashx?id=2448327&use=l&cat=p&typeid=i","cat":316009},{"id":35906,"n":"Gourdes Goûters lactés Délisse Chocolat - 4x85g","p":1.75,"u":"5,15 €/KG","img":"https://fd3-photos.leclercdrive.fr/image.ashx?id=2681424&use=l&cat=p&typeid=i","cat":284506},{"id":35907,"n":"Cassoulet mitonné   William Saurin - 840g","p":3.13,"u":"3,73 €/KG","img":"https://fd3-photos.leclercdrive.fr/image.ashx?id=2890148&use=l&cat=p&typeid=i","cat":284440},{"id":35909,"n":"Test de grossesse Medicaid 1 pièce","p":0.89,"img":"https://fd3-photos.leclercdrive.fr/image.ashx?id=2432758&use=l&cat=p&typeid=i","cat":324482},{"id":35918,"n":"Jus de pomme Jafaden A base de concentré - 6x20cl","p":1.32,"u":"1,10 €/L","img":"https://fd3-photos.leclercdrive.fr/image.ashx?id=2949185&use=l&cat=p&typeid=i","cat":284524},{"id":35919,"n":"Jus de raisin Jafaden Briquettes - 6x20cl","p":2.46,"u":"2,05 €/L","img":"https://fd3-photos.leclercdrive.fr/image.ashx?id=2989935&use=l&cat=p&typeid=i","cat":284915},{"id":35921,"n":"Pur jus de pomme Jafaden 1,5L","p":1.48,"u":"0,99 €/L","img":"https://fd3-photos.leclercdrive.fr/image.ashx?id=1936641&use=l&cat=p&typeid=i","cat":284522},{"id":35954,"n":"AOC Buzet vin rosé Terrasses d'Autan - BIB 3L","p":12.99,"u":"4,33 €/L","img":"https://fd3-photos.leclercdrive.fr/image.ashx?id=2202410&use=l&cat=p&typeid=i","cat":289560},{"id":35979,"n":"Gaufrettes amusantes Nord NRT 175g","p":2.45,"u":"14,00 €/KG","img":"https://fd3-photos.leclercdrive.fr/image.ashx?id=724000&use=l&cat=p&typeid=i","cat":284487},{"id":35990,"n":"Effervescent d'Artigny Grand classic rose - 75cl","p":3.59,"u":"4,79 €/L","img":"https://fd3-photos.leclercdrive.fr/image.ashx?id=2854402&use=l&cat=p&typeid=i","cat":289460},{"id":35995,"n":"Lait de toilette Mots d'Enfants Bio - 250ml","p":2.35,"u":"9,40 €/L","img":"https://fd3-photos.leclercdrive.fr/image.ashx?id=2485080&use=l&cat=p&typeid=i","cat":284741},{"id":36009,"n":"Bâtonnets Trium Vanille Amandes x4 - 314g","p":2.05,"u":"6,53 €/KG","img":"https://fd3-photos.leclercdrive.fr/image.ashx?id=2931775&use=l&cat=p&typeid=i","cat":284265},{"id":36010,"n":"Bâtonnets Trium Vanille chocolat blanc x4 -308g","p":2.59,"u":"8,41 €/KG","img":"https://fd3-photos.leclercdrive.fr/image.ashx?id=1914951&use=l&cat=p&typeid=i","cat":284265},{"id":36038,"n":"Eau de source de Montagne 1,5L","p":0.32,"u":"0,21 €/L","img":"https://fd3-photos.leclercdrive.fr/image.ashx?id=2618226&use=l&cat=p&typeid=i","cat":284535},{"id":36039,"n":"Crème légère fluide UHT Délisse 12%mg - 3x20cl","p":1.84,"u":"3,07 €/L","img":"https://fd3-photos.leclercdrive.fr/image.ashx?id=2905904&use=l&cat=p&typeid=i","cat":284381},{"id":36040,"n":"Spécialité laitière UHT Délisse Semi-épaisse 4%mg - 3x20cl","p":2.21,"u":"3,68 €/L","img":"https://fd3-photos.leclercdrive.fr/image.ashx?id=3002599&use=l&cat=p&typeid=i","cat":284381},{"id":36115,"n":"Carré fondant Rians Au chocolat - 2x110g","p":2.62,"u":"11,91 €/KG","img":"https://fd3-photos.leclercdrive.fr/image.ashx?id=2495701&use=l&cat=p&typeid=i","cat":284419},{"id":36124,"n":"Haricots blancs Notre Jardin - 500g","p":1.03,"u":"2,06 €/KG","img":"https://fd3-photos.leclercdrive.fr/image.ashx?id=2988072&use=l&cat=p&typeid=i","cat":312606},{"id":36125,"n":"Haricots blancs Notre Jardin 250g","p":0.85,"u":"3,40 €/KG","img":"https://fd3-photos.leclercdrive.fr/image.ashx?id=3002602&use=l&cat=p&typeid=i","cat":312606},{"id":36191,"n":"Allumettes fumées Tradilège VPF 2x75g","p":1.59,"u":"10,60 €/KG","img":"https://fd3-photos.leclercdrive.fr/image.ashx?id=2943680&use=l&cat=p&typeid=i","cat":316011},{"id":36194,"n":"Dés de jambon Tradilège Maxi format 2x125g","p":2.47,"u":"9,88 €/KG","img":"https://fd3-photos.leclercdrive.fr/image.ashx?id=2970465&use=l&cat=p&typeid=i","cat":316011},{"id":36198,"n":"Lardons supérieurs Tradilège Fumés maxi format 2x200g","p":3.39,"u":"8,48 €/KG","img":"https://fd3-photos.leclercdrive.fr/image.ashx?id=2921381&use=l&cat=p&typeid=i","cat":316011},{"id":36200,"n":"Coton Démaquillant Eco+ Prédécoupé - 200g","p":1.57,"u":"7,85 €/KG","img":"https://fd3-photos.leclercdrive.fr/image.ashx?id=2724535&use=l&cat=p&typeid=i","cat":285593},{"id":36201,"n":"Crème hydratante Eco+ Visage et corps - 250ml","p":1.59,"u":"6,36 €/L","img":"https://fd3-photos.leclercdrive.fr/image.ashx?id=2487410&use=l&cat=p&typeid=i","cat":325350},{"id":36202,"n":"Recharge crème lavante Eco+ Amande miel - 750ml","p":1.11,"u":"1,48 €/L","img":"https://fd3-photos.leclercdrive.fr/image.ashx?id=2933295&use=l&cat=p&typeid=i","cat":284597},{"id":36203,"n":"Gel douche Eco+ Peaux sensibles - 500ml","p":0.99,"u":"1,98 €/L","img":"https://fd3-photos.leclercdrive.fr/image.ashx?id=2174660&use=l&cat=p&typeid=i","cat":284594},{"id":36204,"n":"Crème lavante Eco+ Amande miel 750ml","p":1.33,"u":"1,77 €/L","img":"https://fd3-photos.leclercdrive.fr/image.ashx?id=2931938&use=l&cat=p&typeid=i","cat":284597},{"id":36205,"n":"Recharge crème lavante Eco+ Fleuri - 750ml","p":1.11,"u":"1,48 €/L","img":"https://fd3-photos.leclercdrive.fr/image.ashx?id=2920903&use=l&cat=p&typeid=i","cat":284597},{"id":36206,"n":"Mousse à raser hydratante Eco+ Peaux normales - 300ml","p":0.85,"u":"2,83 €/L","img":"https://fd3-photos.leclercdrive.fr/image.ashx?id=2952382&use=l&cat=p&typeid=i","cat":284617},{"id":36268,"n":"Soufflés ExtraTerrestres Tokapi Jambon fromage - 80g","p":0.84,"u":"10,50 €/KG","img":"https://fd3-photos.leclercdrive.fr/image.ashx?id=2922929&use=l&cat=p&typeid=i","cat":284449},{"id":36269,"n":"Soufflés ExtraTerrestres Tokapi Ketchup - 80g","p":0.8,"u":"10,00 €/KG","img":"https://fd3-photos.leclercdrive.fr/image.ashx?id=1915578&use=l&cat=p&typeid=i","cat":284449},{"id":36270,"n":"Soufflés ExtraTerrestres Tokapi Salé - 80g","p":0.79,"u":"9,88 €/KG","img":"https://fd3-photos.leclercdrive.fr/image.ashx?id=1932960&use=l&cat=p&typeid=i","cat":284449},{"id":36308,"n":"Shampooing Nateïs Camomille abricot - 250ml","p":1.39,"u":"5,56 €/L","img":"https://fd3-photos.leclercdrive.fr/image.ashx?id=2626790&use=l&cat=p&typeid=i","cat":284606},{"id":36309,"n":"Shampooing Nateïs Cranberry Huile de jojoba 250ml","p":1.4,"u":"5,60 €/L","img":"https://fd3-photos.leclercdrive.fr/image.ashx?id=2358700&use=l&cat=p&typeid=i","cat":284606},{"id":36310,"n":"Shampooing Nateïs Argile Pamplemousse - 250ml","p":1.39,"u":"5,56 €/L","img":"https://fd3-photos.leclercdrive.fr/image.ashx?id=2358697&use=l&cat=p&typeid=i","cat":284606},{"id":36311,"n":"Shampooing Nateïs Huile d'argan - 250ml","p":1.29,"u":"5,16 €/L","img":"https://fd3-photos.leclercdrive.fr/image.ashx?id=2652906&use=l&cat=p&typeid=i","cat":284606},{"id":36312,"n":"Shampooing Nateïs Henné / Cassis - 250ml","p":1.57,"u":"6,28 €/L","img":"https://fd3-photos.leclercdrive.fr/image.ashx?id=2652903&use=l&cat=p&typeid=i","cat":284606},{"id":36313,"n":"Shampooing extra-doux Nateïs Karité / Huile d'avocat - 250ml","p":1.39,"u":"5,56 €/L","img":"https://fd3-photos.leclercdrive.fr/image.ashx?id=2345559&use=l&cat=p&typeid=i","cat":284606},{"id":36314,"n":"Shampooing Nateïs Fleur de tilleul pomme verte - 250ml","p":1.27,"u":"5,08 €/L","img":"https://fd3-photos.leclercdrive.fr/image.ashx?id=2369645&use=l&cat=p&typeid=i","cat":284606},{"id":36317,"n":"Dessert fruitier pomme Douceur Verger s/sucre 8x100g","p":1.99,"u":"2,49 €/KG","img":"https://fd3-photos.leclercdrive.fr/image.ashx?id=1957093&use=l&cat=p&typeid=i","cat":284416},{"id":36346,"n":"Rondelé au Bleu d'Aveyron 125g","p":1.82,"u":"14,56 €/KG","img":"https://fd3-photos.leclercdrive.fr/image.ashx?id=2877751&use=l&cat=p&typeid=i","cat":314029},{"id":36347,"n":"Rondelé aux Noix 125g","p":1.65,"u":"13,20 €/KG","img":"https://fd3-photos.leclercdrive.fr/image.ashx?id=2967732&use=l&cat=p&typeid=i","cat":314029},{"id":36348,"n":"Papier aluminium Alfapac Gaufré - Rouleau 20m","p":3.35,"img":"https://fd3-photos.leclercdrive.fr/image.ashx?id=2870446&use=l&cat=p&typeid=i","cat":334134},{"id":36355,"n":"Compote Douceur du Verger  Pomme Rhubarbe - 4x100g","p":1.28,"u":"3,20 €/KG","img":"https://fd3-photos.leclercdrive.fr/image.ashx?id=2554581&use=l&cat=p&typeid=i","cat":284416},{"id":36356,"n":"Compote Douceur du Verger Pomme Framboise - 4x100g","p":1.46,"u":"3,65 €/KG","img":"https://fd3-photos.leclercdrive.fr/image.ashx?id=724744&use=l&cat=p&typeid=i","cat":284416},{"id":36388,"n":"Bière ambrée corse Pietra 6° - 6x25cl","p":8.34,"u":"5,56 €/L","img":"https://fd3-photos.leclercdrive.fr/image.ashx?id=3011464&use=l&cat=p&typeid=i","cat":334872},{"id":36395,"n":"Yaourt Nature Sucré Yoplait - 12x125g","p":2.99,"u":"1,99 €/KG","img":"https://fd3-photos.leclercdrive.fr/image.ashx?id=2796827&use=l&cat=p&typeid=i","cat":284409},{"id":36396,"n":"Gâteau fourré Mini BN Chocolat 175g","p":1.76,"u":"10,06 €/KG","img":"https://fd3-photos.leclercdrive.fr/image.ashx?id=2746854&use=l&cat=p&typeid=i","cat":284488},{"id":36397,"n":"Biscuits Mini BN Goûter à la fraise - 175g","p":1.9,"u":"10,86 €/KG","img":"https://fd3-photos.leclercdrive.fr/image.ashx?id=2748212&use=l&cat=p&typeid=i","cat":284489},{"id":36399,"n":"Pizza La Pizz Sodebo Chèvre lardons - 470g","p":3.6,"u":"7,66 €/KG","img":"https://fd3-photos.leclercdrive.fr/image.ashx?id=2851494&use=l&cat=p&typeid=i","cat":333679},{"id":36400,"n":"Pizza La Pizz Sodebo 4 fromages - 470g","p":3.47,"u":"7,38 €/KG","img":"https://fd3-photos.leclercdrive.fr/image.ashx?id=2905366&use=l&cat=p&typeid=i","cat":333679},{"id":36403,"n":"Pizza Dolce Sodebo Campanella Jambon Speck - 380g","p":4.15,"u":"10,92 €/KG","img":"https://fd3-photos.leclercdrive.fr/image.ashx?id=2921639&use=l&cat=p&typeid=i","cat":333679},{"id":36412,"n":"Compote Douceur du Verger Coupelle pomme - 16x100g","p":3.09,"u":"1,93 €/KG","img":"https://fd3-photos.leclercdrive.fr/image.ashx?id=2663512&use=l&cat=p&typeid=i","cat":284508},{"id":36414,"n":"Compote Douceur du Verger Coupelle pomme - 8x100g","p":1.89,"u":"2,36 €/KG","img":"https://fd3-photos.leclercdrive.fr/image.ashx?id=2663506&use=l&cat=p&typeid=i","cat":284508},{"id":36416,"n":"Compote Douceur du Verger Coupelle pomme rhubarbe -4x100g","p":1.3,"u":"3,25 €/KG","img":"https://fd3-photos.leclercdrive.fr/image.ashx?id=2663521&use=l&cat=p&typeid=i","cat":284508},{"id":36417,"n":"Compote Douceur du Verger Gourdes multivariétés - 4x90g","p":1.69,"u":"4,69 €/KG","img":"https://fd3-photos.leclercdrive.fr/image.ashx?id=2805030&use=l&cat=p&typeid=i","cat":284508},{"id":36418,"n":"Compote Douceur du Verger Gourdes Pomme Poire - 4x90g","p":1.49,"u":"4,14 €/KG","img":"https://fd3-photos.leclercdrive.fr/image.ashx?id=2837054&use=l&cat=p&typeid=i","cat":284508},{"id":36419,"n":"Compote Douceur du Verger Coupelle pomme - 4x100g","p":0.99,"u":"2,48 €/KG","img":"https://fd3-photos.leclercdrive.fr/image.ashx?id=2663524&use=l&cat=p&typeid=i","cat":284508},{"id":36424,"n":"Brownie P'tit Deli Chocolat noisette 285g","p":1.85,"u":"6,49 €/KG","img":"https://fd3-photos.leclercdrive.fr/image.ashx?id=2892055&use=l&cat=p&typeid=i","cat":294776},{"id":36437,"n":"Friandises pour chien Lydog Assortiment sticks - x15 126g","p":1.33,"u":"10,56 €/KG","img":"https://fd3-photos.leclercdrive.fr/image.ashx?id=1947271&use=l&cat=p&typeid=i","cat":294527},{"id":36438,"n":"Sticks dentaires Lydog Petit chien - x7 110g","p":0.99,"u":"9,00 €/KG","img":"https://fd3-photos.leclercdrive.fr/image.ashx?id=1878604&use=l&cat=p&typeid=i","cat":294527},{"id":36441,"n":"Aiguillettes poulet Tradilège Rôti - 2x75g","p":2.02,"u":"13,47 €/KG","img":"https://fd3-photos.leclercdrive.fr/image.ashx?id=2994375&use=l&cat=p&typeid=i","cat":316011},{"id":36454,"n":"Pastilles NRT  Du Bassin de Vichy - 230g","p":0.98,"u":"4,26 €/KG","img":"https://fd3-photos.leclercdrive.fr/image.ashx?id=2771079&use=l&cat=p&typeid=i","cat":304252},{"id":36504,"n":"Pizza La Pizz Sodebo Jambon emmental - 470g","p":2.92,"u":"6,21 €/KG","img":"https://fd3-photos.leclercdrive.fr/image.ashx?id=2886786&use=l&cat=p&typeid=i","cat":333679},{"id":36633,"n":"Glace Cône Nestlé Extrême Crème brulée x6 - 426g","p":3.56,"u":"8,36 €/KG","img":"https://fd3-photos.leclercdrive.fr/image.ashx?id=2831672&use=l&cat=p&typeid=i","cat":284264},{"id":36649,"n":"Infusion Tiséa pomme cannelle 25 sachets 55g","p":1.38,"u":"25,09 €/KG","img":"https://fd3-photos.leclercdrive.fr/image.ashx?id=2469562&use=l&cat=p&typeid=i","cat":293234},{"id":36650,"n":"Barres céréales Bio Village Bio Fraise x6 125g","p":1.79,"u":"14,32 €/KG","img":"https://fd3-photos.leclercdrive.fr/image.ashx?id=2807306&use=l&cat=p&typeid=i","cat":285869},{"id":36651,"n":"Barres céréales Bio Village Bio Chocolat noir x6 125g","p":1.95,"u":"15,60 €/KG","img":"https://fd3-photos.leclercdrive.fr/image.ashx?id=2807309&use=l&cat=p&typeid=i","cat":285869},{"id":36656,"n":"Soupe liquide Liebig  Velouté 10 légumes - Brique 1L","p":1.64,"u":"1,64 €/L","img":"https://fd3-photos.leclercdrive.fr/image.ashx?id=2892133&use=l&cat=p&typeid=i","cat":284462},{"id":36658,"n":"Soupe liquide Liebig  Mouliné 10 légumes - Brique 1L","p":1.71,"u":"1,71 €/L","img":"https://fd3-photos.leclercdrive.fr/image.ashx?id=2651396&use=l&cat=p&typeid=i","cat":284462},{"id":36672,"n":"Repas Babybio Bio Dinde haricots verts 230g","p":2.07,"u":"9,00 €/KG","img":"https://fd3-photos.leclercdrive.fr/image.ashx?id=2859353&use=l&cat=p&typeid=i","cat":312237},{"id":36682,"n":"Aluminium Elembal Extra 20m","p":2.69,"u":"0,13 €/MT","img":"https://fd3-photos.leclercdrive.fr/image.ashx?id=2940908&use=l&cat=p&typeid=i","cat":334134},{"id":36704,"n":"Sucre en morceaux Daddy Demi-morceaux rond - 750g","p":1.71,"u":"2,28 €/KG","img":"https://fd3-photos.leclercdrive.fr/image.ashx?id=2907947&use=l&cat=p&typeid=i","cat":284502},{"id":36706,"n":"Sucre glace Daddy Sachet 1kg","p":2.92,"u":"2,92 €/KG","img":"https://fd3-photos.leclercdrive.fr/image.ashx?id=2973589&use=l&cat=p&typeid=i","cat":284502},{"id":36710,"n":"Sucre canne Béghin Say Pure - en morceaux - 750g","p":2.47,"u":"3,29 €/KG","img":"https://fd3-photos.leclercdrive.fr/image.ashx?id=2948830&use=l&cat=p&typeid=i","cat":284502},{"id":36711,"n":"Sucre cassonade Béghin Say En poudre - 750g","p":2.39,"u":"3,19 €/KG","img":"https://fd3-photos.leclercdrive.fr/image.ashx?id=2949928&use=l&cat=p&typeid=i","cat":284502},{"id":36720,"n":"Haricots blancs à la tomate 400 g","p":0.75,"u":"1,88 €/KG","img":"https://fd3-photos.leclercdrive.fr/image.ashx?id=2988078&use=l&cat=p&typeid=i","cat":312606},{"id":36721,"n":"Lait chat et chaton Whiskas 3x200ml","p":2.96,"u":"4,93 €/L","img":"https://fd3-photos.leclercdrive.fr/image.ashx?id=2759670&use=l&cat=p&typeid=i","cat":285285},{"id":36723,"n":"Sucre cassonade Erstein Profil pack - 750g","p":1.96,"u":"2,61 €/KG","img":"https://fd3-photos.leclercdrive.fr/image.ashx?id=2303642&use=l&cat=p&typeid=i","cat":284502},{"id":36728,"n":"Sucre en poudre Erstein Pâtissier extra fin - 750g","p":1.47,"u":"1,96 €/KG","img":"https://fd3-photos.leclercdrive.fr/image.ashx?id=2018970&use=l&cat=p&typeid=i","cat":284502},{"id":36756,"n":"Haricots Blancs à la tomate 800g","p":1.08,"u":"1,35 €/KG","img":"https://fd3-photos.leclercdrive.fr/image.ashx?id=2988075&use=l&cat=p&typeid=i","cat":312606},{"id":36811,"n":"Chewing-gum Freedent Fraise 5x10 dragées 70g","p":2.27,"u":"32,43 €/KG","img":"https://fd3-photos.leclercdrive.fr/image.ashx?id=2325485&use=l&cat=p&typeid=i","cat":304251},{"id":36812,"n":"Chewing-gum Freedent white Menthe forte boîte 84g","p":3.34,"u":"39,76 €/KG","img":"https://fd3-photos.leclercdrive.fr/image.ashx?id=1946063&use=l&cat=p&typeid=i","cat":304251},{"id":36814,"n":"Chewing-gum Freedent Menthe verte boîte 84g","p":2.56,"u":"30,48 €/KG","img":"https://fd3-photos.leclercdrive.fr/image.ashx?id=2024402&use=l&cat=p&typeid=i","cat":304251},{"id":36819,"n":"Chocolat Noir After Eight Fourré Menthe - 300g","p":5.19,"u":"17,30 €/KG","img":"https://fd3-photos.leclercdrive.fr/image.ashx?id=2348782&use=l&cat=p&typeid=i","cat":284499},{"id":36825,"n":"Tablette chocolat Minis Milka Chocolat au lait - 200g","p":3.71,"u":"18,55 €/KG","img":"https://fd3-photos.leclercdrive.fr/image.ashx?id=2188521&use=l&cat=p&typeid=i","cat":284497},{"id":36833,"n":"BB Crème teintée médium Inell Hydratante 5 en 1 - 50ml","p":3.45,"u":"69,00 €/L","img":"https://fd3-photos.leclercdrive.fr/image.ashx?id=2822120&use=l&cat=p&typeid=i","cat":325345},{"id":36834,"n":"BB Crème teintée clair Inell  Hydratante 5en1 - 50ml","p":3.45,"u":"69,00 €/L","img":"https://fd3-photos.leclercdrive.fr/image.ashx?id=2822123&use=l&cat=p&typeid=i","cat":325345},{"id":36835,"n":"Crochets anti-mites Insectivor Lavande 2x3ml","p":1.69,"u":"0,85 €/P","img":"https://fd3-photos.leclercdrive.fr/image.ashx?id=2849581&use=l&cat=p&typeid=i","cat":298368},{"id":36836,"n":"Gel douche Carré Homme Tonifiant 250ml","p":1.22,"u":"4,88 €/L","img":"https://fd3-photos.leclercdrive.fr/image.ashx?id=2927857&use=l&cat=p&typeid=i","cat":284619},{"id":36847,"n":"Tablette chocolat Milka Chocolat au lait/Oreo - 2x100g","p":3.5,"u":"17,50 €/KG","img":"https://fd3-photos.leclercdrive.fr/image.ashx?id=2382321&use=l&cat=p&typeid=i","cat":284497},{"id":36849,"n":"Recharges plumeaux Clair Jetables x10","p":4.46,"u":"0,45 €/P","img":"https://fd3-photos.leclercdrive.fr/image.ashx?id=2832948&use=l&cat=p&typeid=i","cat":325364},{"id":36886,"n":"Miel de montagne L'Apiculteur Crémeux - 500g","p":5.43,"u":"10,86 €/KG","img":"https://fd3-photos.leclercdrive.fr/image.ashx?id=2310926&use=l&cat=p&typeid=i","cat":287643},{"id":36916,"n":"Brioche vendéenne IGP NRT Tranchée - 450g","p":3.24,"u":"7,20 €/KG","img":"https://fd3-photos.leclercdrive.fr/image.ashx?id=2791932&use=l&cat=p&typeid=i","cat":284478},{"id":36917,"n":"Canistrelli Corse NRT Amandes - 300g","p":3.65,"u":"12,17 €/KG","img":"https://fd3-photos.leclercdrive.fr/image.ashx?id=2909422&use=l&cat=p&typeid=i","cat":284487},{"id":36920,"n":"Protège-slips Doulys Ultra-mince - Large - x30","p":0.82,"u":"0,03 €/P","img":"https://fd3-photos.leclercdrive.fr/image.ashx?id=2847967&use=l&cat=p&typeid=i","cat":284625},{"id":37014,"n":"Cuadro Novi Chocolat  noisettes - 150g","p":5.06,"u":"33,73 €/KG","img":"https://fd3-photos.leclercdrive.fr/image.ashx?id=2615167&use=l&cat=p&typeid=i","cat":327595},{"id":37025,"n":"Granulés de bois Pellex Poêles à granulés sac - 15kg","p":4.89,"u":"0,33 €/KG","img":"https://fd3-photos.leclercdrive.fr/image.ashx?id=2023646&use=l&cat=p&typeid=i","cat":300577},{"id":37030,"n":"Farine suprême Francine 1kg","p":1.67,"u":"1,67 €/KG","img":"https://fd3-photos.leclercdrive.fr/image.ashx?id=2902654&use=l&cat=p&typeid=i","cat":284503},{"id":37031,"n":"Huile d'olive Puget Vierge extra - 1,5L","p":18.8,"u":"12,53 €/L","img":"https://fd3-photos.leclercdrive.fr/image.ashx?id=2144452&use=l&cat=p&typeid=i","cat":284453},{"id":37033,"n":"Douceur Crème balsamique  Rustica - 25cl","p":1.79,"u":"7,16 €/L","img":"https://fd3-photos.leclercdrive.fr/image.ashx?id=2781877&use=l&cat=p&typeid=i","cat":284456},{"id":37049,"n":"Sauce Samourai Amora 255g","p":1.57,"u":"6,98 €/KG","img":"https://fd3-photos.leclercdrive.fr/image.ashx?id=2893838&use=l&cat=p&typeid=i","cat":318431},{"id":37053,"n":"Sucre pure canne Beghin Say Petits morceaux - 1kg","p":3.19,"u":"3,19 €/KG","img":"https://fd3-photos.leclercdrive.fr/image.ashx?id=2949922&use=l&cat=p&typeid=i","cat":284502},{"id":37054,"n":"Sucre pure canne Beghin Say Morceaux - 1kg","p":2.65,"u":"2,65 €/KG","img":"https://fd3-photos.leclercdrive.fr/image.ashx?id=2978688&use=l&cat=p&typeid=i","cat":284502},{"id":37107,"n":"Gel lavant mains Manava Spécial cuisine - 300ml","p":0.99,"u":"3,30 €/L","img":"https://fd3-photos.leclercdrive.fr/image.ashx?id=2935495&use=l&cat=p&typeid=i","cat":284597},{"id":37120,"n":"Sauce Soja sucrée Kikkoman 250ml","p":4.57,"u":"18,28 €/L","img":"https://fd3-photos.leclercdrive.fr/image.ashx?id=2536296&use=l&cat=p&typeid=i","cat":288992},{"id":37142,"n":"Café en grains Sati Crema - 1kg","p":15.23,"u":"15,23 €/KG","img":"https://fd3-photos.leclercdrive.fr/image.ashx?id=2918265&use=l&cat=p&typeid=i","cat":293237},{"id":37144,"n":"Fromage Mini Mont d'Or AOP x1","p":9.99,"img":"https://fd3-photos.leclercdrive.fr/image.ashx?id=2397980&use=l&cat=p&typeid=i","cat":314037},{"id":37149,"n":"Cookies Méga pépites P'tit Déli Chocolat noisettes 184g","p":1.51,"u":"8,21 €/KG","img":"https://fd3-photos.leclercdrive.fr/image.ashx?id=2116149&use=l&cat=p&typeid=i","cat":325066},{"id":37198,"n":"Poêlée Notre Jardin Méditerranéenne 750g","p":3.17,"u":"4,23 €/KG","img":"https://fd3-photos.leclercdrive.fr/image.ashx?id=2835029&use=l&cat=p&typeid=i","cat":319823},{"id":37199,"n":"Poêlée Notre Jardin Parisienne 750g","p":2.24,"u":"2,99 €/KG","img":"https://fd3-photos.leclercdrive.fr/image.ashx?id=2865062&use=l&cat=p&typeid=i","cat":319823},{"id":37255,"n":"Céréales Extra Kellogg's Noisettes Caramelisées - 500g","p":3.44,"u":"6,88 €/KG","img":"https://fd3-photos.leclercdrive.fr/image.ashx?id=2736598&use=l&cat=p&typeid=i","cat":309512},{"id":37260,"n":"Boisson au thé Fresh Tea Citron vert - 1,5L","p":1.23,"u":"0,82 €/L","img":"https://fd3-photos.leclercdrive.fr/image.ashx?id=2622257&use=l&cat=p&typeid=i","cat":295019},{"id":37261,"n":"Boisson au thé Fresh Tea Mangue - 1,5L","p":1.25,"u":"0,83 €/L","img":"https://fd3-photos.leclercdrive.fr/image.ashx?id=2622260&use=l&cat=p&typeid=i","cat":295019},{"id":37262,"n":"Boisson au thé Fresh Tea Framboise - 1,5L","p":1.33,"u":"0,89 €/L","img":"https://fd3-photos.leclercdrive.fr/image.ashx?id=2622254&use=l&cat=p&typeid=i","cat":295019},{"id":37278,"n":"Orangina Pik Haribo Sachet bonbons acidulés - 250g","p":1.68,"u":"6,72 €/KG","img":"https://fd3-photos.leclercdrive.fr/image.ashx?id=2806090&use=l&cat=p&typeid=i","cat":304250},{"id":37281,"n":"Bonbons Longfizz Lutti 200g","p":1.33,"u":"6,65 €/KG","img":"https://fd3-photos.leclercdrive.fr/image.ashx?id=2962173&use=l&cat=p&typeid=i","cat":304250},{"id":37283,"n":"Compote bio Bio Village Pomme châtaigne - 4x100g","p":1.89,"u":"4,73 €/KG","img":"https://fd3-photos.leclercdrive.fr/image.ashx?id=725380&use=l&cat=p&typeid=i","cat":284416},{"id":37286,"n":"Paëlla royale Marie 900g","p":4.67,"u":"5,19 €/KG","img":"https://fd3-photos.leclercdrive.fr/image.ashx?id=2996770&use=l&cat=p&typeid=i","cat":284254},{"id":37403,"n":"Sachet fraîcheur chien Pedigree  Mixte en sauce - 12x100g","p":5.19,"u":"4,33 €/KG","img":"https://fd3-photos.leclercdrive.fr/image.ashx?id=2870242&use=l&cat=p&typeid=i","cat":284673},{"id":37410,"n":"Joker Le Fruit Jus de pomme 1,5L","p":2.45,"u":"1,63 €/L","img":"https://fd3-photos.leclercdrive.fr/image.ashx?id=2785730&use=l&cat=p&typeid=i","cat":284522},{"id":37417,"n":"Boisson à base de vin rosé  Festalie - 75 cl","p":2.52,"u":"3,36 €/L","img":"https://fd3-photos.leclercdrive.fr/image.ashx?id=2774900&use=l&cat=p&typeid=i","cat":304569},{"id":37438,"n":"Papier cuisson Elembal Rouleau 15m","p":1.79,"img":"https://fd3-photos.leclercdrive.fr/image.ashx?id=2824952&use=l&cat=p&typeid=i","cat":334134},{"id":37452,"n":"Lardons de volaille Tradilège Nature 2x75g","p":1.75,"u":"11,67 €/KG","img":"https://fd3-photos.leclercdrive.fr/image.ashx?id=2882355&use=l&cat=p&typeid=i","cat":316011},{"id":37456,"n":"Saucisse fumée Tradilège VPF x3 375g","p":3.18,"u":"8,48 €/KG","img":"https://fd3-photos.leclercdrive.fr/image.ashx?id=2659085&use=l&cat=p&typeid=i","cat":316012},{"id":37457,"n":"Yaourt bio Les 2 Vaches brassé nature - 4x115g","p":1.4,"u":"3,04 €/KG","img":"https://fd3-photos.leclercdrive.fr/image.ashx?id=2571545&use=l&cat=p&typeid=i","cat":284409},{"id":37461,"n":"Rutabaga  1kg","p":2.59,"u":"2,59 €/KG","img":"https://fd3-photos.leclercdrive.fr/image.ashx?id=1632626&use=l&cat=p&typeid=i","cat":284352},{"id":37467,"n":"Infusion Tiséa Fruits rouges 25 sachets 40g","p":0.92,"u":"23,00 €/KG","img":"https://fd3-photos.leclercdrive.fr/image.ashx?id=2922506&use=l&cat=p&typeid=i","cat":293234},{"id":37468,"n":"Jambon cru Fine Fondante Aoste Sans conservateur - x6 - 100g","p":3.59,"u":"35,90 €/KG","img":"https://fd3-photos.leclercdrive.fr/image.ashx?id=2937172&use=l&cat=p&typeid=i","cat":316007},{"id":37514,"n":"Steack haché Bio Convivial 15%mg x4 - 400g","p":5.89,"u":"14,73 €/KG","img":"https://fd3-photos.leclercdrive.fr/image.ashx?id=2960978&use=l&cat=p&typeid=i","cat":319778},{"id":37515,"n":"Fondant de Charolais Convivial Steak : 4% mg - x4 480g","p":7.29,"u":"15,19 €/KG","img":"https://fd3-photos.leclercdrive.fr/image.ashx?id=1989060&use=l&cat=p&typeid=i","cat":319779},{"id":37540,"n":"Compote bébé Bio Village Bio Pomme vanille 4 mois 4x100g","p":1.99,"u":"4,98 €/KG","img":"https://fd3-photos.leclercdrive.fr/image.ashx?id=2704750&use=l&cat=p&typeid=i","cat":312387},{"id":37541,"n":"Compote bébé Bio Village Bio Pomme /Banane 4 mois 4x100g","p":1.89,"u":"4,73 €/KG","img":"https://fd3-photos.leclercdrive.fr/image.ashx?id=2704753&use=l&cat=p&typeid=i","cat":312387},{"id":37542,"n":"Compote bébé Bio Village bio Poire williams - 4 mois -4x100g","p":1.89,"u":"4,73 €/KG","img":"https://fd3-photos.leclercdrive.fr/image.ashx?id=2704747&use=l&cat=p&typeid=i","cat":312387},{"id":37593,"n":"Snacks chats Tous mes amis Poulet fromage - 60g","p":0.84,"u":"14,00 €/KG","img":"https://fd3-photos.leclercdrive.fr/image.ashx?id=1947280&use=l&cat=p&typeid=i","cat":285285},{"id":37594,"n":"Snacks chats Tous mes amis Boeuf - 60g","p":0.94,"u":"15,67 €/KG","img":"https://fd3-photos.leclercdrive.fr/image.ashx?id=2046107&use=l&cat=p&typeid=i","cat":285285},{"id":37595,"n":"Snacks chats Tous mes amis Saumon - 60g","p":0.89,"u":"14,83 €/KG","img":"https://fd3-photos.leclercdrive.fr/image.ashx?id=1938588&use=l&cat=p&typeid=i","cat":285285},{"id":37596,"n":"Snacks chats Tous mes amis Contre les boules de poils- 60g","p":0.99,"u":"16,50 €/KG","img":"https://fd3-photos.leclercdrive.fr/image.ashx?id=726858&use=l&cat=p&typeid=i","cat":285285},{"id":37605,"n":"Protège-slips Doulys Extra fin - Plié - x32","p":1.36,"u":"0,04 €/P","img":"https://fd3-photos.leclercdrive.fr/image.ashx?id=2824757&use=l&cat=p&typeid=i","cat":284625},{"id":37615,"n":"Rasoirs jetables Eco+ x10","p":0.71,"u":"0,07 €/P","img":"https://fd3-photos.leclercdrive.fr/image.ashx?id=2430133&use=l&cat=p&typeid=i","cat":284616},{"id":37623,"n":"Trancetto Balconi Cacao x10 280g","p":1.37,"u":"4,89 €/KG","img":"https://fd3-photos.leclercdrive.fr/image.ashx?id=2878414&use=l&cat=p&typeid=i","cat":284495},{"id":37712,"n":"Haricots Verts Cassegrain Extra Fins Cueillis main 390g","p":3.38,"u":"8,67 €/KG","img":"https://fd3-photos.leclercdrive.fr/image.ashx?id=2913025&use=l&cat=p&typeid=i","cat":312606},{"id":37719,"n":"Noix de macadamia Tokapi 100g","p":2.48,"u":"24,80 €/KG","img":"https://fd3-photos.leclercdrive.fr/image.ashx?id=2795562&use=l&cat=p&typeid=i","cat":284448},{"id":37774,"n":"Recharge Dentamyl Brosse à dents électrique x2","p":6.99,"u":"3,50 €/P","img":"https://fd3-photos.leclercdrive.fr/image.ashx?id=2790967&use=l&cat=p&typeid=i","cat":297133},{"id":37775,"n":"Serviette incontinence Chorys Maxi - x12","p":3.65,"u":"0,30 €/P","img":"https://fd3-photos.leclercdrive.fr/image.ashx?id=2393884&use=l&cat=p&typeid=i","cat":284628},{"id":37778,"n":"Lait corps Inell Réparateur - 250ml","p":2.33,"u":"9,32 €/L","img":"https://fd3-photos.leclercdrive.fr/image.ashx?id=2691664&use=l&cat=p&typeid=i","cat":325349},{"id":37835,"n":"AOP Beaujolais Villages Nouveau Vin rouge Georges Duboeuf -75cl","p":8.7,"u":"11,60 €/L","img":"https://fd3-photos.leclercdrive.fr/image.ashx?id=2966291&use=l&cat=p&typeid=i","cat":289556},{"id":37843,"n":"100% Pur jus d'orange Jafaden Sans pulpe - 2L","p":3.54,"u":"1,77 €/L","img":"https://fd3-photos.leclercdrive.fr/image.ashx?id=2796052&use=l&cat=p&typeid=i","cat":284521},{"id":37862,"n":"Couches Bébé Eco+ T5 - x52 changes","p":6.94,"u":"0,13 €/P","img":"https://fd3-photos.leclercdrive.fr/image.ashx?id=2842450&use=l&cat=p&typeid=i","cat":284737},{"id":37863,"n":"Compresses stériles Primoplast Ultra-douces x20","p":2.6,"u":"0,13 €/P","img":"https://fd3-photos.leclercdrive.fr/image.ashx?id=2832960&use=l&cat=p&typeid=i","cat":284630},{"id":37864,"n":"Bouchons oreilles Primoplast Mousse x8","p":3.99,"u":"0,50 €/P","img":"https://fd3-photos.leclercdrive.fr/image.ashx?id=2856516&use=l&cat=p&typeid=i","cat":284630},{"id":37866,"n":"Lavette Mamisson Microfibre spécial vitres x1","p":0.85,"img":"https://fd3-photos.leclercdrive.fr/image.ashx?id=2595107&use=l&cat=p&typeid=i","cat":284667},{"id":37867,"n":"Rillettes Tradilège poulet 110g","p":1.4,"u":"12,73 €/KG","img":"https://fd3-photos.leclercdrive.fr/image.ashx?id=2683586&use=l&cat=p&typeid=i","cat":316008},{"id":38000,"n":"Shampooing douche Petit Manava Pomme-poire - 500ml","p":2.19,"u":"4,38 €/L","img":"https://fd3-photos.leclercdrive.fr/image.ashx?id=2403694&use=l&cat=p&typeid=i","cat":284606},{"id":38027,"n":"Quinoa gourmand Tipiak 400g","p":2.42,"u":"6,05 €/KG","img":"https://fd3-photos.leclercdrive.fr/image.ashx?id=2640617&use=l&cat=p&typeid=i","cat":284429},{"id":38035,"n":"Shampooing Petit Nateis 2en1 Enfants - 250ml","p":1.35,"u":"5,40 €/L","img":"https://fd3-photos.leclercdrive.fr/image.ashx?id=2626799&use=l&cat=p&typeid=i","cat":284606},{"id":38054,"n":"Thé glacé pétillant Liptonic  Ice Tea Pêche - 1,5L","p":2.23,"u":"1,49 €/L","img":"https://fd3-photos.leclercdrive.fr/image.ashx?id=2159598&use=l&cat=p&typeid=i","cat":295019},{"id":38057,"n":"Mayonnaise Colona 830g","p":4.5,"u":"5,42 €/KG","img":"https://fd3-photos.leclercdrive.fr/image.ashx?id=2687212&use=l&cat=p&typeid=i","cat":298295},{"id":38059,"n":"Sauce Pitta Colona Spécial Kebab - 840g","p":4.5,"u":"5,36 €/KG","img":"https://fd3-photos.leclercdrive.fr/image.ashx?id=2687125&use=l&cat=p&typeid=i","cat":318431},{"id":38100,"n":"Chocolat en poudre Nesquik Boîte 490g","p":3.69,"u":"7,53 €/KG","img":"https://fd3-photos.leclercdrive.fr/image.ashx?id=3005305&use=l&cat=p&typeid=i","cat":293235},{"id":38131,"n":"Miel de tilleul de Bourgogne NRT - 375g","p":6.03,"u":"16,08 €/KG","img":"https://fd3-photos.leclercdrive.fr/image.ashx?id=2771405&use=l&cat=p&typeid=i","cat":287643},{"id":38220,"n":"Pansements Primoplast Anti-ampoules x6","p":3.15,"img":"https://fd3-photos.leclercdrive.fr/image.ashx?id=2955716&use=l&cat=p&typeid=i","cat":284630},{"id":38226,"n":"Compresses stériles Primoplast Gaze x60","p":4.99,"u":"0,08 €/P","img":"https://fd3-photos.leclercdrive.fr/image.ashx?id=2834181&use=l&cat=p&typeid=i","cat":284630},{"id":38228,"n":"Vaseline Primoplast Tube 50ml","p":1.47,"u":"29,40 €/L","img":"https://fd3-photos.leclercdrive.fr/image.ashx?id=2856519&use=l&cat=p&typeid=i","cat":284630},{"id":38230,"n":"Mouchoirs blancs 4 plis Caresse Pock kid mouchoirs papier x10","p":1.12,"u":"0,11 €/P","img":"https://fd3-photos.leclercdrive.fr/image.ashx?id=2856687&use=l&cat=p&typeid=i","cat":284638},{"id":38232,"n":"Mouchoirs blancs 3 plis Caresse Boîte décor aléatoire Kids -x60","p":1.75,"u":"0,03 €/P","img":"https://fd3-photos.leclercdrive.fr/image.ashx?id=2814432&use=l&cat=p&typeid=i","cat":284638},{"id":38234,"n":"Dessert - P'tit Brassé Nestlé Banane - dès 6 mois - 4x100g","p":1.97,"u":"4,93 €/KG","img":"https://fd3-photos.leclercdrive.fr/image.ashx?id=2615131&use=l&cat=p&typeid=i","cat":312392},{"id":38235,"n":"Dessert - P'tit Brassé Nestlé Framboise - dès 6 mois - 4x100g","p":1.86,"u":"4,65 €/KG","img":"https://fd3-photos.leclercdrive.fr/image.ashx?id=2604876&use=l&cat=p&typeid=i","cat":312392},{"id":38236,"n":"Dessert - P'tit Brassé Nestlé Abricot - dès 6 mois - 4x100g","p":1.69,"u":"4,23 €/KG","img":"https://fd3-photos.leclercdrive.fr/image.ashx?id=2600569&use=l&cat=p&typeid=i","cat":312392},{"id":38237,"n":"Dessert - P'tit Brassé Nestlé Poire - dès 6 mois - 4x100g","p":1.99,"u":"4,98 €/KG","img":"https://fd3-photos.leclercdrive.fr/image.ashx?id=2615756&use=l&cat=p&typeid=i","cat":312392},{"id":38238,"n":"Dessert - P'tit Brassé Nestlé Fraise - dès 6 mois - 4x100g","p":1.69,"u":"4,23 €/KG","img":"https://fd3-photos.leclercdrive.fr/image.ashx?id=2510187&use=l&cat=p&typeid=i","cat":312392},{"id":38239,"n":"Dessert - P'tit Brassé Nestlé Myrtille - dès 6 mois - 4x100g","p":1.94,"u":"4,85 €/KG","img":"https://fd3-photos.leclercdrive.fr/image.ashx?id=2583235&use=l&cat=p&typeid=i","cat":312392},{"id":38286,"n":"Bière blonde Paulaner WeissBier 5.5%vol. - 50cl","p":2.27,"u":"4,54 €/L","img":"https://fd3-photos.leclercdrive.fr/image.ashx?id=2354620&use=l&cat=p&typeid=i","cat":334872},{"id":38297,"n":"Matière grasse St Hubert Omega3 52%mg - demi-sel - 510g","p":3.65,"u":"7,16 €/KG","img":"https://fd3-photos.leclercdrive.fr/image.ashx?id=2734099&use=l&cat=p&typeid=i","cat":315229},{"id":38304,"n":"Taboulé Pierre Martinet Au poulet - 300g","p":1.74,"u":"5,80 €/KG","img":"https://fd3-photos.leclercdrive.fr/image.ashx?id=2990529&use=l&cat=p&typeid=i","cat":333657},{"id":38322,"n":"Compote Douceur du Verger Gourdes multivariétés - 20x90g","p":5.95,"u":"3,31 €/KG","img":"https://fd3-photos.leclercdrive.fr/image.ashx?id=2837060&use=l&cat=p&typeid=i","cat":284508},{"id":38345,"n":"Vodka premium Grey Goose Original 40° - 70cl","p":36.99,"pp":32.99,"u":"47,13 €/L","img":"https://fd3-photos.leclercdrive.fr/image.ashx?id=2848331&use=l&cat=p&typeid=i","cat":284550},{"id":38373,"n":"Rasoirs jetables Siliss 3 lames x6","p":1.98,"u":"0,50 €/P","img":"https://fd3-photos.leclercdrive.fr/image.ashx?id=2873549&use=l&cat=p&typeid=i","cat":325352},{"id":38374,"n":"Brosse à dents Dentamyl Super pro interdent x1","p":1.3,"img":"https://fd3-photos.leclercdrive.fr/image.ashx?id=2790970&use=l&cat=p&typeid=i","cat":284614},{"id":38379,"n":"Shampooing Manava Aux oeufs 500ml","p":1.0,"u":"2,00 €/L","img":"https://fd3-photos.leclercdrive.fr/image.ashx?id=2852243&use=l&cat=p&typeid=i","cat":284606},{"id":38380,"n":"Rasoir Gillette Proglide Flexball manuel x1","p":11.47,"img":"https://fd3-photos.leclercdrive.fr/image.ashx?id=2682394&use=l&cat=p&typeid=i","cat":284616},{"id":38510,"n":"Shampooing 2en1 Manava Lait amande douce - 500ml","p":1.0,"u":"2,00 €/L","img":"https://fd3-photos.leclercdrive.fr/image.ashx?id=1903860&use=l&cat=p&typeid=i","cat":284606},{"id":38524,"n":"Tendres perles Blé Tipiak Prêt en 5 min - 350g","p":1.78,"u":"5,09 €/KG","img":"https://fd3-photos.leclercdrive.fr/image.ashx?id=2640614&use=l&cat=p&typeid=i","cat":284429},{"id":38537,"n":"AOP Côtes du Jura Chardonnay Marcel Cabelier blanc 75cl","p":9.61,"u":"12,81 €/L","img":"https://fd3-photos.leclercdrive.fr/image.ashx?id=2432788&use=l&cat=p&typeid=i","cat":289557},{"id":38562,"n":"Cône Nestlé Extrême  Vanille de Madagascar x6 - 426g","p":3.85,"u":"9,04 €/KG","img":"https://fd3-photos.leclercdrive.fr/image.ashx?id=3000432&use=l&cat=p&typeid=i","cat":284264},{"id":38563,"n":"Cône Extrême Nestlé Chocolat intense 6x71g","p":3.85,"u":"9,04 €/KG","img":"https://fd3-photos.leclercdrive.fr/image.ashx?id=2353089&use=l&cat=p&typeid=i","cat":284264},{"id":38705,"n":"Chocolat Pâtissier Nestlé Dessert - 2x205g","p":6.0,"u":"14,63 €/KG","img":"https://fd3-photos.leclercdrive.fr/image.ashx?id=2959491&use=l&cat=p&typeid=i","cat":285562},{"id":38724,"n":"Madeleines coquilles NRT 330g","p":3.29,"u":"9,97 €/KG","img":"https://fd3-photos.leclercdrive.fr/image.ashx?id=2704903&use=l&cat=p&typeid=i","cat":284492},{"id":38726,"n":"Pain de mie Epi d'Or Farine complète orge - 500g","p":2.19,"u":"4,38 €/KG","img":"https://fd3-photos.leclercdrive.fr/image.ashx?id=2954576&use=l&cat=p&typeid=i","cat":284477},{"id":38744,"n":"Beurre allégé Les Croisés Demi-sel - 60% MG - 250g","p":1.89,"u":"7,56 €/KG","img":"https://fd3-photos.leclercdrive.fr/image.ashx?id=2897787&use=l&cat=p&typeid=i","cat":284379},{"id":38757,"n":"Bâtonnets Trium Pistache - x4 280g","p":3.6,"u":"12,86 €/KG","img":"https://fd3-photos.leclercdrive.fr/image.ashx?id=2920773&use=l&cat=p&typeid=i","cat":284265},{"id":38764,"n":"Cidre artisanal Les Goelleries Brut 5,5% - 75cl","p":2.49,"u":"3,32 €/L","img":"https://fd3-photos.leclercdrive.fr/image.ashx?id=2842301&use=l&cat=p&typeid=i","cat":334880},{"id":38765,"n":"Soda Jean's Cola Cherry Bouteille - 1,5L","p":1.49,"u":"0,99 €/L","img":"https://fd3-photos.leclercdrive.fr/image.ashx?id=2957551&use=l&cat=p&typeid=i","cat":284530},{"id":38773,"n":"Pur jus d'orange Jafaden Avec pulpe - 1,5L","p":3.0,"u":"2,00 €/L","img":"https://fd3-photos.leclercdrive.fr/image.ashx?id=2796058&use=l&cat=p&typeid=i","cat":284521},{"id":38780,"n":"Shampooing Manava Anti-pelliculaire 500ml","p":1.0,"u":"2,00 €/L","img":"https://fd3-photos.leclercdrive.fr/image.ashx?id=1903863&use=l&cat=p&typeid=i","cat":284606},{"id":38781,"n":"Mouchoirs blancs 4 plis Caresse Boîte mouchoirs papier - x80","p":1.1,"u":"0,01 €/P","img":"https://fd3-photos.leclercdrive.fr/image.ashx?id=2801049&use=l&cat=p&typeid=i","cat":284638},{"id":38786,"n":"Couches Huggies Little Swimmers Taille 2/3 - x20","p":8.87,"u":"0,44 €/P","img":"https://fd3-photos.leclercdrive.fr/image.ashx?id=2844706&use=l&cat=p&typeid=i","cat":290634},{"id":38787,"n":"Huggies® Little Swimmers® Maxipack Taille 5-6 x19","p":11.85,"u":"0,62 €/P","img":"https://fd3-photos.leclercdrive.fr/image.ashx?id=2844709&use=l&cat=p&typeid=i","cat":290634},{"id":38799,"n":"Essuie-tout Mimosa Demi-feuille - x3","p":4.9,"u":"1,63 €/P","img":"https://fd3-photos.leclercdrive.fr/image.ashx?id=2727389&use=l&cat=p&typeid=i","cat":284635},{"id":38800,"n":"Essuie-tout Déco Mimosa Maxi - x3","p":3.85,"u":"1,28 €/P","img":"https://fd3-photos.leclercdrive.fr/image.ashx?id=2727392&use=l&cat=p&typeid=i","cat":284635},{"id":38801,"n":"Déodorant spray Manava Vanille 100ml","p":1.39,"u":"13,90 €/L","img":"https://fd3-photos.leclercdrive.fr/image.ashx?id=2671408&use=l&cat=p&typeid=i","cat":284595},{"id":38802,"n":"Déodorant spray Manava Pierre d'alun/Aloe Vera - 100ml","p":1.44,"u":"14,40 €/L","img":"https://fd3-photos.leclercdrive.fr/image.ashx?id=3013609&use=l&cat=p&typeid=i","cat":284595},{"id":38803,"n":"Déodorant spray grenade Manava A l'huile sauge sclarée - 100ml","p":1.39,"u":"13,90 €/L","img":"https://fd3-photos.leclercdrive.fr/image.ashx?id=2656448&use=l&cat=p&typeid=i","cat":284595},{"id":38804,"n":"Déodorant spray Manava Invisible 100ml","p":1.39,"u":"13,90 €/L","img":"https://fd3-photos.leclercdrive.fr/image.ashx?id=2692958&use=l&cat=p&typeid=i","cat":284595},{"id":38812,"n":"Pains au lait Pasquier x10 - 350g","p":1.39,"u":"3,97 €/KG","img":"https://fd3-photos.leclercdrive.fr/image.ashx?id=2576940&use=l&cat=p&typeid=i","cat":293505},{"id":38863,"n":"Mélange haricots D'Aucy Verts et beurre - 750g","p":2.52,"u":"3,36 €/KG","img":"https://fd3-photos.leclercdrive.fr/image.ashx?id=2633005&use=l&cat=p&typeid=i","cat":319805},{"id":38868,"n":"Chips ondulées Pom'Lisse Poulet rôti - 135g","p":1.05,"u":"7,78 €/KG","img":"https://fd3-photos.leclercdrive.fr/image.ashx?id=2919625&use=l&cat=p&typeid=i","cat":284447},{"id":38922,"n":"Tablette de chocolat noir Lindt Noir : Fleur de sel - 2x100g","p":4.84,"u":"24,20 €/KG","img":"https://fd3-photos.leclercdrive.fr/image.ashx?id=2153264&use=l&cat=p&typeid=i","cat":284956},{"id":38994,"n":"Edulcorant liquide Ginko 200ml","p":6.92,"u":"34,60 €/L","img":"https://fd3-photos.leclercdrive.fr/image.ashx?id=2231055&use=l&cat=p&typeid=i","cat":324846},{"id":39009,"n":"Pain de mie complet Epi d'Or Extra moelleux - 500g","p":1.79,"u":"3,58 €/KG","img":"https://fd3-photos.leclercdrive.fr/image.ashx?id=2860742&use=l&cat=p&typeid=i","cat":284477},{"id":39024,"n":"AOP Entre-deux-mers blanc Cuvée Hortense - 75cl","p":4.96,"u":"6,61 €/L","img":"https://fd3-photos.leclercdrive.fr/image.ashx?id=2516068&use=l&cat=p&typeid=i","cat":289557},{"id":39051,"n":"AOC Buzet rosé L'Excellence - 75cl","p":4.73,"u":"6,31 €/L","img":"https://fd3-photos.leclercdrive.fr/image.ashx?id=2833420&use=l&cat=p&typeid=i","cat":289558},{"id":39056,"n":"AOC Côtes de Provence rosé Billette - BIB 3L","p":21.97,"u":"7,32 €/L","img":"https://fd3-photos.leclercdrive.fr/image.ashx?id=2863434&use=l&cat=p&typeid=i","cat":289560},{"id":39061,"n":"Film étirable Alfapac Rouleau 35m x 29cm","p":1.71,"img":"https://fd3-photos.leclercdrive.fr/image.ashx?id=2918268&use=l&cat=p&typeid=i","cat":334134},{"id":39067,"n":"Tablettes lave vaisselle Sun Classic x60 - 570g","p":6.71,"u":"11,77 €/KG","img":"https://fd3-photos.leclercdrive.fr/image.ashx?id=2775745&use=l&cat=p&typeid=i","cat":284656},{"id":39107,"n":"Gel lavant Manava Savon de Marseille - 300ml","p":1.06,"u":"3,53 €/L","img":"https://fd3-photos.leclercdrive.fr/image.ashx?id=2935498&use=l&cat=p&typeid=i","cat":284597},{"id":39120,"n":"Eau minérale naturelle Vittel Bouchon sport - 6x75cl","p":2.94,"u":"0,65 €/L","img":"https://fd3-photos.leclercdrive.fr/image.ashx?id=2774478&use=l&cat=p&typeid=i","cat":284535},{"id":39122,"n":"Fromage de chèvre Soignon Bûche Sainte Maure - 300g","p":3.23,"u":"10,77 €/KG","img":"https://fd3-photos.leclercdrive.fr/image.ashx?id=2963331&use=l&cat=p&typeid=i","cat":314031},{"id":39139,"n":"Olives vertes Tropic Apéro Dénoyautées au piment - 110g","p":1.62,"u":"14,73 €/KG","img":"https://fd3-photos.leclercdrive.fr/image.ashx?id=2438969&use=l&cat=p&typeid=i","cat":316002},{"id":39140,"n":"Olives vertes Tropic Apéro Dénoyautées Provençales - 110g","p":1.45,"u":"13,18 €/KG","img":"https://fd3-photos.leclercdrive.fr/image.ashx?id=2438975&use=l&cat=p&typeid=i","cat":316002},{"id":39141,"n":"Olives vertes Tropic Apéro Farcies aux amandes - 120g","p":1.97,"u":"16,42 €/KG","img":"https://fd3-photos.leclercdrive.fr/image.ashx?id=2438981&use=l&cat=p&typeid=i","cat":316002},{"id":39145,"n":"Mouchoirs blancs 4 plis Caresse Etuis x15 - Mentholés","p":1.98,"u":"0,13 €/P","img":"https://fd3-photos.leclercdrive.fr/image.ashx?id=2572996&use=l&cat=p&typeid=i","cat":284638},{"id":39155,"n":"Chips La classique Vico Nature - 6x27,5g","p":1.73,"u":"10,48 €/KG","img":"https://fd3-photos.leclercdrive.fr/image.ashx?id=2917813&use=l&cat=p&typeid=i","cat":284447},{"id":39172,"n":"AOP Cabernet d'Anjou vin rosé Les Caractères - 75cl","p":3.99,"u":"5,32 €/L","img":"https://fd3-photos.leclercdrive.fr/image.ashx?id=2908846&use=l&cat=p&typeid=i","cat":289558},{"id":39182,"n":"Pain de mie 100% Mie Harrys Complet sans croûte Maxi - 650g","p":2.27,"u":"3,49 €/KG","img":"https://fd3-photos.leclercdrive.fr/image.ashx?id=2517438&use=l&cat=p&typeid=i","cat":284477},{"id":39199,"n":"Pizza Turini Cuite sur pierre Campagnarde - 400g","p":2.99,"u":"7,48 €/KG","img":"https://fd3-photos.leclercdrive.fr/image.ashx?id=2816576&use=l&cat=p&typeid=i","cat":284256},{"id":39233,"n":"AOP Côtes de Provence rosé Estandon - 75cl","p":6.58,"u":"8,77 €/L","img":"https://fd3-photos.leclercdrive.fr/image.ashx?id=2868966&use=l&cat=p&typeid=i","cat":289558},{"id":39265,"n":"AOC Picpoul de Pinet vin blanc Prieur Barsanne - 75cl","p":4.8,"u":"6,40 €/L","img":"https://fd3-photos.leclercdrive.fr/image.ashx?id=2869796&use=l&cat=p&typeid=i","cat":289557},{"id":39266,"n":"AOP Corse vin rosé Terres Ocrées - 75cl","p":4.99,"u":"6,65 €/L","img":"https://fd3-photos.leclercdrive.fr/image.ashx?id=2865242&use=l&cat=p&typeid=i","cat":289558},{"id":39268,"n":"AOP Bergerac vin blanc sec Terrasses d'Autan - 75cl","p":2.99,"u":"3,99 €/L","img":"https://fd3-photos.leclercdrive.fr/image.ashx?id=2858108&use=l&cat=p&typeid=i","cat":289557},{"id":39272,"n":"AOP Bourgogne Chardonnay vin blanc Antoine Barrier - 75cl","p":6.99,"u":"9,32 €/L","img":"https://fd3-photos.leclercdrive.fr/image.ashx?id=2714983&use=l&cat=p&typeid=i","cat":289557},{"id":39328,"n":"Vin mousseux Kriter Brut 3x20cl","p":5.52,"u":"9,20 €/L","img":"https://fd3-photos.leclercdrive.fr/image.ashx?id=2538509&use=l&cat=p&typeid=i","cat":284544},{"id":39332,"n":"Shampooing Manava Cheveux normaux à gras 500ml","p":1.28,"u":"2,56 €/L","img":"https://fd3-photos.leclercdrive.fr/image.ashx?id=1885059&use=l&cat=p&typeid=i","cat":284606},{"id":39338,"n":"Moutarde Savora Amora 385g","p":2.26,"u":"5,87 €/KG","img":"https://fd3-photos.leclercdrive.fr/image.ashx?id=2775685&use=l&cat=p&typeid=i","cat":288850},{"id":39339,"n":"Moutarde Amora Fine & douce - 190g","p":1.79,"u":"9,42 €/KG","img":"https://fd3-photos.leclercdrive.fr/image.ashx?id=2738791&use=l&cat=p&typeid=i","cat":288850},{"id":39376,"n":"Pur jus d'orange Tropicana Sans pulpe - 1,5L","p":3.82,"u":"2,55 €/L","img":"https://fd3-photos.leclercdrive.fr/image.ashx?id=2509637&use=l&cat=p&typeid=i","cat":284521},{"id":39389,"n":"Haricots beurre Notre Jardin Extra fins 1kg","p":2.29,"u":"2,29 €/KG","img":"https://fd3-photos.leclercdrive.fr/image.ashx?id=2431134&use=l&cat=p&typeid=i","cat":319805},{"id":39417,"n":"Boisson Sunny Delight Florida - 1,25L","p":2.28,"u":"1,82 €/L","img":"https://fd3-photos.leclercdrive.fr/image.ashx?id=2309960&use=l&cat=p&typeid=i","cat":285435},{"id":39418,"n":"Boisson Sunny Delight Doux California - 1,25L","p":2.19,"u":"1,75 €/L","img":"https://fd3-photos.leclercdrive.fr/image.ashx?id=2309963&use=l&cat=p&typeid=i","cat":285435},{"id":39421,"n":"Jus innocent pomme 900ml","p":2.73,"u":"3,03 €/L","img":"https://fd3-photos.leclercdrive.fr/image.ashx?id=2891703&use=l&cat=p&typeid=i","cat":284354},{"id":39443,"n":"Jus innocent  orange avec pulpe 1.5L","p":3.97,"u":"2,65 €/L","img":"https://fd3-photos.leclercdrive.fr/image.ashx?id=2891223&use=l&cat=p&typeid=i","cat":285435},{"id":39444,"n":"Jus innocent orange avec pulpe 900ml","p":2.76,"u":"3,07 €/L","img":"https://fd3-photos.leclercdrive.fr/image.ashx?id=2891700&use=l&cat=p&typeid=i","cat":285435},{"id":39445,"n":"Confiture Douceur Du Verger Extra myrtilles allegée - 340g","p":1.89,"u":"5,56 €/KG","img":"https://fd3-photos.leclercdrive.fr/image.ashx?id=2965515&use=l&cat=p&typeid=i","cat":284480},{"id":39475,"n":"Barre chocolatée Balisto Fruits des bois - x10 - 185g","p":2.76,"u":"14,92 €/KG","img":"https://fd3-photos.leclercdrive.fr/image.ashx?id=1930983&use=l&cat=p&typeid=i","cat":284498},{"id":39477,"n":"Crêpes fourrées P'tit Déli Fraise - 256g","p":2.02,"u":"7,89 €/KG","img":"https://fd3-photos.leclercdrive.fr/image.ashx?id=1074202&use=l&cat=p&typeid=i","cat":284494},{"id":39480,"n":"Chips ondulées Pom'Lisse Nature - 6x30g","p":1.57,"u":"8,72 €/KG","img":"https://fd3-photos.leclercdrive.fr/image.ashx?id=2728246&use=l&cat=p&typeid=i","cat":284447},{"id":39482,"n":"Brownie P'tit Déli Chocolat noisette - 240g","p":1.83,"u":"7,63 €/KG","img":"https://fd3-photos.leclercdrive.fr/image.ashx?id=2891779&use=l&cat=p&typeid=i","cat":294776},{"id":39485,"n":"Barre chocolatée Balisto Miel amande - x10 barres - 185g","p":2.93,"u":"15,84 €/KG","img":"https://fd3-photos.leclercdrive.fr/image.ashx?id=1930977&use=l&cat=p&typeid=i","cat":284498},{"id":39497,"n":"Barre chocolatée P'tit Déli Bille de riz - 162g","p":1.5,"u":"9,26 €/KG","img":"https://fd3-photos.leclercdrive.fr/image.ashx?id=2529599&use=l&cat=p&typeid=i","cat":284488},{"id":39498,"n":"Biscottes Epi d'Or Gout brioché x36 - 300g","p":1.51,"u":"5,03 €/KG","img":"https://fd3-photos.leclercdrive.fr/image.ashx?id=2684028&use=l&cat=p&typeid=i","cat":284479},{"id":39502,"n":"Biscuits Cookies P'tit Déli Coeur fondant noisette - 200g","p":1.44,"u":"7,20 €/KG","img":"https://fd3-photos.leclercdrive.fr/image.ashx?id=2577296&use=l&cat=p&typeid=i","cat":325066},{"id":39503,"n":"Chocolat Pâtissier Tablette dOr Praliné - 200g","p":2.15,"u":"10,75 €/KG","img":"https://fd3-photos.leclercdrive.fr/image.ashx?id=2565619&use=l&cat=p&typeid=i","cat":285562},{"id":39507,"n":"Moutarde Rustica Douce - 435g","p":1.39,"u":"3,20 €/KG","img":"https://fd3-photos.leclercdrive.fr/image.ashx?id=2052019&use=l&cat=p&typeid=i","cat":288850},{"id":39508,"n":"Mini canapés Epi d'Or Nature - 255g","p":1.12,"u":"4,39 €/KG","img":"https://fd3-photos.leclercdrive.fr/image.ashx?id=2129233&use=l&cat=p&typeid=i","cat":285454},{"id":39511,"n":"Thé lady grey Twinings x20 sachets -  40g","p":2.37,"u":"59,25 €/KG","img":"https://fd3-photos.leclercdrive.fr/image.ashx?id=2875552&use=l&cat=p&typeid=i","cat":293233},{"id":39514,"n":"Soupe Velouté Regal Soupe Cèpes et bolets - 1L","p":2.25,"u":"2,25 €/L","img":"https://fd3-photos.leclercdrive.fr/image.ashx?id=2607545&use=l&cat=p&typeid=i","cat":284462},{"id":39517,"n":"Thé vert Twinings Citron x25 sachets -50g","p":2.13,"u":"42,60 €/KG","img":"https://fd3-photos.leclercdrive.fr/image.ashx?id=2893012&use=l&cat=p&typeid=i","cat":293233},{"id":39521,"n":"Cacahuètes enrobées Tokapi Salées - 150g","p":0.85,"u":"5,67 €/KG","img":"https://fd3-photos.leclercdrive.fr/image.ashx?id=1957812&use=l&cat=p&typeid=i","cat":284448},{"id":39522,"n":"Cacahuètes enrobées Tokapi Bacon - 150g","p":0.85,"u":"5,67 €/KG","img":"https://fd3-photos.leclercdrive.fr/image.ashx?id=1951858&use=l&cat=p&typeid=i","cat":284448},{"id":39523,"n":"Cacahuètes enrobées Tokapi Paprika - 150g","p":0.99,"u":"6,60 €/KG","img":"https://fd3-photos.leclercdrive.fr/image.ashx?id=1972828&use=l&cat=p&typeid=i","cat":284448},{"id":39524,"n":"Cacahuètes enrobées Tokapi Epicées - 150g","p":0.85,"u":"5,67 €/KG","img":"https://fd3-photos.leclercdrive.fr/image.ashx?id=763519&use=l&cat=p&typeid=i","cat":284448},{"id":39529,"n":"Jus de citron Rustica Sicile - 50cl","p":1.67,"u":"3,34 €/L","img":"https://fd3-photos.leclercdrive.fr/image.ashx?id=2974804&use=l&cat=p&typeid=i","cat":288383},{"id":39530,"n":"Dessert bébé BabyBio Bio 6 mois Pomme / Fraise - 260g","p":1.93,"u":"7,42 €/KG","img":"https://fd3-photos.leclercdrive.fr/image.ashx?id=2827509&use=l&cat=p&typeid=i","cat":312388},{"id":39531,"n":"Compote bébé Babybio Bio 4 mois Pomme / Mangue - 260g","p":1.97,"u":"7,58 €/KG","img":"https://fd3-photos.leclercdrive.fr/image.ashx?id=2827500&use=l&cat=p&typeid=i","cat":312387},{"id":39532,"n":"Repas bébé Bio Babybio - 4 mois Bio Patate douce - 260g","p":2.0,"u":"7,69 €/KG","img":"https://fd3-photos.leclercdrive.fr/image.ashx?id=2837760&use=l&cat=p&typeid=i","cat":312234},{"id":39534,"n":"Barres énergétiques Ovomaltine x5 barres - 100g","p":2.4,"u":"24,00 €/KG","img":"https://fd3-photos.leclercdrive.fr/image.ashx?id=2413029&use=l&cat=p&typeid=i","cat":318652},{"id":39539,"n":"Tablette chocolat Equador Noir fourré menthe 150g","p":2.25,"u":"15,00 €/KG","img":"https://fd3-photos.leclercdrive.fr/image.ashx?id=2834305&use=l&cat=p&typeid=i","cat":284956},{"id":39545,"n":"Soupe Poule au pot Régal Soupe  Déshydratée - 72g","p":0.84,"u":"11,67 €/KG","img":"https://fd3-photos.leclercdrive.fr/image.ashx?id=2656381&use=l&cat=p&typeid=i","cat":284463},{"id":39547,"n":"Duo Haricots verts et beurre Notre Jardin - 225g","p":1.03,"u":"4,58 €/KG","img":"https://fd3-photos.leclercdrive.fr/image.ashx?id=2988060&use=l&cat=p&typeid=i","cat":312606},{"id":39548,"n":"Haricots verts Notre Jardin Extra fins - 3x110g","p":1.83,"u":"5,55 €/KG","img":"https://fd3-photos.leclercdrive.fr/image.ashx?id=3002605&use=l&cat=p&typeid=i","cat":312606},{"id":39550,"n":"Sirop d'agave bio Bio Village 345g","p":1.99,"u":"5,77 €/KG","img":"https://fd3-photos.leclercdrive.fr/image.ashx?id=2175777&use=l&cat=p&typeid=i","cat":287643},{"id":39551,"n":"Tablettes pour chien Lydog Boeuf, poulet, agneau - 104g","p":1.22,"u":"11,73 €/KG","img":"https://fd3-photos.leclercdrive.fr/image.ashx?id=1947265&use=l&cat=p&typeid=i","cat":294527},{"id":39554,"n":"Mélange 4 champignons N.Jardin 230g","p":2.57,"u":"11,17 €/KG","img":"https://fd3-photos.leclercdrive.fr/image.ashx?id=1698902&use=l&cat=p&typeid=i","cat":312610},{"id":39555,"n":"Repas bébé bio Babybio - 6 mois Veau / Légumes - 2x200g","p":2.83,"u":"7,08 €/KG","img":"https://fd3-photos.leclercdrive.fr/image.ashx?id=2850545&use=l&cat=p&typeid=i","cat":312236},{"id":39556,"n":"Gaufres liégeoises P'tit Déli Sucrées - 550g","p":2.69,"u":"4,89 €/KG","img":"https://fd3-photos.leclercdrive.fr/image.ashx?id=2430219&use=l&cat=p&typeid=i","cat":294777},{"id":39558,"n":"Croquettes chat Tous mes amis Stérilisés - 2kg","p":3.24,"u":"1,62 €/KG","img":"https://fd3-photos.leclercdrive.fr/image.ashx?id=2301490&use=l&cat=p&typeid=i","cat":284680},{"id":39559,"n":"Céréales Jordans Spécial Muesli Fruits et Noix - 750g","p":3.26,"u":"4,35 €/KG","img":"https://fd3-photos.leclercdrive.fr/image.ashx?id=2966770&use=l&cat=p&typeid=i","cat":309512},{"id":39561,"n":"Petits pots bio Babybio Carotte boeuf - 8mois 2x200g","p":3.65,"u":"9,13 €/KG","img":"https://fd3-photos.leclercdrive.fr/image.ashx?id=2733286&use=l&cat=p&typeid=i","cat":312236},{"id":39562,"n":"Céréales Bio Jordans Muesli - 500g","p":2.9,"u":"5,80 €/KG","img":"https://fd3-photos.leclercdrive.fr/image.ashx?id=2475897&use=l&cat=p&typeid=i","cat":309512},{"id":39566,"n":"Repas bébé Babynat 6 mois Cabillaud Légumes - 2x200g","p":3.07,"u":"7,68 €/KG","img":"https://fd3-photos.leclercdrive.fr/image.ashx?id=2832008&use=l&cat=p&typeid=i","cat":312235},{"id":39569,"n":"Céréales Jordans Country Crisp Chocolat Noir 70% - 550g","p":3.57,"u":"6,49 €/KG","img":"https://fd3-photos.leclercdrive.fr/image.ashx?id=3000836&use=l&cat=p&typeid=i","cat":309512},{"id":39570,"n":"Céréales Jordans Country Crisp 4 Noix - 550g","p":3.23,"u":"5,87 €/KG","img":"https://fd3-photos.leclercdrive.fr/image.ashx?id=2973487&use=l&cat=p&typeid=i","cat":309512},{"id":39572,"n":"Biscuits batonnets P'tit Déli Chocolat au lait 90g","p":1.29,"u":"14,33 €/KG","img":"https://fd3-photos.leclercdrive.fr/image.ashx?id=2927182&use=l&cat=p&typeid=i","cat":284488},{"id":39584,"n":"AOP Côtes de Provence rosé Berne Grande récolte - 1,5L","p":27.9,"u":"18,60 €/L","img":"https://fd3-photos.leclercdrive.fr/image.ashx?id=2857536&use=l&cat=p&typeid=i","cat":289558},{"id":39616,"n":"Sirop Moulin de Valdonne Fraise - 70cl","p":3.64,"u":"5,20 €/L","img":"https://fd3-photos.leclercdrive.fr/image.ashx?id=2170559&use=l&cat=p&typeid=i","cat":295020},{"id":39686,"n":"Protection incontinence Chorys Homme - Normal - x20","p":5.32,"u":"0,27 €/P","img":"https://fd3-photos.leclercdrive.fr/image.ashx?id=2672936&use=l&cat=p&typeid=i","cat":291514},{"id":39735,"n":"Huile Isio 4 Lesieur Stop goutte - 675ml","p":2.68,"u":"3,97 €/L","img":"https://fd3-photos.leclercdrive.fr/image.ashx?id=2916015&use=l&cat=p&typeid=i","cat":284453},{"id":39743,"n":"Bière blonde 8.6 Gold Canette 50cl - 8.6%vol","p":1.53,"u":"3,06 €/L","img":"https://fd3-photos.leclercdrive.fr/image.ashx?id=1883591&use=l&cat=p&typeid=i","cat":334853},{"id":39750,"n":"Confiture Bonne Maman Myrtille cassis 370g","p":2.17,"u":"5,86 €/KG","img":"https://fd3-photos.leclercdrive.fr/image.ashx?id=2963427&use=l&cat=p&typeid=i","cat":284480},{"id":39768,"n":"Préparation de fruits Myrtilles  Lucien Georgelin 320g","p":2.41,"u":"7,53 €/KG","img":"https://fd3-photos.leclercdrive.fr/image.ashx?id=1953840&use=l&cat=p&typeid=i","cat":284480},{"id":39770,"n":"Edulcorant Canderel Pot, poudre 80g","p":2.29,"u":"28,63 €/KG","img":"https://fd3-photos.leclercdrive.fr/image.ashx?id=2811020&use=l&cat=p&typeid=i","cat":324846},{"id":39777,"n":"AOP Crémant d'Alsace Blanc Brut Arthur Metz - 75cl","p":6.9,"u":"9,20 €/L","img":"https://fd3-photos.leclercdrive.fr/image.ashx?id=2422926&use=l&cat=p&typeid=i","cat":284544},{"id":39783,"n":"Liqueur Malibu Coco 18% vol - 1L","p":15.45,"u":"15,45 €/L","img":"https://fd3-photos.leclercdrive.fr/image.ashx?id=2396881&use=l&cat=p&typeid=i","cat":284551},{"id":39796,"n":"Bûche de chèvre Soignon Crémeuse - 180g","p":3.12,"u":"17,33 €/KG","img":"https://fd3-photos.leclercdrive.fr/image.ashx?id=2787134&use=l&cat=p&typeid=i","cat":314031},{"id":39811,"n":"Bretzels Boehli 300g","p":1.74,"u":"5,80 €/KG","img":"https://fd3-photos.leclercdrive.fr/image.ashx?id=2584163&use=l&cat=p&typeid=i","cat":297000},{"id":39827,"n":"Sauce Algerienne Colona 500ml","p":2.96,"u":"5,92 €/L","img":"https://fd3-photos.leclercdrive.fr/image.ashx?id=2687182&use=l&cat=p&typeid=i","cat":318431},{"id":39856,"n":"Sirop Frucci  Citron vert - 75cl","p":3.29,"u":"4,39 €/L","img":"https://fd3-photos.leclercdrive.fr/image.ashx?id=2842307&use=l&cat=p&typeid=i","cat":295020},{"id":39858,"n":"Sirop Frucci Fruits exotiques - 75cl","p":2.65,"u":"3,53 €/L","img":"https://fd3-photos.leclercdrive.fr/image.ashx?id=2842313&use=l&cat=p&typeid=i","cat":295020},{"id":39870,"n":"Jus multifruits Jafaden 4x20cl","p":2.94,"u":"3,68 €/L","img":"https://fd3-photos.leclercdrive.fr/image.ashx?id=2802296&use=l&cat=p&typeid=i","cat":284524},{"id":39889,"n":"Tendres perles Blé Tipiak Prêt en 4 min - 700g","p":3.67,"u":"5,24 €/KG","img":"https://fd3-photos.leclercdrive.fr/image.ashx?id=2789095&use=l&cat=p&typeid=i","cat":284429},{"id":39890,"n":"Chicorée soluble Plantation nature - 200g","p":3.41,"u":"17,05 €/KG","img":"https://fd3-photos.leclercdrive.fr/image.ashx?id=2834308&use=l&cat=p&typeid=i","cat":284843},{"id":39894,"n":"Bière blanche Hilbörg 4,5%vol. -  6x25cl","p":3.45,"u":"2,30 €/L","img":"https://fd3-photos.leclercdrive.fr/image.ashx?id=2913706&use=l&cat=p&typeid=i","cat":334878},{"id":39903,"n":"Pâté de campagne à l'Andouille NRT -180g","p":1.98,"u":"11,00 €/KG","img":"https://fd3-photos.leclercdrive.fr/image.ashx?id=2560512&use=l&cat=p&typeid=i","cat":305149},{"id":39923,"n":"AOC Corse vin rosé Terres Ocrées - BIB 3L","p":16.99,"u":"5,66 €/L","img":"https://fd3-photos.leclercdrive.fr/image.ashx?id=2874696&use=l&cat=p&typeid=i","cat":289560},{"id":39927,"n":"AOC Bordeaux vin blanc moelleux Chantet Blanet - 75cl","p":3.49,"u":"4,65 €/L","img":"https://fd3-photos.leclercdrive.fr/image.ashx?id=2918463&use=l&cat=p&typeid=i","cat":289557},{"id":39943,"n":"Laque fixation Extra-Forte Dop Vivelle - 250ml","p":3.83,"u":"15,32 €/L","img":"https://fd3-photos.leclercdrive.fr/image.ashx?id=2457236&use=l&cat=p&typeid=i","cat":284609},{"id":39946,"n":"Crème de nuit L'Oréal Paris Revitalift anti-rides - 50ml","p":7.72,"u":"154,40 €/L","img":"https://fd3-photos.leclercdrive.fr/image.ashx?id=2865869&use=l&cat=p&typeid=i","cat":325345},{"id":39947,"n":"Soin de jour L'Oréal Paris Revitalift Anti-rides - 50ml","p":7.72,"u":"154,40 €/L","img":"https://fd3-photos.leclercdrive.fr/image.ashx?id=2851078&use=l&cat=p&typeid=i","cat":325345},{"id":39961,"n":"Emiettés de sardines Gastromer Citron - 150g","p":1.99,"pp":1.31,"u":"8,73 €/KG","img":"https://fd3-photos.leclercdrive.fr/image.ashx?id=1605758&use=l&cat=p&typeid=i","cat":285191},{"id":39972,"n":"Basilic Ducros 11g","p":1.36,"u":"123,64 €/KG","img":"https://fd3-photos.leclercdrive.fr/image.ashx?id=2559469&use=l&cat=p&typeid=i","cat":298297},{"id":39973,"n":"Plat bébé Blédina 12 mois  Boulghour tomate saumon -2x200g","p":2.67,"u":"6,68 €/KG","img":"https://fd3-photos.leclercdrive.fr/image.ashx?id=2975083&use=l&cat=p&typeid=i","cat":312237},{"id":39974,"n":"Plat bébé Blédina 6 mois  Purée butternut poulet - 2x200g","p":2.63,"u":"6,58 €/KG","img":"https://fd3-photos.leclercdrive.fr/image.ashx?id=2975080&use=l&cat=p&typeid=i","cat":312236},{"id":39988,"n":"Crème de douche Manava Douceur de crème - 250ml","p":1.05,"u":"4,20 €/L","img":"https://fd3-photos.leclercdrive.fr/image.ashx?id=2699282&use=l&cat=p&typeid=i","cat":284594},{"id":39992,"n":"Gel douche Manava Monoï de Polynésie 250ml","p":1.15,"u":"4,60 €/L","img":"https://fd3-photos.leclercdrive.fr/image.ashx?id=2626805&use=l&cat=p&typeid=i","cat":284594},{"id":39994,"n":"Lait douche Manava Fleur d'oranger 250ml","p":1.29,"u":"5,16 €/L","img":"https://fd3-photos.leclercdrive.fr/image.ashx?id=2618335&use=l&cat=p&typeid=i","cat":284594},{"id":39995,"n":"Recharge gel lavant Manava Savon de Marseil. Olive - 250ml","p":0.66,"u":"2,64 €/L","img":"https://fd3-photos.leclercdrive.fr/image.ashx?id=2935501&use=l&cat=p&typeid=i","cat":284597},{"id":40003,"n":"Saucisson Justin Bridou La Juste Sèche - 275g","p":4.15,"u":"15,09 €/KG","img":"https://fd3-photos.leclercdrive.fr/image.ashx?id=2756927&use=l&cat=p&typeid=i","cat":316006},{"id":40004,"n":"Saucisson Mini Justin Bridou  Bâton de Berger - 100g","p":2.29,"u":"22,90 €/KG","img":"https://fd3-photos.leclercdrive.fr/image.ashx?id=3011440&use=l&cat=p&typeid=i","cat":316006},{"id":40006,"n":"Houmous Extra l'Atelier Blini 175g","p":2.71,"u":"15,49 €/KG","img":"https://fd3-photos.leclercdrive.fr/image.ashx?id=2795093&use=l&cat=p&typeid=i","cat":315999},{"id":40010,"n":"Emiettés de thon chorizo  Gastromer - 150g","p":1.99,"pp":1.31,"u":"8,73 €/KG","img":"https://fd3-photos.leclercdrive.fr/image.ashx?id=2049910&use=l&cat=p&typeid=i","cat":285191},{"id":40017,"n":"Tzatziki Blini Extra - 175g","p":2.76,"u":"15,77 €/KG","img":"https://fd3-photos.leclercdrive.fr/image.ashx?id=2973703&use=l&cat=p&typeid=i","cat":315999},{"id":40027,"n":"Tartinable Thon Cap Océan MSC Fromage Frais Ciboulette - 140g","p":1.88,"u":"13,43 €/KG","img":"https://fd3-photos.leclercdrive.fr/image.ashx?id=2434425&use=l&cat=p&typeid=i","cat":285191},{"id":40033,"n":"Yaourt nature sucré Yoplait - 16x125g","p":3.28,"u":"1,64 €/KG","img":"https://fd3-photos.leclercdrive.fr/image.ashx?id=2796821&use=l&cat=p&typeid=i","cat":284409},{"id":40034,"n":"Menthe Pastille Giffard 24%vol - 70cl","p":11.85,"pp":10.85,"u":"15,50 €/L","img":"https://fd3-photos.leclercdrive.fr/image.ashx?id=2529903&use=l&cat=p&typeid=i","cat":286032},{"id":40038,"n":"Bière Lindemans Kriek 3.5%vol. - 25cl","p":1.68,"u":"6,72 €/L","img":"https://fd3-photos.leclercdrive.fr/image.ashx?id=2830894&use=l&cat=p&typeid=i","cat":334872},{"id":40051,"n":"Crêpes bretonnes Saint Michel Nature - x12 - 315g","p":2.27,"u":"7,21 €/KG","img":"https://fd3-photos.leclercdrive.fr/image.ashx?id=2060238&use=l&cat=p&typeid=i","cat":284494},{"id":40089,"n":"Gel douche Manava Cranberry myrtille - 250ml","p":1.15,"u":"4,60 €/L","img":"https://fd3-photos.leclercdrive.fr/image.ashx?id=2626802&use=l&cat=p&typeid=i","cat":284594},{"id":40090,"n":"Lait corps Inell Nourrissant - 250ml","p":2.33,"u":"9,32 €/L","img":"https://fd3-photos.leclercdrive.fr/image.ashx?id=2691661&use=l&cat=p&typeid=i","cat":325349},{"id":40092,"n":"Saucisson sec Saint Azay Stick au noix 100g","p":1.99,"u":"19,90 €/KG","img":"https://fd3-photos.leclercdrive.fr/image.ashx?id=2469565&use=l&cat=p&typeid=i","cat":316006},{"id":40094,"n":"Saucissons secs Saint Azay Stick nature 100g","p":1.99,"u":"19,90 €/KG","img":"https://fd3-photos.leclercdrive.fr/image.ashx?id=2977162&use=l&cat=p&typeid=i","cat":316006},{"id":40101,"n":"Saucisson Saint-Azay  Fuet Catalan - 170 g","p":2.09,"u":"12,29 €/KG","img":"https://fd3-photos.leclercdrive.fr/image.ashx?id=2856302&use=l&cat=p&typeid=i","cat":316006},{"id":40122,"n":"AOP Côtes de Provence vin rosé Terres Ocrées - 75cl - 13%","p":4.99,"u":"6,65 €/L","img":"https://fd3-photos.leclercdrive.fr/image.ashx?id=2896895&use=l&cat=p&typeid=i","cat":289558},{"id":40133,"n":"Gaufrettes Paille d'Or LU Framboise - 170g","p":1.83,"u":"10,76 €/KG","img":"https://fd3-photos.leclercdrive.fr/image.ashx?id=2883753&use=l&cat=p&typeid=i","cat":284489},{"id":40134,"n":"Biscottes Heudebert  Nature - 830g","p":3.35,"u":"4,04 €/KG","img":"https://fd3-photos.leclercdrive.fr/image.ashx?id=2473705&use=l&cat=p&typeid=i","cat":284479},{"id":40135,"n":"Biscottes Heudebert  Nature - 300g","p":1.5,"u":"5,00 €/KG","img":"https://fd3-photos.leclercdrive.fr/image.ashx?id=2368291&use=l&cat=p&typeid=i","cat":284479},{"id":40137,"n":"Biscuits Pocket Petit Ecolier  LU Chocolat au lait - 250g","p":3.02,"u":"12,08 €/KG","img":"https://fd3-photos.leclercdrive.fr/image.ashx?id=3005326&use=l&cat=p&typeid=i","cat":284488},{"id":40138,"n":"Biscuits Petit Ecolier Chocolat au lait - 150g","p":1.68,"u":"11,20 €/KG","img":"https://fd3-photos.leclercdrive.fr/image.ashx?id=2323844&use=l&cat=p&typeid=i","cat":284488},{"id":40140,"n":"Pain grillé Pelletier Froment - 500g","p":2.31,"u":"4,62 €/KG","img":"https://fd3-photos.leclercdrive.fr/image.ashx?id=3002249&use=l&cat=p&typeid=i","cat":284479},{"id":40142,"n":"Compote Douceur du Verger Coupelle multivariétés -16x100g","p":3.99,"u":"2,49 €/KG","img":"https://fd3-photos.leclercdrive.fr/image.ashx?id=2663533&use=l&cat=p&typeid=i","cat":284508},{"id":40169,"n":"IGP Sel fin Le Guérandais  Label rouge - 250g","p":2.3,"u":"9,20 €/KG","img":"https://fd3-photos.leclercdrive.fr/image.ashx?id=2457887&use=l&cat=p&typeid=i","cat":284457},{"id":40173,"n":"Préfou Paso Tomate basilic - 350g","p":4.99,"img":"https://fd3-photos.leclercdrive.fr/image.ashx?id=2676765&use=l&cat=p&typeid=i","cat":316003},{"id":40180,"n":"Emiettés surimi crabe Gastromer 150g","p":1.99,"pp":1.31,"u":"8,73 €/KG","img":"https://fd3-photos.leclercdrive.fr/image.ashx?id=1605662&use=l&cat=p&typeid=i","cat":285191},{"id":40214,"n":"Sauce Pesto Barilla Basilic et Roquette - 190g","p":1.87,"u":"9,84 €/KG","img":"https://fd3-photos.leclercdrive.fr/image.ashx?id=2457980&use=l&cat=p&typeid=i","cat":287599},{"id":40215,"n":"Petit pot soir Babybio Bio P.pois maïs riz, 6 mois 2x200g","p":2.51,"u":"6,28 €/KG","img":"https://fd3-photos.leclercdrive.fr/image.ashx?id=2827476&use=l&cat=p&typeid=i","cat":312239},{"id":40217,"n":"Petits pots Babybio Bio Légumes jambon - 8mois 2x200g","p":3.07,"u":"7,68 €/KG","img":"https://fd3-photos.leclercdrive.fr/image.ashx?id=2838464&use=l&cat=p&typeid=i","cat":312236},{"id":40277,"n":"Barres glacées Bounty  Chocolat & Noix de Coco x6 235g","p":2.43,"u":"10,34 €/KG","img":"https://fd3-photos.leclercdrive.fr/image.ashx?id=1935069&use=l&cat=p&typeid=i","cat":284264},{"id":40279,"n":"Jus innocent orange sans pulpe 900ml","p":2.48,"u":"2,76 €/L","img":"https://fd3-photos.leclercdrive.fr/image.ashx?id=2736583&use=l&cat=p&typeid=i","cat":285435},{"id":40303,"n":"Coton Duo Démaquillants Inell Ovale - Aloé véra - Disques x60","p":1.69,"img":"https://fd3-photos.leclercdrive.fr/image.ashx?id=1926957&use=l&cat=p&typeid=i","cat":285593},{"id":40310,"n":"Chocolat Tablette d'Or Au lait et au riz - 100g","p":1.39,"u":"13,90 €/KG","img":"https://fd3-photos.leclercdrive.fr/image.ashx?id=3015386&use=l&cat=p&typeid=i","cat":284497},{"id":40311,"n":"Biscuits cacao P'tit Déli Chocolat noir/blanc - 115g","p":2.0,"u":"17,39 €/KG","img":"https://fd3-photos.leclercdrive.fr/image.ashx?id=2566197&use=l&cat=p&typeid=i","cat":284488},{"id":40312,"n":"Cèpes déshydratés Notre Jardin 40g","p":3.11,"u":"77,75 €/KG","img":"https://fd3-photos.leclercdrive.fr/image.ashx?id=2403276&use=l&cat=p&typeid=i","cat":284352},{"id":40313,"n":"Madeleines marbrées P'tit Déli Chocolat 400g","p":2.15,"u":"5,38 €/KG","img":"https://fd3-photos.leclercdrive.fr/image.ashx?id=2646065&use=l&cat=p&typeid=i","cat":284492},{"id":40315,"n":"Chips ondulées Pom'Lisse Epicé - 135g","p":1.17,"u":"8,67 €/KG","img":"https://fd3-photos.leclercdrive.fr/image.ashx?id=2919628&use=l&cat=p&typeid=i","cat":284447},{"id":40318,"n":"Mini cornichons Rustica 210g","p":2.03,"u":"9,67 €/KG","img":"https://fd3-photos.leclercdrive.fr/image.ashx?id=2916704&use=l&cat=p&typeid=i","cat":284458},{"id":40321,"n":"Bonbons Confiseo Menthe Extrême - 250g","p":1.49,"u":"5,96 €/KG","img":"https://fd3-photos.leclercdrive.fr/image.ashx?id=2934712&use=l&cat=p&typeid=i","cat":304252},{"id":40330,"n":"Sablés P'tit Déli Pur beurre framboise - 100g","p":1.18,"u":"11,80 €/KG","img":"https://fd3-photos.leclercdrive.fr/image.ashx?id=2669747&use=l&cat=p&typeid=i","cat":284487},{"id":40332,"n":"Bière aromatisée Desperados 5.9%vol. - 20x25cl","p":18.23,"u":"3,65 €/L","img":"https://fd3-photos.leclercdrive.fr/image.ashx?id=2977300&use=l&cat=p&typeid=i","cat":334878},{"id":40336,"n":"Bière blonde Heineken 12x33cl","p":11.3,"u":"2,85 €/L","img":"https://fd3-photos.leclercdrive.fr/image.ashx?id=3008110&use=l&cat=p&typeid=i","cat":334873},{"id":40337,"n":"Morilles déshydratées Notre Jardin pot 30g","p":12.78,"u":"426,00 €/KG","img":"https://fd3-photos.leclercdrive.fr/image.ashx?id=2418332&use=l&cat=p&typeid=i","cat":284352},{"id":40342,"n":"Serviette Tena Lady - Maxi Night - x12","p":5.77,"u":"0,48 €/P","img":"https://fd3-photos.leclercdrive.fr/image.ashx?id=2597232&use=l&cat=p&typeid=i","cat":284628},{"id":40345,"n":"Cotons Démaquillants Demak'Up Original ovale x70","p":1.82,"u":"0,03 €/P","img":"https://fd3-photos.leclercdrive.fr/image.ashx?id=2791458&use=l&cat=p&typeid=i","cat":285593},{"id":40373,"n":"Sauce Sacla'Italia Aubergines Alla parmigiana 190g","p":2.98,"u":"15,68 €/KG","img":"https://fd3-photos.leclercdrive.fr/image.ashx?id=2507041&use=l&cat=p&typeid=i","cat":287599},{"id":40406,"n":"Purée de tomate Sacla'Italia Bio - 680g","p":2.04,"u":"3,00 €/KG","img":"https://fd3-photos.leclercdrive.fr/image.ashx?id=2507071&use=l&cat=p&typeid=i","cat":288384},{"id":40412,"n":"Thon entier Petit Navire Huile de tournesol - 160g","p":2.11,"u":"13,19 €/KG","img":"https://fd3-photos.leclercdrive.fr/image.ashx?id=2523846&use=l&cat=p&typeid=i","cat":303867},{"id":40430,"n":"Plat bébé soir Blédiner 8 mois  Patate douce carotte - 2x200g","p":2.27,"u":"5,68 €/KG","img":"https://fd3-photos.leclercdrive.fr/image.ashx?id=2902969&use=l&cat=p&typeid=i","cat":312239},{"id":40490,"n":"Compote Andros Pomme abricot - 8x100g","p":4.38,"u":"5,48 €/KG","img":"https://fd3-photos.leclercdrive.fr/image.ashx?id=2968097&use=l&cat=p&typeid=i","cat":284416},{"id":40491,"n":"Compotes Andros Pomme poire 8x100g","p":2.76,"u":"3,45 €/KG","img":"https://fd3-photos.leclercdrive.fr/image.ashx?id=2883943&use=l&cat=p&typeid=i","cat":284416},{"id":40495,"n":"Gâteau mix max Balconi Cacao 350g","p":1.93,"u":"5,51 €/KG","img":"https://fd3-photos.leclercdrive.fr/image.ashx?id=2878408&use=l&cat=p&typeid=i","cat":284495},{"id":40506,"n":"Sauce Sacla'Italia Gorgonzola oignon doux - 190g","p":2.94,"u":"15,47 €/KG","img":"https://fd3-photos.leclercdrive.fr/image.ashx?id=2507044&use=l&cat=p&typeid=i","cat":287599},{"id":40516,"n":"Compote Douceur du Verger Gourdes multivariétés - 12x90g","p":4.09,"u":"3,79 €/KG","img":"https://fd3-photos.leclercdrive.fr/image.ashx?id=2837051&use=l&cat=p&typeid=i","cat":284508},{"id":40518,"n":"Kit burritos Old El Paso extra doux - 491g","p":4.55,"u":"9,27 €/KG","img":"https://fd3-photos.leclercdrive.fr/image.ashx?id=2759496&use=l&cat=p&typeid=i","cat":288993},{"id":40519,"n":"Kit fajitas Old El Paso extra doux - 478g","p":5.19,"u":"10,86 €/KG","img":"https://fd3-photos.leclercdrive.fr/image.ashx?id=2765405&use=l&cat=p&typeid=i","cat":288993},{"id":40573,"n":"Tablette chocolat Milka Chocolat lait/Noisette - 2x100g","p":3.39,"u":"16,95 €/KG","img":"https://fd3-photos.leclercdrive.fr/image.ashx?id=2832422&use=l&cat=p&typeid=i","cat":284497},{"id":40574,"n":"Tablette chocolat Milka Chocolat lait/Riz - 2x100g","p":3.49,"u":"17,45 €/KG","img":"https://fd3-photos.leclercdrive.fr/image.ashx?id=2400448&use=l&cat=p&typeid=i","cat":284497},{"id":40626,"n":"AOC Rosé de Loire vin rosé Les Caractères - 75cl","p":3.69,"u":"4,92 €/L","img":"https://fd3-photos.leclercdrive.fr/image.ashx?id=2756149&use=l&cat=p&typeid=i","cat":289558},{"id":40631,"n":"Levure Chimique Alsacienne alsa 8 sachets - 88g","p":0.68,"u":"7,73 €/KG","img":"https://fd3-photos.leclercdrive.fr/image.ashx?id=3009335&use=l&cat=p&typeid=i","cat":294686},{"id":40649,"n":"Pansement Primoplast Transparents x40","p":0.99,"u":"0,02 €/P","img":"https://fd3-photos.leclercdrive.fr/image.ashx?id=2832957&use=l&cat=p&typeid=i","cat":284630},{"id":40652,"n":"Jus de cranberry Gayelord Hauser - 75cl","p":3.03,"u":"4,04 €/L","img":"https://fd3-photos.leclercdrive.fr/image.ashx?id=2750441&use=l&cat=p&typeid=i","cat":284915},{"id":40653,"n":"Jus de grenade Gayelord Hauser - 75cl","p":2.88,"u":"3,84 €/L","img":"https://fd3-photos.leclercdrive.fr/image.ashx?id=2923789&use=l&cat=p&typeid=i","cat":284915},{"id":40656,"n":"Gel douche Manava Surgras - 500ml","p":1.85,"u":"3,70 €/L","img":"https://fd3-photos.leclercdrive.fr/image.ashx?id=2799239&use=l&cat=p&typeid=i","cat":284594},{"id":40657,"n":"Gel douche Manava Hypoallergenique - 500ml","p":1.85,"u":"3,70 €/L","img":"https://fd3-photos.leclercdrive.fr/image.ashx?id=2799165&use=l&cat=p&typeid=i","cat":284594},{"id":40659,"n":"Crème décolorante Vitanove 165ml","p":3.92,"u":"23,76 €/L","img":"https://fd3-photos.leclercdrive.fr/image.ashx?id=2522533&use=l&cat=p&typeid=i","cat":288899},{"id":40666,"n":"Antiseptique Primoplast Spray - 100ml","p":2.4,"u":"24,00 €/L","img":"https://fd3-photos.leclercdrive.fr/image.ashx?id=2856522&use=l&cat=p&typeid=i","cat":284630},{"id":40667,"n":"Shampooing Vitanove Nutrition - 750ml","p":3.99,"u":"5,32 €/L","img":"https://fd3-photos.leclercdrive.fr/image.ashx?id=2478925&use=l&cat=p&typeid=i","cat":284606},{"id":40670,"n":"Shampooing Vitanove Couleur - 750ml","p":3.99,"u":"5,32 €/L","img":"https://fd3-photos.leclercdrive.fr/image.ashx?id=1923577&use=l&cat=p&typeid=i","cat":284606},{"id":40676,"n":"Beurre Tendre Président Demi-sel - 80% MG - 250g","p":3.33,"u":"13,32 €/KG","img":"https://fd3-photos.leclercdrive.fr/image.ashx?id=2731420&use=l&cat=p&typeid=i","cat":284379},{"id":40708,"n":"IGP Gard vin rosé Rives & Terrasses 12% vol - BIB 5L","p":13.99,"u":"2,80 €/L","img":"https://fd3-photos.leclercdrive.fr/image.ashx?id=2882325&use=l&cat=p&typeid=i","cat":289560},{"id":40723,"n":"Fromage à tartiner Les Croisés Echalote et Ciboulette - 150g","p":1.66,"u":"11,07 €/KG","img":"https://fd3-photos.leclercdrive.fr/image.ashx?id=2476158&use=l&cat=p&typeid=i","cat":314029},{"id":40736,"n":"Saumon fumé Labeyrie Norvège 2 tranches - 75g","p":4.33,"u":"57,73 €/KG","img":"https://fd3-photos.leclercdrive.fr/image.ashx?id=2729905&use=l&cat=p&typeid=i","cat":285188},{"id":40739,"n":"AOC Savoie vin blanc Antoine Barrier - 75cl","p":6.79,"u":"9,05 €/L","img":"https://fd3-photos.leclercdrive.fr/image.ashx?id=2980677&use=l&cat=p&typeid=i","cat":289557},{"id":40774,"n":"Lingettes nettoyantes La Croix Désinfectant Javel - x 25","p":1.68,"u":"0,07 €/P","img":"https://fd3-photos.leclercdrive.fr/image.ashx?id=2540106&use=l&cat=p&typeid=i","cat":325358},{"id":40776,"n":"Détachant avant lavage K2R  Tâche incrustée mousse  - 400mL","p":3.04,"u":"7,60 €/L","img":"https://fd3-photos.leclercdrive.fr/image.ashx?id=2101177&use=l&cat=p&typeid=i","cat":284651},{"id":40786,"n":"Riz au lait Bio Bio Village Vanille - 4x100g","p":1.79,"u":"4,48 €/KG","img":"https://fd3-photos.leclercdrive.fr/image.ashx?id=2992636&use=l&cat=p&typeid=i","cat":284418},{"id":40789,"n":"Yaourts à boire Délisse Fraise - 8x100g","p":1.95,"u":"2,44 €/KG","img":"https://fd3-photos.leclercdrive.fr/image.ashx?id=2762504&use=l&cat=p&typeid=i","cat":284415},{"id":40799,"n":"Cylindre d'échange CO2 Sodastream - à visser - 60L","p":11.97,"img":"https://fd3-photos.leclercdrive.fr/image.ashx?id=2858690&use=l&cat=p&typeid=i","cat":335916},{"id":40870,"n":"Purée de courgettes Florette 2x200g","p":2.38,"u":"5,95 €/KG","img":"https://fd3-photos.leclercdrive.fr/image.ashx?id=2790006&use=l&cat=p&typeid=i","cat":333665},{"id":40872,"n":"Ecrasé de légumes Florette Pomme de terre carottes 2x200g","p":3.07,"u":"7,68 €/KG","img":"https://fd3-photos.leclercdrive.fr/image.ashx?id=2767696&use=l&cat=p&typeid=i","cat":333665},{"id":40882,"n":"Sauce provençale Barilla 400g","p":1.72,"u":"4,30 €/KG","img":"https://fd3-photos.leclercdrive.fr/image.ashx?id=2832524&use=l&cat=p&typeid=i","cat":287599},{"id":40904,"n":"Pesto rosso Turini 190g","p":1.68,"u":"8,84 €/KG","img":"https://fd3-photos.leclercdrive.fr/image.ashx?id=2546257&use=l&cat=p&typeid=i","cat":287599},{"id":40908,"n":"Sauce pizza Tomapizza Panzani aux tomates et origan - 390g","p":1.36,"u":"3,49 €/KG","img":"https://fd3-photos.leclercdrive.fr/image.ashx?id=2744626&use=l&cat=p&typeid=i","cat":288384},{"id":40918,"n":"Litière chats Nullodor 1,5kg","p":5.7,"u":"3,80 €/KG","img":"https://fd3-photos.leclercdrive.fr/image.ashx?id=2288440&use=l&cat=p&typeid=i","cat":284683},{"id":40943,"n":"Whisky Single malt Caol Ila 12ans 43%vol - 70cl","p":37.9,"u":"54,14 €/L","img":"https://fd3-photos.leclercdrive.fr/image.ashx?id=1853499&use=l&cat=p&typeid=i","cat":284547},{"id":40967,"n":"AOP Bourgogne Aligoté vin blanc Antoine Barrier - 75cl","p":6.49,"u":"8,65 €/L","img":"https://fd3-photos.leclercdrive.fr/image.ashx?id=2883011&use=l&cat=p&typeid=i","cat":289557},{"id":40968,"n":"AOP Bordeaux Supérieur rouge Château Labatut Prestige - 75cl","p":5.4,"u":"7,20 €/L","img":"https://fd3-photos.leclercdrive.fr/image.ashx?id=2860973&use=l&cat=p&typeid=i","cat":289556},{"id":40981,"n":"Torche mini Foxter x1","p":3.5,"img":"https://fd3-photos.leclercdrive.fr/image.ashx?id=788340&use=l&cat=p&typeid=i","cat":300613},{"id":40984,"n":"Chargeur piles Basic' Foxter AA/HR6 1 AAA/HR3 + 4 piles HR6","p":14.79,"u":"Dont 0,10 € d'éco-part.","img":"https://fd3-photos.leclercdrive.fr/image.ashx?id=2034160&use=l&cat=p&typeid=i","cat":300572},{"id":40988,"n":"Détachant Ace Délicat Système 8+ 2L","p":4.73,"u":"2,37 €/L","img":"https://fd3-photos.leclercdrive.fr/image.ashx?id=2559152&use=l&cat=p&typeid=i","cat":284651},{"id":40997,"n":"Panier forestier déshydraté  30g","p":1.67,"u":"55,67 €/KG","img":"https://fd3-photos.leclercdrive.fr/image.ashx?id=2618853&use=l&cat=p&typeid=i","cat":312610},{"id":41002,"n":"Repas fraicheur pour chat Sheba Volaille en sauce - 6x50g","p":2.82,"u":"9,40 €/KG","img":"https://fd3-photos.leclercdrive.fr/image.ashx?id=2888097&use=l&cat=p&typeid=i","cat":285286},{"id":41004,"n":"Bâtonnets Dentastix Pedigree  Fresh Petit chien x7 - 110g","p":1.99,"u":"18,09 €/KG","img":"https://fd3-photos.leclercdrive.fr/image.ashx?id=2850168&use=l&cat=p&typeid=i","cat":294527},{"id":41006,"n":"Biscuits chien Pedigree Markies fourrés - 500g","p":1.73,"u":"3,46 €/KG","img":"https://fd3-photos.leclercdrive.fr/image.ashx?id=2254319&use=l&cat=p&typeid=i","cat":294527},{"id":41009,"n":"Friandises chat Catisfactions Fromage - 60g","p":1.17,"u":"19,50 €/KG","img":"https://fd3-photos.leclercdrive.fr/image.ashx?id=2912608&use=l&cat=p&typeid=i","cat":285285},{"id":41018,"n":"Pur jus d'ananas Jafaden Bouteille 1L","p":1.99,"u":"1,99 €/L","img":"https://fd3-photos.leclercdrive.fr/image.ashx?id=2956729&use=l&cat=p&typeid=i","cat":284916},{"id":41019,"n":"Pur jus de raisin Jafaden Bouteille 1L","p":1.54,"u":"1,54 €/L","img":"https://fd3-photos.leclercdrive.fr/image.ashx?id=2860757&use=l&cat=p&typeid=i","cat":284915},{"id":41020,"n":"Pur jus Jafaden Clémentine - 1L","p":1.91,"u":"1,91 €/L","img":"https://fd3-photos.leclercdrive.fr/image.ashx?id=2895786&use=l&cat=p&typeid=i","cat":284915},{"id":41022,"n":"Sachet fraicheur chat Sheba Thon cabillaud en sauce - 6x50g","p":2.53,"u":"8,43 €/KG","img":"https://fd3-photos.leclercdrive.fr/image.ashx?id=2347128&use=l&cat=p&typeid=i","cat":285286},{"id":41029,"n":"Amandes en poudre 500g","p":7.29,"u":"14,58 €/KG","img":"https://fd3-photos.leclercdrive.fr/image.ashx?id=1588572&use=l&cat=p&typeid=i","cat":284504},{"id":41053,"n":"Poêlée Paysan Breton Aux 5 légumes - 1kg","p":3.63,"u":"3,63 €/KG","img":"https://fd3-photos.leclercdrive.fr/image.ashx?id=2882403&use=l&cat=p&typeid=i","cat":319823},{"id":41054,"n":"Poêlée poisson Paysan Breton 1kg","p":2.81,"u":"2,81 €/KG","img":"https://fd3-photos.leclercdrive.fr/image.ashx?id=2882400&use=l&cat=p&typeid=i","cat":319823},{"id":41063,"n":"Anchois Fumeries Occitanes A la crème d'ail - 200g","p":2.71,"u":"13,55 €/KG","img":"https://fd3-photos.leclercdrive.fr/image.ashx?id=1912736&use=l&cat=p&typeid=i","cat":285190},{"id":41078,"n":"Yaourts Savoie Yaourt Fruits jaunes - 6x125g","p":2.83,"u":"3,77 €/KG","img":"https://fd3-photos.leclercdrive.fr/image.ashx?id=2504752&use=l&cat=p&typeid=i","cat":284410},{"id":41112,"n":"Préparation de fruits Cerises noires Lucien Georgelin 320g","p":2.48,"u":"7,75 €/KG","img":"https://fd3-photos.leclercdrive.fr/image.ashx?id=1638547&use=l&cat=p&typeid=i","cat":284480},{"id":41115,"n":"Pâté de campagne  Lucien Georgelin - 220g","p":2.67,"u":"12,14 €/KG","img":"https://fd3-photos.leclercdrive.fr/image.ashx?id=1623717&use=l&cat=p&typeid=i","cat":305149},{"id":41117,"n":"Vinaigre de nettoyage Clair Citron - 750ml","p":1.95,"u":"2,60 €/L","img":"https://fd3-photos.leclercdrive.fr/image.ashx?id=2949188&use=l&cat=p&typeid=i","cat":325365},{"id":41140,"n":"Filets maquereaux Pêche Océan Naturel - 95g","p":1.48,"u":"15,58 €/KG","img":"https://fd3-photos.leclercdrive.fr/image.ashx?id=2515685&use=l&cat=p&typeid=i","cat":303868},{"id":41147,"n":"Bain de bouche Dentamyl Expert Sensitive - 500ml","p":1.89,"u":"3,78 €/L","img":"https://fd3-photos.leclercdrive.fr/image.ashx?id=2594570&use=l&cat=p&typeid=i","cat":284613},{"id":41161,"n":"Olives Apéritives A la provençale - 250g","p":2.83,"u":"11,32 €/KG","img":"https://fd3-photos.leclercdrive.fr/image.ashx?id=2833699&use=l&cat=p&typeid=i","cat":316002},{"id":41162,"n":"Olives Apéritives Cassées à l'ail - 250g","p":2.83,"u":"11,32 €/KG","img":"https://fd3-photos.leclercdrive.fr/image.ashx?id=2833696&use=l&cat=p&typeid=i","cat":316002},{"id":41169,"n":"Sauce Madère Cruz 20cl","p":1.77,"u":"8,85 €/L","img":"https://fd3-photos.leclercdrive.fr/image.ashx?id=2498290&use=l&cat=p&typeid=i","cat":284913},{"id":41171,"n":"Pâté de la fermière Vieilles Lucien Georgelin 220g","p":2.96,"u":"13,45 €/KG","img":"https://fd3-photos.leclercdrive.fr/image.ashx?id=2666069&use=l&cat=p&typeid=i","cat":305149},{"id":41188,"n":"Captain Morgan Original Spiced Boisson à base de rhum- 70cl","p":14.59,"u":"20,84 €/L","img":"https://fd3-photos.leclercdrive.fr/image.ashx?id=2518403&use=l&cat=p&typeid=i","cat":284551},{"id":41190,"n":"Liqueur de Whisky Jack Daniel's Honey 70cL","p":19.95,"pp":17.95,"u":"25,64 €/L","img":"https://fd3-photos.leclercdrive.fr/image.ashx?id=2973982&use=l&cat=p&typeid=i","cat":286032},{"id":41209,"n":"Caviar d'aubergine Cruscana 150g","p":2.66,"u":"17,73 €/KG","img":"https://fd3-photos.leclercdrive.fr/image.ashx?id=1946336&use=l&cat=p&typeid=i","cat":315999},{"id":41211,"n":"Tomate et basilic Cruscana 150g","p":2.58,"u":"17,20 €/KG","img":"https://fd3-photos.leclercdrive.fr/image.ashx?id=2790630&use=l&cat=p&typeid=i","cat":315999},{"id":41212,"n":"Tomate et olive Cruscana 150g","p":1.78,"u":"11,87 €/KG","img":"https://fd3-photos.leclercdrive.fr/image.ashx?id=2790633&use=l&cat=p&typeid=i","cat":315999},{"id":41223,"n":"Chips natures paysannes Bret's Au sel de Guérande 250g","p":2.27,"u":"9,08 €/KG","img":"https://fd3-photos.leclercdrive.fr/image.ashx?id=2217651&use=l&cat=p&typeid=i","cat":284447},{"id":41268,"n":"Croquettes chat  Eco+ Viandes légumes-  2kg","p":2.33,"u":"1,17 €/KG","img":"https://fd3-photos.leclercdrive.fr/image.ashx?id=2932381&use=l&cat=p&typeid=i","cat":284680},{"id":41269,"n":"Croquettes chat Eco+ Poisson, céréales, légumes 2kg","p":2.48,"u":"1,24 €/KG","img":"https://fd3-photos.leclercdrive.fr/image.ashx?id=2046980&use=l&cat=p&typeid=i","cat":284680},{"id":41271,"n":"Croquettes chiens Eco+ Adulte - Boeuf - 10kg","p":9.97,"u":"1,00 €/KG","img":"https://fd3-photos.leclercdrive.fr/image.ashx?id=2946808&use=l&cat=p&typeid=i","cat":284672},{"id":41275,"n":"Croquettes chat Purina One Sterilisé - Poulet - 1,5kg","p":7.62,"u":"5,08 €/KG","img":"https://fd3-photos.leclercdrive.fr/image.ashx?id=2488046&use=l&cat=p&typeid=i","cat":284680},{"id":41278,"n":"Croquettes chiens Eco+ Adulte - Viande -  4kg","p":3.93,"u":"0,98 €/KG","img":"https://fd3-photos.leclercdrive.fr/image.ashx?id=2046986&use=l&cat=p&typeid=i","cat":284672},{"id":41283,"n":"Sachets pour chats Gourmet Multivariétés - 12x85g","p":6.15,"u":"6,03 €/KG","img":"https://fd3-photos.leclercdrive.fr/image.ashx?id=2902343&use=l&cat=p&typeid=i","cat":285286},{"id":41285,"n":"Croquettes chaton Purina One  Junior -Poulet/Céréales - 1,5kg","p":8.07,"u":"5,38 €/KG","img":"https://fd3-photos.leclercdrive.fr/image.ashx?id=2433563&use=l&cat=p&typeid=i","cat":284680},{"id":41286,"n":"Croquettes chat Purina One  Stérilisé Adulte-Saumon/Blé-3kg","p":14.62,"u":"4,87 €/KG","img":"https://fd3-photos.leclercdrive.fr/image.ashx?id=2488049&use=l&cat=p&typeid=i","cat":284680},{"id":41287,"n":"Croquettes chiens Purina One Minis chiens adultes -  1,5kg","p":5.39,"u":"3,59 €/KG","img":"https://fd3-photos.leclercdrive.fr/image.ashx?id=2899674&use=l&cat=p&typeid=i","cat":294526},{"id":41289,"n":"Croquettes chat Purina One Urinary care - Poulet - 450g","p":2.97,"u":"6,60 €/KG","img":"https://fd3-photos.leclercdrive.fr/image.ashx?id=2459940&use=l&cat=p&typeid=i","cat":284680},{"id":41293,"n":"Sachets repas chats Purina One Stérilisés - Saumon Dinde 4x85g","p":2.04,"u":"6,00 €/KG","img":"https://fd3-photos.leclercdrive.fr/image.ashx?id=2902349&use=l&cat=p&typeid=i","cat":285286},{"id":41333,"n":"Lait céréales Blédidej 9 mois Caramel - 4x250ml","p":3.79,"u":"15,16 €/L","img":"https://fd3-photos.leclercdrive.fr/image.ashx?id=2921061&use=l&cat=p&typeid=i","cat":312226},{"id":41352,"n":"Gommage visage Inell Douceur - 75ml","p":2.0,"u":"26,67 €/L","img":"https://fd3-photos.leclercdrive.fr/image.ashx?id=2686344&use=l&cat=p&typeid=i","cat":284603},{"id":41366,"n":"Nuggets de poulet Côté Croc Croustillant - 200g","p":1.79,"u":"8,95 €/KG","img":"https://fd3-photos.leclercdrive.fr/image.ashx?id=2462257&use=l&cat=p&typeid=i","cat":333684},{"id":41377,"n":"Manchons de poulet Côté Croc Croustillant - 250g","p":2.59,"u":"10,36 €/KG","img":"https://fd3-photos.leclercdrive.fr/image.ashx?id=2843042&use=l&cat=p&typeid=i","cat":333685},{"id":41447,"n":"Fromage fruité bloc Les Croisés 220g","p":2.75,"u":"12,50 €/KG","img":"https://fd3-photos.leclercdrive.fr/image.ashx?id=1961168&use=l&cat=p&typeid=i","cat":314034},{"id":41460,"n":"Pain de mie 100% Mie Harrys Complet sans croûte - 500g","p":1.82,"u":"3,64 €/KG","img":"https://fd3-photos.leclercdrive.fr/image.ashx?id=2731864&use=l&cat=p&typeid=i","cat":284477},{"id":41463,"n":"Autocollants Insectivor Anti-mouches - x4","p":2.54,"u":"0,64 €/P","img":"https://fd3-photos.leclercdrive.fr/image.ashx?id=2606828&use=l&cat=p&typeid=i","cat":298368},{"id":41465,"n":"Cotons Inell Maxi confort x80","p":1.78,"img":"https://fd3-photos.leclercdrive.fr/image.ashx?id=1926969&use=l&cat=p&typeid=i","cat":284636},{"id":41466,"n":"Coton carré bébé Mots d'Enfants Aloe vera x50","p":1.67,"u":"0,03 €/P","img":"https://fd3-photos.leclercdrive.fr/image.ashx?id=3014236&use=l&cat=p&typeid=i","cat":284739},{"id":41467,"n":"Sauce Pesto Tradizioni d'Italia Rosso - 180g","p":1.82,"u":"10,11 €/KG","img":"https://fd3-photos.leclercdrive.fr/image.ashx?id=2840034&use=l&cat=p&typeid=i","cat":287599},{"id":41478,"n":"Mouchoirs blancs 3 plis Univert Boîte mouchoirs en papier -x100","p":1.55,"u":"0,02 €/P","img":"https://fd3-photos.leclercdrive.fr/image.ashx?id=1960038&use=l&cat=p&typeid=i","cat":284638},{"id":41488,"n":"Sachets Insectivor Anti-mites anti-acariens - x24","p":2.89,"u":"0,12 €/P","img":"https://fd3-photos.leclercdrive.fr/image.ashx?id=2852952&use=l&cat=p&typeid=i","cat":298368},{"id":41489,"n":"Veet SpaWax Chauffe Cire avec 6 Galets épilation sans Bande","p":25.53,"u":"Dont 0,07 € d'éco-part.","img":"https://fd3-photos.leclercdrive.fr/image.ashx?id=2984763&use=l&cat=p&typeid=i","cat":325351},{"id":41491,"n":"Tartines croustillantes Wasa Léger - 270g","p":1.79,"u":"6,63 €/KG","img":"https://fd3-photos.leclercdrive.fr/image.ashx?id=3011851&use=l&cat=p&typeid=i","cat":284479},{"id":41492,"n":"Tartines croustillantes Wasa Fibres - 230g","p":1.69,"u":"7,35 €/KG","img":"https://fd3-photos.leclercdrive.fr/image.ashx?id=3011854&use=l&cat=p&typeid=i","cat":284479},{"id":41493,"n":"Tartines croustillantes Wasa Authentique - 275g","p":1.44,"u":"5,24 €/KG","img":"https://fd3-photos.leclercdrive.fr/image.ashx?id=3011857&use=l&cat=p&typeid=i","cat":284479},{"id":41494,"n":"Bière Red 8.6 Canette - 7.9%vol. - 50cl","p":1.63,"u":"3,26 €/L","img":"https://fd3-photos.leclercdrive.fr/image.ashx?id=2687329&use=l&cat=p&typeid=i","cat":334853},{"id":41517,"n":"Couches bébé Mots d'Enfants T6 Douceur - 16kg+ - x58 changes","p":12.75,"img":"https://fd3-photos.leclercdrive.fr/image.ashx?id=2904577&use=l&cat=p&typeid=i","cat":284737},{"id":41524,"n":"Ossau Iraty AOP Istara Fromage de brebis - 180g","p":3.55,"u":"19,72 €/KG","img":"https://fd3-photos.leclercdrive.fr/image.ashx?id=2766193&use=l&cat=p&typeid=i","cat":329184},{"id":41529,"n":"Déodorant atomiseur Scorpio Noir absolu - 150ml","p":3.14,"u":"20,93 €/L","img":"https://fd3-photos.leclercdrive.fr/image.ashx?id=2425149&use=l&cat=p&typeid=i","cat":284618},{"id":41532,"n":"Gressins Tradizioni d'Italia A la turinoise - 250g","p":2.29,"u":"9,16 €/KG","img":"https://fd3-photos.leclercdrive.fr/image.ashx?id=2743918&use=l&cat=p&typeid=i","cat":297000},{"id":41534,"n":"Déodorant Spray Homme Nivea Men Black&White Original - 200ml","p":2.63,"u":"13,15 €/L","img":"https://fd3-photos.leclercdrive.fr/image.ashx?id=3005218&use=l&cat=p&typeid=i","cat":284618},{"id":41549,"n":"Piles Duracell CR2032 Lithium 3V - x2","p":5.7,"u":"2,85 €/P","img":"https://fd3-photos.leclercdrive.fr/image.ashx?id=3003411&use=l&cat=p&typeid=i","cat":300572},{"id":41556,"n":"Boisson aux fruits Oasis Orange - 2L","p":2.75,"u":"1,38 €/L","img":"https://fd3-photos.leclercdrive.fr/image.ashx?id=2688653&use=l&cat=p&typeid=i","cat":295018},{"id":41579,"n":"Macédoine déjà égouttée D'aucy  530g","p":2.02,"u":"3,81 €/KG","img":"https://fd3-photos.leclercdrive.fr/image.ashx?id=2835833&use=l&cat=p&typeid=i","cat":312612},{"id":41596,"n":"Chips Lay's Saveur spicy - 130g","p":1.26,"u":"9,69 €/KG","img":"https://fd3-photos.leclercdrive.fr/image.ashx?id=3011131&use=l&cat=p&typeid=i","cat":284447},{"id":41602,"n":"Fond d'artichauts Eco + 210g","p":1.75,"u":"8,33 €/KG","img":"https://fd3-photos.leclercdrive.fr/image.ashx?id=2822917&use=l&cat=p&typeid=i","cat":312611},{"id":41603,"n":"Coeurs d'artichauts Eco + 240g","p":1.6,"u":"6,67 €/KG","img":"https://fd3-photos.leclercdrive.fr/image.ashx?id=2674020&use=l&cat=p&typeid=i","cat":312611},{"id":41606,"n":"Artichauts Tradizioni d'Italia  Demi coeurs - 280g","p":3.89,"u":"13,89 €/KG","img":"https://fd3-photos.leclercdrive.fr/image.ashx?id=2840040&use=l&cat=p&typeid=i","cat":312611},{"id":41625,"n":"Tomates Tradizioni d'Italia Séchées à huile d'olive - 270g","p":3.49,"u":"12,93 €/KG","img":"https://fd3-photos.leclercdrive.fr/image.ashx?id=2840037&use=l&cat=p&typeid=i","cat":284458},{"id":41646,"n":"AOC Buzet vin rosé Terrasses d'Autan - 75cl","p":3.99,"u":"5,32 €/L","img":"https://fd3-photos.leclercdrive.fr/image.ashx?id=783954&use=l&cat=p&typeid=i","cat":289558},{"id":41647,"n":"AOP Alsace Gewurztraminer   vin blanc Rebmann - 75 cl","p":5.99,"u":"7,99 €/L","img":"https://fd3-photos.leclercdrive.fr/image.ashx?id=2989938&use=l&cat=p&typeid=i","cat":289557},{"id":41697,"n":"IGP Pâtes Grand-Mère Penne - 250g","p":1.17,"u":"4,68 €/KG","img":"https://fd3-photos.leclercdrive.fr/image.ashx?id=2503909&use=l&cat=p&typeid=i","cat":284427},{"id":41700,"n":"Sauce Tomate Cuisinée Heinz Ail & Oignon - 520g","p":1.37,"u":"2,63 €/KG","img":"https://fd3-photos.leclercdrive.fr/image.ashx?id=2950849&use=l&cat=p&typeid=i","cat":288384},{"id":41705,"n":"Moutarde douce Alsace Alélor 380g","p":1.9,"u":"5,00 €/KG","img":"https://fd3-photos.leclercdrive.fr/image.ashx?id=2857237&use=l&cat=p&typeid=i","cat":288850},{"id":41716,"n":"AOP Crémant d'Alsace  Brut - Albert Schoech - 75cl","p":6.3,"u":"8,40 €/L","img":"https://fd3-photos.leclercdrive.fr/image.ashx?id=2614020&use=l&cat=p&typeid=i","cat":284545},{"id":41717,"n":"Crémant Alsace brut J.Geiler Prestige - 75cl","p":6.69,"u":"8,92 €/L","img":"https://fd3-photos.leclercdrive.fr/image.ashx?id=2613423&use=l&cat=p&typeid=i","cat":284545},{"id":41737,"n":"AOPCrémant rosé Jura M.Cabelier 75cl","p":7.96,"u":"10,61 €/L","img":"https://fd3-photos.leclercdrive.fr/image.ashx?id=2432782&use=l&cat=p&typeid=i","cat":284545},{"id":41740,"n":"AOC Vin blanc Pattermann Riesling - 1L","p":6.83,"u":"6,83 €/L","img":"https://fd3-photos.leclercdrive.fr/image.ashx?id=2811989&use=l&cat=p&typeid=i","cat":289557},{"id":41746,"n":"AOC Crémant d'Alsace Turckheim Brut - 75cl","p":6.72,"u":"8,96 €/L","img":"https://fd3-photos.leclercdrive.fr/image.ashx?id=2939571&use=l&cat=p&typeid=i","cat":284545},{"id":41748,"n":"AOP Crémant d'Alsace Wolfberger Pinot gris - 75cl","p":7.5,"u":"10,00 €/L","img":"https://fd3-photos.leclercdrive.fr/image.ashx?id=2764191&use=l&cat=p&typeid=i","cat":284544},{"id":41787,"n":"Cornichons Jardin d'Orant Vinaigre balsamique - 380g","p":2.62,"u":"6,89 €/KG","img":"https://fd3-photos.leclercdrive.fr/image.ashx?id=2873354&use=l&cat=p&typeid=i","cat":284458},{"id":41797,"n":"Sauce Barbecue Heinz Classic - 480g","p":1.97,"u":"4,10 €/KG","img":"https://fd3-photos.leclercdrive.fr/image.ashx?id=2928351&use=l&cat=p&typeid=i","cat":318431},{"id":41800,"n":"Mayonnaise Fine & Douce Lesieur 475g","p":2.17,"u":"4,57 €/KG","img":"https://fd3-photos.leclercdrive.fr/image.ashx?id=2918541&use=l&cat=p&typeid=i","cat":298295},{"id":41806,"n":"Ketchup nature Amora 850g","p":2.24,"u":"2,64 €/KG","img":"https://fd3-photos.leclercdrive.fr/image.ashx?id=2589690&use=l&cat=p&typeid=i","cat":284455},{"id":41819,"n":"Sauce Andalouse Heinz - 220g","p":1.66,"u":"7,55 €/KG","img":"https://fd3-photos.leclercdrive.fr/image.ashx?id=2973327&use=l&cat=p&typeid=i","cat":318431},{"id":41820,"n":"Mayonnaise Amora Recette fouettée - 230g","p":2.18,"u":"9,48 €/KG","img":"https://fd3-photos.leclercdrive.fr/image.ashx?id=2564186&use=l&cat=p&typeid=i","cat":298295},{"id":41823,"n":"Sauce barbecue/miel Amora 282g","p":1.47,"u":"5,21 €/KG","img":"https://fd3-photos.leclercdrive.fr/image.ashx?id=2654188&use=l&cat=p&typeid=i","cat":318431},{"id":41827,"n":"Nuggets de Poulet Père Dodu   x20 - 400g - Familial","p":4.17,"u":"10,43 €/KG","img":"https://fd3-photos.leclercdrive.fr/image.ashx?id=2957167&use=l&cat=p&typeid=i","cat":333684},{"id":41830,"n":"Saucisses Francfort Stoeffler Cuites et fumées - 6x40g","p":2.14,"u":"8,92 €/KG","img":"https://fd3-photos.leclercdrive.fr/image.ashx?id=2767537&use=l&cat=p&typeid=i","cat":316012},{"id":41831,"n":"AOC Bordeaux Sauvignon vin  blanc Chantet Blanet - 75cl","p":3.95,"u":"5,27 €/L","img":"https://fd3-photos.leclercdrive.fr/image.ashx?id=2679750&use=l&cat=p&typeid=i","cat":289557},{"id":41836,"n":"AOP Bergerac vin rouge Terrasses d'Autan - 75cl","p":2.99,"u":"3,99 €/L","img":"https://fd3-photos.leclercdrive.fr/image.ashx?id=2943100&use=l&cat=p&typeid=i","cat":289556},{"id":41839,"n":"AOC Côtes du Rhône vin rouge Grégoire XI - 37,5 cl","p":2.39,"u":"6,37 €/L","img":"https://fd3-photos.leclercdrive.fr/image.ashx?id=2920184&use=l&cat=p&typeid=i","cat":289556},{"id":41840,"n":"AOC Costières de Nîmes vin rouge Rives & Terrasses - 75cl","p":2.99,"u":"3,99 €/L","img":"https://fd3-photos.leclercdrive.fr/image.ashx?id=2845143&use=l&cat=p&typeid=i","cat":289556},{"id":41844,"n":"AOC Côtes du Rhône Villages vin rouge Plan de Diey - 75cl","p":4.99,"u":"6,65 €/L","img":"https://fd3-photos.leclercdrive.fr/image.ashx?id=2742620&use=l&cat=p&typeid=i","cat":289556},{"id":41845,"n":"Génoise fourrée Kinder Pingui Lait et cacao x8 - 240g","p":2.24,"u":"9,33 €/KG","img":"https://fd3-photos.leclercdrive.fr/image.ashx?id=2855352&use=l&cat=p&typeid=i","cat":284420},{"id":41846,"n":"Compotes Andros Panachés 16x100g","p":5.36,"u":"3,35 €/KG","img":"https://fd3-photos.leclercdrive.fr/image.ashx?id=2921343&use=l&cat=p&typeid=i","cat":284416},{"id":41852,"n":"Sauce pomme frite Amora 260g","p":1.67,"u":"6,42 €/KG","img":"https://fd3-photos.leclercdrive.fr/image.ashx?id=2957776&use=l&cat=p&typeid=i","cat":318431},{"id":41857,"n":"Bière Alveringem Abbaye Rouge 5%vol. - 6x25cl","p":3.78,"u":"2,52 €/L","img":"https://fd3-photos.leclercdrive.fr/image.ashx?id=2637919&use=l&cat=p&typeid=i","cat":334878},{"id":41861,"n":"AOC Luberon Rosé Rives & Terrasses - 75cl","p":3.49,"u":"4,65 €/L","img":"https://fd3-photos.leclercdrive.fr/image.ashx?id=2891893&use=l&cat=p&typeid=i","cat":289558},{"id":41862,"n":"Compotes Andros 6 Pommes  et 6 pommes fraises - 12x100g","p":2.8,"u":"2,33 €/KG","img":"https://fd3-photos.leclercdrive.fr/image.ashx?id=2988318&use=l&cat=p&typeid=i","cat":284416},{"id":41865,"n":"AOC Coteaux Varois en Provence vin rosé Terres Ocrées - 75cl","p":4.49,"u":"5,99 €/L","img":"https://fd3-photos.leclercdrive.fr/image.ashx?id=2750141&use=l&cat=p&typeid=i","cat":289558},{"id":41868,"n":"Bûche de chèvre Soignon 400g","p":4.23,"u":"10,58 €/KG","img":"https://fd3-photos.leclercdrive.fr/image.ashx?id=2840988&use=l&cat=p&typeid=i","cat":314031},{"id":41870,"n":"Pur jus d'orange Jafaden Sans pulpe - 50cl","p":1.31,"u":"2,62 €/L","img":"https://fd3-photos.leclercdrive.fr/image.ashx?id=2917652&use=l&cat=p&typeid=i","cat":284521},{"id":41874,"n":"AOC Muscadet Sèvre et Maine sur Lie Les Caractères - 37,5cl","p":3.29,"u":"8,77 €/L","img":"https://fd3-photos.leclercdrive.fr/image.ashx?id=2750144&use=l&cat=p&typeid=i","cat":289557},{"id":41881,"n":"AOC Gaillac vin rouge Terrasses d'Autan - 75cl","p":2.99,"u":"3,99 €/L","img":"https://fd3-photos.leclercdrive.fr/image.ashx?id=2751901&use=l&cat=p&typeid=i","cat":289556},{"id":41882,"n":"AOC Fronton vin rouge Terrasses d'Autan - 75cl","p":2.99,"u":"3,99 €/L","img":"https://fd3-photos.leclercdrive.fr/image.ashx?id=2716006&use=l&cat=p&typeid=i","cat":289556},{"id":41884,"n":"AOP Coteaux Bourguignons vin  rouge Antoine Barrier - 75cl","p":5.49,"u":"7,32 €/L","img":"https://fd3-photos.leclercdrive.fr/image.ashx?id=2800246&use=l&cat=p&typeid=i","cat":289556},{"id":41892,"n":"Pur jus multifruits Jafaden 50cl","p":0.99,"u":"1,98 €/L","img":"https://fd3-photos.leclercdrive.fr/image.ashx?id=2919631&use=l&cat=p&typeid=i","cat":284917},{"id":41903,"n":"Jus de pomme Jafaden A base de concentré - 2L","p":1.85,"u":"0,93 €/L","img":"https://fd3-photos.leclercdrive.fr/image.ashx?id=2470240&use=l&cat=p&typeid=i","cat":284522},{"id":41910,"n":"Sirop de pêche de Provence NRT 70cl","p":3.2,"u":"4,57 €/L","img":"https://fd3-photos.leclercdrive.fr/image.ashx?id=2699825&use=l&cat=p&typeid=i","cat":295020},{"id":41912,"n":"Sirop fraise de Plougastel NRT 70cl","p":3.2,"u":"4,57 €/L","img":"https://fd3-photos.leclercdrive.fr/image.ashx?id=2590481&use=l&cat=p&typeid=i","cat":295020},{"id":41914,"n":"Crème hydratante Inell Visage-corps 200ml","p":2.07,"u":"10,35 €/L","img":"https://fd3-photos.leclercdrive.fr/image.ashx?id=1903869&use=l&cat=p&typeid=i","cat":325345},{"id":41915,"n":"AOP Morgon vin rouge Antoine Barrier - 75cl","p":6.99,"u":"9,32 €/L","img":"https://fd3-photos.leclercdrive.fr/image.ashx?id=2751907&use=l&cat=p&typeid=i","cat":289556},{"id":41917,"n":"AOC Ventoux vin rouge Rives & Terrasses - 75cl","p":2.99,"u":"3,99 €/L","img":"https://fd3-photos.leclercdrive.fr/image.ashx?id=2905916&use=l&cat=p&typeid=i","cat":289556},{"id":41920,"n":"Patch pureté Inell x6","p":2.4,"u":"0,40 €/P","img":"https://fd3-photos.leclercdrive.fr/image.ashx?id=2657727&use=l&cat=p&typeid=i","cat":284603},{"id":41922,"n":"Vin d'Union Européenne rosé Adrien Champaud - 75 cl","p":1.85,"u":"2,47 €/L","img":"https://fd3-photos.leclercdrive.fr/image.ashx?id=2955728&use=l&cat=p&typeid=i","cat":289558},{"id":41923,"n":"Vin d'Union Européenne rosé Adrien Champaud 11% vol BIB 5L","p":8.49,"u":"1,70 €/L","img":"https://fd3-photos.leclercdrive.fr/image.ashx?id=2959707&use=l&cat=p&typeid=i","cat":289560},{"id":41924,"n":"Vin d'Union Européenne rouge Adrien Champaud 12% vol BIB 5L","p":8.49,"u":"1,70 €/L","img":"https://fd3-photos.leclercdrive.fr/image.ashx?id=2959713&use=l&cat=p&typeid=i","cat":289560},{"id":42041,"n":"Olives vertes Tropic Apéro Dénoyautées à l'ail - 110g","p":1.86,"u":"16,91 €/KG","img":"https://fd3-photos.leclercdrive.fr/image.ashx?id=2438972&use=l&cat=p&typeid=i","cat":316002},{"id":42044,"n":"Noix de cajou Maître Prunille Sans sel, grillé, sachet 200g","p":4.57,"u":"22,85 €/KG","img":"https://fd3-photos.leclercdrive.fr/image.ashx?id=1750478&use=l&cat=p&typeid=i","cat":284357},{"id":42045,"n":"Amande grillée Maître Prunille Décortiquée sans sel 250g","p":4.49,"u":"17,96 €/KG","img":"https://fd3-photos.leclercdrive.fr/image.ashx?id=1750481&use=l&cat=p&typeid=i","cat":284448},{"id":42046,"n":"Pruneaux d'Agen Maître Prunille IGP Dénoyautés - 500g","p":5.47,"u":"10,94 €/KG","img":"https://fd3-photos.leclercdrive.fr/image.ashx?id=2016029&use=l&cat=p&typeid=i","cat":284357},{"id":42057,"n":"Asperges blanches d'aucy  21,2cl","p":2.13,"u":"19,36 €/KG","img":"https://fd3-photos.leclercdrive.fr/image.ashx?id=2597720&use=l&cat=p&typeid=i","cat":312611},{"id":42058,"n":"Asperges blanches d'aucy 37cl","p":3.22,"u":"15,71 €/KG","img":"https://fd3-photos.leclercdrive.fr/image.ashx?id=2665895&use=l&cat=p&typeid=i","cat":312611},{"id":42063,"n":"Madeleines Saint Michel Oeufs de poule plein air - 500g","p":1.89,"u":"3,78 €/KG","img":"https://fd3-photos.leclercdrive.fr/image.ashx?id=2936191&use=l&cat=p&typeid=i","cat":284492},{"id":42067,"n":"Biscuits p'tit déjeuner BN Chocolat - 200g","p":1.66,"u":"8,30 €/KG","img":"https://fd3-photos.leclercdrive.fr/image.ashx?id=2603468&use=l&cat=p&typeid=i","cat":284491},{"id":42081,"n":"Gaufrette wafers Balconi Noisette multi - 225g","p":1.66,"u":"7,38 €/KG","img":"https://fd3-photos.leclercdrive.fr/image.ashx?id=2854030&use=l&cat=p&typeid=i","cat":284488},{"id":42117,"n":"Céréales muesli Bjorg Bio Sans sucre ajoutés - 375g","p":1.88,"u":"5,01 €/KG","img":"https://fd3-photos.leclercdrive.fr/image.ashx?id=2906163&use=l&cat=p&typeid=i","cat":309512},{"id":42123,"n":"Jus de pruneaux Gayelord Hauser - 75cl","p":3.07,"u":"4,09 €/L","img":"https://fd3-photos.leclercdrive.fr/image.ashx?id=2962482&use=l&cat=p&typeid=i","cat":284915},{"id":42140,"n":"Sirop La Maison Guiot Grenadine - 70cl","p":3.06,"u":"4,37 €/L","img":"https://fd3-photos.leclercdrive.fr/image.ashx?id=2857195&use=l&cat=p&typeid=i","cat":295020},{"id":42148,"n":"Sirop La Maison Guiot Menthe verte - 70cl","p":2.96,"u":"4,23 €/L","img":"https://fd3-photos.leclercdrive.fr/image.ashx?id=1917839&use=l&cat=p&typeid=i","cat":295020},{"id":42188,"n":"Fromage fouetté Madame Loïk Échalote Ciboulette - 275g","p":3.13,"u":"11,38 €/KG","img":"https://fd3-photos.leclercdrive.fr/image.ashx?id=2774616&use=l&cat=p&typeid=i","cat":314029},{"id":42218,"n":"Bloc WC Bref Power  Activ'Océan toilettes - 50g x1","p":1.37,"u":"27,40 €/KG","img":"https://fd3-photos.leclercdrive.fr/image.ashx?id=2789802&use=l&cat=p&typeid=i","cat":284662},{"id":42235,"n":"Galette Tipiak Jambon/fromage - 2x125g","p":3.03,"u":"12,12 €/KG","img":"https://fd3-photos.leclercdrive.fr/image.ashx?id=2819334&use=l&cat=p&typeid=i","cat":319776},{"id":42236,"n":"Gambas rouge Gimbert Ocean Sauvage royale 6/8 - 400g","p":13.57,"u":"33,93 €/KG","img":"https://fd3-photos.leclercdrive.fr/image.ashx?id=2889652&use=l&cat=p&typeid=i","cat":319787},{"id":42251,"n":"Biscuit apéritif Too Good PDT/tomates/herbes - 85g","p":1.95,"u":"22,94 €/KG","img":"https://fd3-photos.leclercdrive.fr/image.ashx?id=2995130&use=l&cat=p&typeid=i","cat":297000},{"id":42289,"n":"Huile pimentée pizza Cauvin A l'huile d'olive - 25cl","p":2.4,"u":"9,60 €/L","img":"https://fd3-photos.leclercdrive.fr/image.ashx?id=2539857&use=l&cat=p&typeid=i","cat":284453},{"id":42290,"n":"Huile de colza Eco + 1L","p":1.46,"u":"1,46 €/L","img":"https://fd3-photos.leclercdrive.fr/image.ashx?id=3002503&use=l&cat=p&typeid=i","cat":284453},{"id":42291,"n":"Huile pour friture Eco + 1L","p":2.23,"u":"2,23 €/L","img":"https://fd3-photos.leclercdrive.fr/image.ashx?id=2913639&use=l&cat=p&typeid=i","cat":284453},{"id":42292,"n":"Vinaigrette allégée Eco + Nature - 1L","p":1.02,"u":"1,02 €/L","img":"https://fd3-photos.leclercdrive.fr/image.ashx?id=2900516&use=l&cat=p&typeid=i","cat":284456},{"id":42295,"n":"Vinaigrette bi-phase Rustica Vin rouge/échalote - 50cl","p":2.49,"u":"4,98 €/L","img":"https://fd3-photos.leclercdrive.fr/image.ashx?id=2142190&use=l&cat=p&typeid=i","cat":284456},{"id":42297,"n":"Sauce caesar Rustica 50cl","p":2.59,"u":"5,18 €/L","img":"https://fd3-photos.leclercdrive.fr/image.ashx?id=1972928&use=l&cat=p&typeid=i","cat":284456},{"id":42325,"n":"Spray Nettoyant Menager Cif  Antibacterien - 750 ml","p":2.17,"u":"2,89 €/L","img":"https://fd3-photos.leclercdrive.fr/image.ashx?id=2813540&use=l&cat=p&typeid=i","cat":325357},{"id":42331,"n":"Saucisses Knacki Herta Poulet x10 - 350g","p":1.48,"u":"4,23 €/KG","img":"https://fd3-photos.leclercdrive.fr/image.ashx?id=2290431&use=l&cat=p&typeid=i","cat":316012},{"id":42341,"n":"Compotes Pom'Potes Gourdes  Multivariétés Inédits - 12x90g","p":5.55,"u":"5,14 €/KG","img":"https://fd3-photos.leclercdrive.fr/image.ashx?id=2864309&use=l&cat=p&typeid=i","cat":284508},{"id":42347,"n":"Pansements enfants Primoplast x20","p":0.69,"u":"0,03 €/P","img":"https://fd3-photos.leclercdrive.fr/image.ashx?id=2958062&use=l&cat=p&typeid=i","cat":284630},{"id":42428,"n":"Pains au chocolat Pasquier x8 - 360g","p":2.23,"u":"6,19 €/KG","img":"https://fd3-photos.leclercdrive.fr/image.ashx?id=2863446&use=l&cat=p&typeid=i","cat":296366},{"id":42442,"n":"Moutarde forte Eco + 370g","p":0.73,"u":"1,97 €/KG","img":"https://fd3-photos.leclercdrive.fr/image.ashx?id=2954319&use=l&cat=p&typeid=i","cat":288850},{"id":42443,"n":"Cornichons Pasteur Eco + Au vinaigre - 360g","p":1.24,"u":"3,44 €/KG","img":"https://fd3-photos.leclercdrive.fr/image.ashx?id=2974714&use=l&cat=p&typeid=i","cat":284458},{"id":42448,"n":"Capsules Nescafé Dolce Gusto  Ricoré Latte - x16","p":4.87,"u":"28,99 €/KG","img":"https://fd3-photos.leclercdrive.fr/image.ashx?id=2818085&use=l&cat=p&typeid=i","cat":293239},{"id":42449,"n":"Antipasto tomate séchée Sacla 280g","p":3.03,"u":"10,82 €/KG","img":"https://fd3-photos.leclercdrive.fr/image.ashx?id=2290482&use=l&cat=p&typeid=i","cat":284458},{"id":42452,"n":"Moutarde douce Amora Flacon souple - 260g","p":2.19,"u":"8,42 €/KG","img":"https://fd3-photos.leclercdrive.fr/image.ashx?id=3005401&use=l&cat=p&typeid=i","cat":288850},{"id":42454,"n":"Olives vertes Crespo Farçies aux amandes - 198g","p":2.73,"u":"13,79 €/KG","img":"https://fd3-photos.leclercdrive.fr/image.ashx?id=2172076&use=l&cat=p&typeid=i","cat":284458},{"id":42459,"n":"Olives noires à la Grecque Eco+ 400g","p":2.23,"u":"5,58 €/KG","img":"https://fd3-photos.leclercdrive.fr/image.ashx?id=2499064&use=l&cat=p&typeid=i","cat":284458},{"id":42460,"n":"Olives vertes entières Eco + 400g","p":1.07,"u":"2,68 €/KG","img":"https://fd3-photos.leclercdrive.fr/image.ashx?id=2609261&use=l&cat=p&typeid=i","cat":284458},{"id":42461,"n":"Olives vertes Eco + Dénoyautées - 320g","p":1.88,"u":"5,88 €/KG","img":"https://fd3-photos.leclercdrive.fr/image.ashx?id=2609264&use=l&cat=p&typeid=i","cat":284458},{"id":42495,"n":"Amandes natures Seeberger 500g","p":7.58,"u":"15,16 €/KG","img":"https://fd3-photos.leclercdrive.fr/image.ashx?id=2949568&use=l&cat=p&typeid=i","cat":284448},{"id":42505,"n":"Crème dessert Mont Blanc Boîte Caramel - 570g","p":2.34,"u":"4,11 €/KG","img":"https://fd3-photos.leclercdrive.fr/image.ashx?id=3011599&use=l&cat=p&typeid=i","cat":284506},{"id":42508,"n":"Cookies Nestlé Dessert Pépites de chocolat - 351g","p":3.47,"u":"9,89 €/KG","img":"https://fd3-photos.leclercdrive.fr/image.ashx?id=2848382&use=l&cat=p&typeid=i","cat":284505},{"id":42560,"n":"Jus innocent ananas passion 900ml","p":3.0,"u":"3,33 €/L","img":"https://fd3-photos.leclercdrive.fr/image.ashx?id=2861740&use=l&cat=p&typeid=i","cat":285435},{"id":42563,"n":"Boisson végétale lait d'amande bio bjorg sans sucre - 1l","p":1.83,"u":"1,83 €/L","img":"https://fd3-photos.leclercdrive.fr/image.ashx?id=2939415&use=l&cat=p&typeid=i","cat":316067},{"id":42565,"n":"Vinaigre blanc d'alcool Eco +  - 1,5L","p":0.6,"u":"0,40 €/L","img":"https://fd3-photos.leclercdrive.fr/image.ashx?id=2722375&use=l&cat=p&typeid=i","cat":298543},{"id":42566,"n":"Céréales fourrées bio Bio Village - Tout choco - 375g","p":3.85,"u":"10,27 €/KG","img":"https://fd3-photos.leclercdrive.fr/image.ashx?id=2722402&use=l&cat=p&typeid=i","cat":309513},{"id":42567,"n":"Pâte à tartiner Bio Jardin Bio - 750g","p":7.02,"u":"9,36 €/KG","img":"https://fd3-photos.leclercdrive.fr/image.ashx?id=2918925&use=l&cat=p&typeid=i","cat":284481},{"id":42569,"n":"Double concentré Bio Jardin Bio Tomate - 140g","p":0.95,"u":"6,79 €/KG","img":"https://fd3-photos.leclercdrive.fr/image.ashx?id=2944867&use=l&cat=p&typeid=i","cat":288384},{"id":42574,"n":"Café moulu Bio Ethiquable  100% arabica Honduras - 250g","p":4.3,"u":"17,20 €/KG","img":"https://fd3-photos.leclercdrive.fr/image.ashx?id=2876815&use=l&cat=p&typeid=i","cat":284750},{"id":42575,"n":"Café moulu Bio Ethiquable  100% arabica Pérou - 250g","p":4.88,"u":"19,52 €/KG","img":"https://fd3-photos.leclercdrive.fr/image.ashx?id=2876818&use=l&cat=p&typeid=i","cat":284750},{"id":42577,"n":"Chocolat noir Bio Ethiquable Ecorces d'orange - 100g","p":3.25,"u":"32,50 €/KG","img":"https://fd3-photos.leclercdrive.fr/image.ashx?id=2870851&use=l&cat=p&typeid=i","cat":284956},{"id":42624,"n":"Pâtes coudes rayés Panzani 1kg","p":2.32,"u":"2,32 €/KG","img":"https://fd3-photos.leclercdrive.fr/image.ashx?id=2876029&use=l&cat=p&typeid=i","cat":284427},{"id":42628,"n":"Chips Bret's Fromage du Jura - 125g","p":1.07,"u":"8,56 €/KG","img":"https://fd3-photos.leclercdrive.fr/image.ashx?id=1916976&use=l&cat=p&typeid=i","cat":284447},{"id":42649,"n":"Crème douche Manava Surgras - 250ml","p":0.94,"u":"3,76 €/L","img":"https://fd3-photos.leclercdrive.fr/image.ashx?id=2456147&use=l&cat=p&typeid=i","cat":284594},{"id":42665,"n":"Gel shampooing douche Fa Men Extreme cool flacon - 250ml","p":1.62,"u":"6,48 €/L","img":"https://fd3-photos.leclercdrive.fr/image.ashx?id=2995094&use=l&cat=p&typeid=i","cat":284621},{"id":42677,"n":"Soin cheveux nutrition Dessange Cheveux secs - 100ml","p":6.1,"u":"61,00 €/L","img":"https://fd3-photos.leclercdrive.fr/image.ashx?id=2400969&use=l&cat=p&typeid=i","cat":284608},{"id":42678,"n":"Huile Cheveux Extrême Dessange Cheuveux abîmés - 100ml","p":6.31,"u":"63,10 €/L","img":"https://fd3-photos.leclercdrive.fr/image.ashx?id=2851099&use=l&cat=p&typeid=i","cat":284608},{"id":42681,"n":"Mozzarella Tradizioni d'Italia Di Bufala Campana AOP - 200g","p":3.31,"u":"16,55 €/KG","img":"https://fd3-photos.leclercdrive.fr/image.ashx?id=2954190&use=l&cat=p&typeid=i","cat":314026},{"id":42682,"n":"Parmigiano Tradizioni d'Italia Reggiano AOP 30 mois - 200g","p":5.99,"u":"29,95 €/KG","img":"https://fd3-photos.leclercdrive.fr/image.ashx?id=2661963&use=l&cat=p&typeid=i","cat":314034},{"id":42722,"n":"Tablette de chocolat Côte d'Or Noir praliné - 2x200g","p":6.67,"u":"16,68 €/KG","img":"https://fd3-photos.leclercdrive.fr/image.ashx?id=2941937&use=l&cat=p&typeid=i","cat":284956},{"id":42734,"n":"Fromage petit Munster AOP grand sapin - 200g","p":3.46,"u":"17,30 €/KG","img":"https://fd3-photos.leclercdrive.fr/image.ashx?id=2504890&use=l&cat=p&typeid=i","cat":329558},{"id":42740,"n":"Galette saint Jacques Tipiak Au beurre persillé - 2x125g","p":3.37,"u":"13,48 €/KG","img":"https://fd3-photos.leclercdrive.fr/image.ashx?id=2819337&use=l&cat=p&typeid=i","cat":319776},{"id":42757,"n":"Emmental rapé Eco + 30% MG - 500g","p":3.7,"u":"7,40 €/KG","img":"https://fd3-photos.leclercdrive.fr/image.ashx?id=2942172&use=l&cat=p&typeid=i","cat":314035},{"id":42788,"n":"Tranchettes de chèvre 32.4% MG Les Croisés - 200g","p":3.19,"u":"15,95 €/KG","img":"https://fd3-photos.leclercdrive.fr/image.ashx?id=2796061&use=l&cat=p&typeid=i","cat":314028},{"id":42789,"n":"Cheddar Les Croisés 32% MG Tranchettes - 200g","p":2.64,"u":"13,20 €/KG","img":"https://fd3-photos.leclercdrive.fr/image.ashx?id=2796064&use=l&cat=p&typeid=i","cat":314028},{"id":42798,"n":"Miel de fleurs d'Oranger Nid d'Abeille - 250g","p":2.99,"u":"11,96 €/KG","img":"https://fd3-photos.leclercdrive.fr/image.ashx?id=2434242&use=l&cat=p&typeid=i","cat":287643},{"id":42799,"n":"Miel liquide Bio Squeezer Bio village - 250g","p":2.95,"u":"11,80 €/KG","img":"https://fd3-photos.leclercdrive.fr/image.ashx?id=2348268&use=l&cat=p&typeid=i","cat":287643},{"id":42809,"n":"Berlingots de javel Clair Eucalyptus - 3x250ml","p":1.3,"u":"1,73 €/L","img":"https://fd3-photos.leclercdrive.fr/image.ashx?id=1067940&use=l&cat=p&typeid=i","cat":284661},{"id":42826,"n":"Nettoyant vitre cristal Clair 750 ml","p":1.75,"u":"2,33 €/L","img":"https://fd3-photos.leclercdrive.fr/image.ashx?id=1647715&use=l&cat=p&typeid=i","cat":325363},{"id":42846,"n":"Cacahuètes Menguy's Grillées et salées - 800g","p":5.66,"u":"7,08 €/KG","img":"https://fd3-photos.leclercdrive.fr/image.ashx?id=2979800&use=l&cat=p&typeid=i","cat":284448},{"id":42847,"n":"Pop corn salé Menguy's Micro-ondes - 3x90g","p":1.79,"u":"6,63 €/KG","img":"https://fd3-photos.leclercdrive.fr/image.ashx?id=2966023&use=l&cat=p&typeid=i","cat":284449},{"id":42849,"n":"Bicarbonate La Baleine 400g","p":1.25,"u":"3,13 €/KG","img":"https://fd3-photos.leclercdrive.fr/image.ashx?id=2450760&use=l&cat=p&typeid=i","cat":284457},{"id":42872,"n":"Jus innocent pomme framboise 900ml","p":2.76,"u":"3,07 €/L","img":"https://fd3-photos.leclercdrive.fr/image.ashx?id=2862877&use=l&cat=p&typeid=i","cat":285435},{"id":42873,"n":"Jus innocent orange carotte 900ml","p":2.93,"u":"3,26 €/L","img":"https://fd3-photos.leclercdrive.fr/image.ashx?id=2892217&use=l&cat=p&typeid=i","cat":285435},{"id":42874,"n":"Jus innocent poire pêche 900ml","p":2.82,"u":"3,13 €/L","img":"https://fd3-photos.leclercdrive.fr/image.ashx?id=2893000&use=l&cat=p&typeid=i","cat":285435},{"id":42938,"n":"Soupe instantanée Royco  Bouillon de Volailles 3x200ml","p":1.39,"u":"43,44 €/KG","img":"https://fd3-photos.leclercdrive.fr/image.ashx?id=2651423&use=l&cat=p&typeid=i","cat":293527},{"id":42964,"n":"Os à mâcher Lydog Fourrés boeuf - 2x100g","p":2.3,"u":"11,50 €/KG","img":"https://fd3-photos.leclercdrive.fr/image.ashx?id=1947283&use=l&cat=p&typeid=i","cat":294527},{"id":42965,"n":"Pepites de chocolat au lait Tablier Blanc - 100g","p":2.03,"u":"20,30 €/KG","img":"https://fd3-photos.leclercdrive.fr/image.ashx?id=2723141&use=l&cat=p&typeid=i","cat":284504},{"id":42966,"n":"Haricots verts Notre Jardin Extra fins - 455g","p":1.97,"u":"4,33 €/KG","img":"https://fd3-photos.leclercdrive.fr/image.ashx?id=2988084&use=l&cat=p&typeid=i","cat":312606},{"id":42968,"n":"Petits pois doux Notre Jardin Vapeur - 530g","p":1.91,"u":"3,60 €/KG","img":"https://fd3-photos.leclercdrive.fr/image.ashx?id=3002608&use=l&cat=p&typeid=i","cat":312607},{"id":42969,"n":"Petits pois doux Notre Jardin Vapeur - 265g","p":1.29,"u":"4,87 €/KG","img":"https://fd3-photos.leclercdrive.fr/image.ashx?id=3002611&use=l&cat=p&typeid=i","cat":312607},{"id":42974,"n":"Haricots rouges Notre Jardin A la mexicaine - 800g","p":2.42,"u":"3,03 €/KG","img":"https://fd3-photos.leclercdrive.fr/image.ashx?id=3002614&use=l&cat=p&typeid=i","cat":312612},{"id":42977,"n":"Mini crackers Bio Village Bio Fromage/courges - 110g","p":2.49,"u":"22,64 €/KG","img":"https://fd3-photos.leclercdrive.fr/image.ashx?id=1944150&use=l&cat=p&typeid=i","cat":297000},{"id":42980,"n":"Goûter fourré Bio Village Bio Chocolat noir - 185g","p":2.03,"u":"10,97 €/KG","img":"https://fd3-photos.leclercdrive.fr/image.ashx?id=2704502&use=l&cat=p&typeid=i","cat":284488},{"id":42981,"n":"Goûter fourré Bio Village Bio - Chocolat au lait - 185g","p":2.06,"u":"11,14 €/KG","img":"https://fd3-photos.leclercdrive.fr/image.ashx?id=2704505&use=l&cat=p&typeid=i","cat":284488},{"id":42992,"n":"Tortillas chips Tokapi Fromage - 150g","p":0.99,"u":"6,60 €/KG","img":"https://fd3-photos.leclercdrive.fr/image.ashx?id=2647961&use=l&cat=p&typeid=i","cat":287899},{"id":43004,"n":"Crêpes apéritives Tokapi Roquefort - 65g","p":1.9,"u":"29,23 €/KG","img":"https://fd3-photos.leclercdrive.fr/image.ashx?id=2874693&use=l&cat=p&typeid=i","cat":297000},{"id":43006,"n":"Colorants alimentaires  Tablier Blanc - 3x6ml","p":1.24,"u":"68,89 €/L","img":"https://fd3-photos.leclercdrive.fr/image.ashx?id=2487470&use=l&cat=p&typeid=i","cat":284504},{"id":43009,"n":"Biscuits fourrés P'tit Deli Noisette - 225g","p":1.38,"u":"6,13 €/KG","img":"https://fd3-photos.leclercdrive.fr/image.ashx?id=2861419&use=l&cat=p&typeid=i","cat":284488},{"id":43010,"n":"Biscuit roulé P'tit Deli Cacao/vanille - 154g","p":0.88,"u":"5,71 €/KG","img":"https://fd3-photos.leclercdrive.fr/image.ashx?id=2124110&use=l&cat=p&typeid=i","cat":284488},{"id":43016,"n":"Asperges blanches moyennes Notre Jardin - 205g","p":1.99,"u":"9,71 €/KG","img":"https://fd3-photos.leclercdrive.fr/image.ashx?id=2049058&use=l&cat=p&typeid=i","cat":312611},{"id":43017,"n":"Betterave en Dés Notre Jardin 265g","p":1.02,"u":"3,85 €/KG","img":"https://fd3-photos.leclercdrive.fr/image.ashx?id=1993203&use=l&cat=p&typeid=i","cat":312611},{"id":43019,"n":"Biscuits animaux P'tit Déli Nappés chocolat lait - 225g","p":1.64,"u":"7,29 €/KG","img":"https://fd3-photos.leclercdrive.fr/image.ashx?id=2529602&use=l&cat=p&typeid=i","cat":284488},{"id":43045,"n":"Lambrusco rosso 75cl","p":2.95,"u":"3,93 €/L","img":"https://fd3-photos.leclercdrive.fr/image.ashx?id=1757638&use=l&cat=p&typeid=i","cat":289558},{"id":43047,"n":"Lambrusco bianco 75cl","p":2.91,"u":"3,88 €/L","img":"https://fd3-photos.leclercdrive.fr/image.ashx?id=1757632&use=l&cat=p&typeid=i","cat":289557},{"id":43049,"n":"Steak haché charolais Férial  15%mg x4 - 400g","p":6.39,"u":"15,98 €/KG","img":"https://fd3-photos.leclercdrive.fr/image.ashx?id=2823762&use=l&cat=p&typeid=i","cat":319778},{"id":43058,"n":"Vin Union Européenne rosé Vieux Papes - BIB 5L","p":13.0,"u":"2,60 €/L","img":"https://fd3-photos.leclercdrive.fr/image.ashx?id=2093394&use=l&cat=p&typeid=i","cat":289560},{"id":43152,"n":"Culottes Drynites Huggies Garçon - 3-5 ans x16","p":13.72,"u":"0,86 €/P","img":"https://fd3-photos.leclercdrive.fr/image.ashx?id=2844712&use=l&cat=p&typeid=i","cat":290633},{"id":43153,"n":"Culottes Huggies Drynites Fille 3-5 ans - x16","p":12.83,"u":"0,80 €/P","img":"https://fd3-photos.leclercdrive.fr/image.ashx?id=2844715&use=l&cat=p&typeid=i","cat":290633},{"id":43197,"n":"Tartine Grilletine de Pasquier Briochées - x18 - 242g","p":2.04,"u":"8,43 €/KG","img":"https://fd3-photos.leclercdrive.fr/image.ashx?id=2333054&use=l&cat=p&typeid=i","cat":284479},{"id":43218,"n":"Pains au lait Pasquier x20 - 700g","p":2.76,"u":"3,94 €/KG","img":"https://fd3-photos.leclercdrive.fr/image.ashx?id=2609315&use=l&cat=p&typeid=i","cat":293505},{"id":43247,"n":"Tuiles apéritives Tokapi Poulet braisé - 170g","p":1.55,"u":"9,12 €/KG","img":"https://fd3-photos.leclercdrive.fr/image.ashx?id=2815752&use=l&cat=p&typeid=i","cat":287899},{"id":43266,"n":"Formule boost Daco Bello Fruits secs - 200g","p":3.67,"u":"18,35 €/KG","img":"https://fd3-photos.leclercdrive.fr/image.ashx?id=2576955&use=l&cat=p&typeid=i","cat":284357},{"id":43268,"n":"Fruits secs Daco Bello Formule Active - 200g","p":4.47,"u":"22,35 €/KG","img":"https://fd3-photos.leclercdrive.fr/image.ashx?id=2292883&use=l&cat=p&typeid=i","cat":284357},{"id":43269,"n":"Formule détente Daco Bello Pomme - 200g","p":3.77,"u":"18,85 €/KG","img":"https://fd3-photos.leclercdrive.fr/image.ashx?id=2620284&use=l&cat=p&typeid=i","cat":284357},{"id":43271,"n":"Formule pep's Daco Bello Physalis - 200g","p":4.03,"u":"20,15 €/KG","img":"https://fd3-photos.leclercdrive.fr/image.ashx?id=2292877&use=l&cat=p&typeid=i","cat":284357},{"id":43277,"n":"Crème glacée L'Angelys Yaourt lait entier - 450g","p":4.13,"u":"9,18 €/KG","img":"https://fd3-photos.leclercdrive.fr/image.ashx?id=2963598&use=l&cat=p&typeid=i","cat":284263},{"id":43279,"n":"Sorbet plein fruit L'Angelys Framboise - 500g","p":5.21,"u":"10,42 €/KG","img":"https://fd3-photos.leclercdrive.fr/image.ashx?id=2963556&use=l&cat=p&typeid=i","cat":284263},{"id":43286,"n":"Masque tissu Inell apaisant Hydratant x1","p":0.99,"img":"https://fd3-photos.leclercdrive.fr/image.ashx?id=2691667&use=l&cat=p&typeid=i","cat":325346},{"id":43287,"n":"Dentifrice Dentamyl Blancheur extrême - 75ml","p":0.95,"u":"12,67 €/L","img":"https://fd3-photos.leclercdrive.fr/image.ashx?id=2613837&use=l&cat=p&typeid=i","cat":284612},{"id":43292,"n":"Gel peau nette Inell Imperfection - 200ml","p":3.25,"u":"16,25 €/L","img":"https://fd3-photos.leclercdrive.fr/image.ashx?id=2078353&use=l&cat=p&typeid=i","cat":284603},{"id":43303,"n":"Panna Cotta Fruits rouges Rians 2x120g","p":2.58,"u":"10,75 €/KG","img":"https://fd3-photos.leclercdrive.fr/image.ashx?id=2555412&use=l&cat=p&typeid=i","cat":284419},{"id":43308,"n":"Dessert fruits mixés Sojasun Citron - 4x100g","p":1.63,"u":"4,08 €/KG","img":"https://fd3-photos.leclercdrive.fr/image.ashx?id=2355674&use=l&cat=p&typeid=i","cat":316071},{"id":43341,"n":"Thon mariné Petit Navire Basilic - 110g","p":2.07,"u":"18,82 €/KG","img":"https://fd3-photos.leclercdrive.fr/image.ashx?id=2542965&use=l&cat=p&typeid=i","cat":303867},{"id":43358,"n":"Sel fin Eco+ Boîte verseuse - 750g","p":0.53,"u":"0,71 €/KG","img":"https://fd3-photos.leclercdrive.fr/image.ashx?id=2974705&use=l&cat=p&typeid=i","cat":284457},{"id":43369,"n":"Boisson végétale avoine Bio  Bjorg- 1L","p":1.73,"u":"1,73 €/L","img":"https://fd3-photos.leclercdrive.fr/image.ashx?id=2939430&use=l&cat=p&typeid=i","cat":316067},{"id":43371,"n":"AOC Saint-Nicolas-de-Bourgueil vin rouge Les Caractères - 75cl","p":4.99,"u":"6,65 €/L","img":"https://fd3-photos.leclercdrive.fr/image.ashx?id=2894734&use=l&cat=p&typeid=i","cat":289556},{"id":43372,"n":"AOP Saumur-Champigny vin rouge Les Caractères - 75cl","p":4.99,"u":"6,65 €/L","img":"https://fd3-photos.leclercdrive.fr/image.ashx?id=2745478&use=l&cat=p&typeid=i","cat":289556},{"id":43394,"n":"Spaghetti  Tradizioni d'Italia n°118  Pasta di Gragnano 500g","p":1.52,"u":"3,04 €/KG","img":"https://fd3-photos.leclercdrive.fr/image.ashx?id=2657301&use=l&cat=p&typeid=i","cat":284427},{"id":43396,"n":"Farfalle Tradizioni d'Italia N°210 - 500g","p":1.52,"u":"3,04 €/KG","img":"https://fd3-photos.leclercdrive.fr/image.ashx?id=2657304&use=l&cat=p&typeid=i","cat":284427},{"id":43398,"n":"Fusilli Tradizioni d'Italia N°140 - 500g","p":1.52,"u":"3,04 €/KG","img":"https://fd3-photos.leclercdrive.fr/image.ashx?id=2657307&use=l&cat=p&typeid=i","cat":284427},{"id":43403,"n":"Orechiette Tradizioni d'Italia N°292 - 500g","p":1.69,"u":"3,38 €/KG","img":"https://fd3-photos.leclercdrive.fr/image.ashx?id=2699507&use=l&cat=p&typeid=i","cat":284427},{"id":43407,"n":"Glace à l'eau Smicy Star  Framboise Orange Citron x8 480g","p":2.59,"u":"5,40 €/KG","img":"https://fd3-photos.leclercdrive.fr/image.ashx?id=2751904&use=l&cat=p&typeid=i","cat":285250},{"id":43408,"n":"AOP Chinon vin rouge Les Caractères - 75cl","p":4.95,"u":"6,60 €/L","img":"https://fd3-photos.leclercdrive.fr/image.ashx?id=2745484&use=l&cat=p&typeid=i","cat":289556},{"id":43417,"n":"IGP Pays d'Oc blanc Roche Mazet Chardonnay 12.5% vol - 75cl","p":3.13,"u":"4,17 €/L","img":"https://fd3-photos.leclercdrive.fr/image.ashx?id=2991945&use=l&cat=p&typeid=i","cat":289557},{"id":43418,"n":"IGP Pays d'OC Vin rosé Roche Mazet Syrah - 75cl","p":2.72,"u":"3,63 €/L","img":"https://fd3-photos.leclercdrive.fr/image.ashx?id=2342030&use=l&cat=p&typeid=i","cat":289558},{"id":43419,"n":"IGP Pays d'oc rosé Roche Mazet Merlot 12% vol - 75 cl","p":2.72,"u":"3,63 €/L","img":"https://fd3-photos.leclercdrive.fr/image.ashx?id=2342045&use=l&cat=p&typeid=i","cat":289558},{"id":43509,"n":"Ktipiti Tables du Monde 200g","p":1.45,"u":"7,25 €/KG","img":"https://fd3-photos.leclercdrive.fr/image.ashx?id=2872448&use=l&cat=p&typeid=i","cat":315999},{"id":43602,"n":"Jus d'orange Jafaden Avec pulpe - 1.5L","p":3.39,"u":"2,26 €/L","img":"https://fd3-photos.leclercdrive.fr/image.ashx?id=2723144&use=l&cat=p&typeid=i","cat":285435},{"id":43605,"n":"Jus de clémentine Jafaden  1.5L","p":2.99,"u":"1,99 €/L","img":"https://fd3-photos.leclercdrive.fr/image.ashx?id=2723150&use=l&cat=p&typeid=i","cat":285435},{"id":43617,"n":"Poivre gris moulu Ducros Classique - 36g","p":1.35,"u":"37,50 €/KG","img":"https://fd3-photos.leclercdrive.fr/image.ashx?id=2559475&use=l&cat=p&typeid=i","cat":284457},{"id":43618,"n":"Flocons d'avoine Quaker Oats 550g","p":1.73,"u":"3,15 €/KG","img":"https://fd3-photos.leclercdrive.fr/image.ashx?id=2140656&use=l&cat=p&typeid=i","cat":309512},{"id":43619,"n":"AOC Blaye Côtes de Bordeaux vin rouge Chantet Blanet - 75cl","p":3.8,"u":"5,07 €/L","img":"https://fd3-photos.leclercdrive.fr/image.ashx?id=2727395&use=l&cat=p&typeid=i","cat":289556},{"id":43621,"n":"Liquide vaisselle Uni vert Ecologique PSS 500ml","p":1.15,"u":"2,30 €/L","img":"https://fd3-photos.leclercdrive.fr/image.ashx?id=2999508&use=l&cat=p&typeid=i","cat":284655},{"id":43653,"n":"AOC Cabernet d'Anjou Vin rosé Domaine du Pré Clos - 75cl","p":4.5,"u":"6,00 €/L","img":"https://fd3-photos.leclercdrive.fr/image.ashx?id=2323568&use=l&cat=p&typeid=i","cat":289558},{"id":43669,"n":"AOC Puisseguin Saint-Émilion vin rouge Chantet Blanet - 75cl","p":6.49,"u":"8,65 €/L","img":"https://fd3-photos.leclercdrive.fr/image.ashx?id=2783431&use=l&cat=p&typeid=i","cat":289556},{"id":43670,"n":"AOC Juliénas vin rouge Antoine Barrier - 75cl","p":6.99,"u":"9,32 €/L","img":"https://fd3-photos.leclercdrive.fr/image.ashx?id=2909401&use=l&cat=p&typeid=i","cat":289556},{"id":43693,"n":"Couches Mots d'Enfants Activ+ T3 : 4/9kg - x47 changes","p":14.35,"u":"0,31 €/P","img":"https://fd3-photos.leclercdrive.fr/image.ashx?id=2699486&use=l&cat=p&typeid=i","cat":284737},{"id":43696,"n":"AOC Côtes du Marmandais vin rouge Terrasses d'Autan - 75cl","p":2.99,"u":"3,99 €/L","img":"https://fd3-photos.leclercdrive.fr/image.ashx?id=2750150&use=l&cat=p&typeid=i","cat":289556},{"id":43697,"n":"AOP Côtes de Bourg vin rouge Chantet Blanet - 75cl","p":3.89,"u":"5,19 €/L","img":"https://fd3-photos.leclercdrive.fr/image.ashx?id=2728255&use=l&cat=p&typeid=i","cat":289556},{"id":43718,"n":"Croquettes chat Whiskas Stérilisé saumon - 1,75kg","p":5.17,"u":"2,95 €/KG","img":"https://fd3-photos.leclercdrive.fr/image.ashx?id=2915597&use=l&cat=p&typeid=i","cat":284680},{"id":43719,"n":"Croquettes chat Whiskas Stérilisé poulet - 1.75kg","p":5.73,"u":"3,27 €/KG","img":"https://fd3-photos.leclercdrive.fr/image.ashx?id=2952872&use=l&cat=p&typeid=i","cat":284680},{"id":43729,"n":"Collant Well Mon indispensable Opaque noir - T1/2","p":5.35,"img":"https://fd3-photos.leclercdrive.fr/image.ashx?id=2056509&use=l&cat=p&typeid=i","cat":334130},{"id":43730,"n":"Collant Well Mon indispensable Opaque noir - T3/4","p":5.35,"img":"https://fd3-photos.leclercdrive.fr/image.ashx?id=2056512&use=l&cat=p&typeid=i","cat":334130},{"id":43758,"n":"AOP Brouilly vin rouge Antoine Barrier - 75cl","p":6.79,"u":"9,05 €/L","img":"https://fd3-photos.leclercdrive.fr/image.ashx?id=2728258&use=l&cat=p&typeid=i","cat":289556},{"id":43760,"n":"Biscuits fourrés Prince Vanille - 300g","p":1.48,"u":"4,93 €/KG","img":"https://fd3-photos.leclercdrive.fr/image.ashx?id=2907695&use=l&cat=p&typeid=i","cat":284488},{"id":43761,"n":"Flacon persil de France 7g","p":1.75,"u":"250,00 €/KG","img":"https://fd3-photos.leclercdrive.fr/image.ashx?id=2973583&use=l&cat=p&typeid=i","cat":298297},{"id":43763,"n":"Safran en poudre 4x0.1g","p":5.12,"img":"https://fd3-photos.leclercdrive.fr/image.ashx?id=2774424&use=l&cat=p&typeid=i","cat":298297},{"id":43769,"n":"Préservatifs Skyn Manix Original - x10","p":6.83,"img":"https://fd3-photos.leclercdrive.fr/image.ashx?id=2928810&use=l&cat=p&typeid=i","cat":284631},{"id":43770,"n":"Après-shampooing Vitanov Nutrition - 750ml","p":4.08,"u":"5,44 €/L","img":"https://fd3-photos.leclercdrive.fr/image.ashx?id=1923583&use=l&cat=p&typeid=i","cat":284607},{"id":43771,"n":"Spray démelant  200ml","p":2.55,"u":"12,75 €/L","img":"https://fd3-photos.leclercdrive.fr/image.ashx?id=2712986&use=l&cat=p&typeid=i","cat":284608},{"id":43772,"n":"Baies roses poivre doux 25g","p":2.42,"u":"96,80 €/KG","img":"https://fd3-photos.leclercdrive.fr/image.ashx?id=1867012&use=l&cat=p&typeid=i","cat":284457},{"id":43778,"n":"Morceaux de thon Listao Eco+ 130g","p":0.99,"u":"7,62 €/KG","img":"https://fd3-photos.leclercdrive.fr/image.ashx?id=2610669&use=l&cat=p&typeid=i","cat":303867},{"id":43780,"n":"AOC Anjou vin rouge Les Caractères - 75cl","p":4.35,"u":"5,80 €/L","img":"https://fd3-photos.leclercdrive.fr/image.ashx?id=2750153&use=l&cat=p&typeid=i","cat":289556},{"id":43781,"n":"Céréales Extra Kellogg's Chocolat Noir Noisettes - 800g","p":4.85,"u":"6,06 €/KG","img":"https://fd3-photos.leclercdrive.fr/image.ashx?id=2775026&use=l&cat=p&typeid=i","cat":309512},{"id":43844,"n":"Friandises chats Tous mes amis Sticks au Poulet - 3x5g - 15g","p":0.56,"u":"37,33 €/KG","img":"https://fd3-photos.leclercdrive.fr/image.ashx?id=2858986&use=l&cat=p&typeid=i","cat":285285},{"id":43845,"n":"Friandises chats Tous mes amis Sticks au Saumon  - 3x5g - 15g","p":0.56,"u":"37,33 €/KG","img":"https://fd3-photos.leclercdrive.fr/image.ashx?id=2858989&use=l&cat=p&typeid=i","cat":285285},{"id":43924,"n":"AOP Vin blanc italien  Prosecco Vilaveroni 75cl","p":7.29,"u":"9,72 €/L","img":"https://fd3-photos.leclercdrive.fr/image.ashx?id=2492351&use=l&cat=p&typeid=i","cat":289461},{"id":43944,"n":"Champagne rosé G.H. Mumm Brut - 12%vol - 75cl","p":35.9,"pp":32.9,"u":"43,87 €/L","img":"https://fd3-photos.leclercdrive.fr/image.ashx?id=2998913&use=l&cat=p&typeid=i","cat":284542},{"id":43964,"n":"Mini bûches Eskiss Fruits - x6 - 333g","p":2.29,"u":"6,88 €/KG","img":"https://fd3-photos.leclercdrive.fr/image.ashx?id=2791317&use=l&cat=p&typeid=i","cat":284266},{"id":44016,"n":"Bocal Morilles extra séchées   Borde - 25g","p":14.99,"pp":9.89,"u":"395,60 €/KG","img":"https://fd3-photos.leclercdrive.fr/image.ashx?id=2731081&use=l&cat=p&typeid=i","cat":284352},{"id":44040,"n":"Soufflé grignot' Tokapi  jambon fromage 90g","p":0.89,"u":"9,89 €/KG","img":"https://fd3-photos.leclercdrive.fr/image.ashx?id=2059489&use=l&cat=p&typeid=i","cat":284449},{"id":44057,"n":"Soufflés Tornades 3D Goût emmental - 85g","p":0.72,"u":"8,47 €/KG","img":"https://fd3-photos.leclercdrive.fr/image.ashx?id=2900139&use=l&cat=p&typeid=i","cat":284449},{"id":44081,"n":"Eau aromatisée Volvic Juicy Fraise - 1,5L","p":1.39,"u":"0,93 €/L","img":"https://fd3-photos.leclercdrive.fr/image.ashx?id=2964664&use=l&cat=p&typeid=i","cat":284537},{"id":44082,"n":"Eau aromatisée Volvic juicy Fruits exotiques - 1,5L","p":1.34,"u":"0,89 €/L","img":"https://fd3-photos.leclercdrive.fr/image.ashx?id=2964667&use=l&cat=p&typeid=i","cat":284537},{"id":44083,"n":"Eau gazeuse  Badoit verte finement pétillante - 6x1l","p":3.29,"u":"0,55 €/L","img":"https://fd3-photos.leclercdrive.fr/image.ashx?id=2919259&use=l&cat=p&typeid=i","cat":284536},{"id":44085,"n":"Petit quatre quarts Bonne Maman x10 - 300g","p":3.18,"u":"10,60 €/KG","img":"https://fd3-photos.leclercdrive.fr/image.ashx?id=2936149&use=l&cat=p&typeid=i","cat":284492},{"id":44090,"n":"AOP Monbazillac vin blanc Moelleux Terrasses d'Autan-75cl","p":6.99,"u":"9,32 €/L","img":"https://fd3-photos.leclercdrive.fr/image.ashx?id=2756873&use=l&cat=p&typeid=i","cat":289557},{"id":44091,"n":"AOC Côtes du Rhône Villages vin rouge Rives & Terrasses - 75cl","p":3.89,"u":"5,19 €/L","img":"https://fd3-photos.leclercdrive.fr/image.ashx?id=2691354&use=l&cat=p&typeid=i","cat":289556},{"id":44094,"n":"Bière blonde Leffe 6,6% - 50cl canette","p":1.54,"u":"3,08 €/L","img":"https://fd3-photos.leclercdrive.fr/image.ashx?id=2948417&use=l&cat=p&typeid=i","cat":334853},{"id":44095,"n":"Bière blonde Leffe 6,6% - 75cl","p":2.39,"u":"3,19 €/L","img":"https://fd3-photos.leclercdrive.fr/image.ashx?id=1720789&use=l&cat=p&typeid=i","cat":334852},{"id":44097,"n":"Quinoa 500g","p":2.84,"u":"5,68 €/KG","img":"https://fd3-photos.leclercdrive.fr/image.ashx?id=3012845&use=l&cat=p&typeid=i","cat":284429},{"id":44166,"n":"Vinaigre de Riz Tanoshi Flacon 150ml","p":3.52,"u":"23,47 €/L","img":"https://fd3-photos.leclercdrive.fr/image.ashx?id=2907982&use=l&cat=p&typeid=i","cat":288992},{"id":44168,"n":"Guacamole en pot 300g","p":1.75,"u":"5,83 €/KG","img":"https://fd3-photos.leclercdrive.fr/image.ashx?id=2466072&use=l&cat=p&typeid=i","cat":288993},{"id":44170,"n":"Assaisonnement pour Fajitas Mélange d'épices - 30g","p":1.06,"u":"35,33 €/KG","img":"https://fd3-photos.leclercdrive.fr/image.ashx?id=2477565&use=l&cat=p&typeid=i","cat":288993},{"id":44171,"n":"6 wraps de blé nature 370g","p":1.99,"u":"5,38 €/KG","img":"https://fd3-photos.leclercdrive.fr/image.ashx?id=2679741&use=l&cat=p&typeid=i","cat":288993},{"id":44172,"n":"Assaisonnement pour Guacamole Tables du monde - 20g","p":0.95,"u":"47,50 €/KG","img":"https://fd3-photos.leclercdrive.fr/image.ashx?id=2489125&use=l&cat=p&typeid=i","cat":288993},{"id":44173,"n":"Après-shampooing Nateis Cheveux colorés - 250ml","p":1.63,"u":"6,52 €/L","img":"https://fd3-photos.leclercdrive.fr/image.ashx?id=2626808&use=l&cat=p&typeid=i","cat":284607},{"id":44174,"n":"Après-shampooing doux Nateis Cheveux secs - 250ml","p":1.35,"u":"5,40 €/KG","img":"https://fd3-photos.leclercdrive.fr/image.ashx?id=2626811&use=l&cat=p&typeid=i","cat":284607},{"id":44179,"n":"Sachets détachants Texil Anti-transferts - x12","p":4.44,"u":"0,37 €/P","img":"https://fd3-photos.leclercdrive.fr/image.ashx?id=2958741&use=l&cat=p&typeid=i","cat":284651},{"id":44181,"n":"Poivrons grillés Florelli Antipasti - 280g","p":3.13,"u":"11,18 €/KG","img":"https://fd3-photos.leclercdrive.fr/image.ashx?id=2633091&use=l&cat=p&typeid=i","cat":289010},{"id":44183,"n":"Tortillas Old El Paso de blé nature x8 - 326g","p":2.49,"u":"7,64 €/KG","img":"https://fd3-photos.leclercdrive.fr/image.ashx?id=2737642&use=l&cat=p&typeid=i","cat":288993},{"id":44184,"n":"Kit fajitas Old El Paso Original doux - 500g","p":4.86,"u":"9,72 €/KG","img":"https://fd3-photos.leclercdrive.fr/image.ashx?id=2940576&use=l&cat=p&typeid=i","cat":288993},{"id":44185,"n":"Kit Burritos Old El Paso Original paprika doux - 510g","p":4.37,"u":"8,57 €/KG","img":"https://fd3-photos.leclercdrive.fr/image.ashx?id=2940579&use=l&cat=p&typeid=i","cat":288993},{"id":44186,"n":"Kit Enchiladas Old El Paso au four doux - 657g","p":5.4,"u":"8,22 €/KG","img":"https://fd3-photos.leclercdrive.fr/image.ashx?id=2759502&use=l&cat=p&typeid=i","cat":288993},{"id":44195,"n":"Détachant avant lavage K2R  Action complète pistolet -750ml","p":3.13,"u":"4,17 €/L","img":"https://fd3-photos.leclercdrive.fr/image.ashx?id=2101180&use=l&cat=p&typeid=i","cat":284651},{"id":44197,"n":"Couches Activ+ Mots d'Enfants T4 : 7/18kg - x39 changes","p":12.89,"u":"0,33 €/P","img":"https://fd3-photos.leclercdrive.fr/image.ashx?id=2934715&use=l&cat=p&typeid=i","cat":284737},{"id":44198,"n":"Déodorant Carré Homme Vetiver Attirant - 100ml","p":1.12,"u":"11,20 €/L","img":"https://fd3-photos.leclercdrive.fr/image.ashx?id=2440751&use=l&cat=p&typeid=i","cat":284618},{"id":44231,"n":"Estragon de france Sainte Lucie flacon 11g","p":2.2,"u":"200,00 €/KG","img":"https://fd3-photos.leclercdrive.fr/image.ashx?id=2774292&use=l&cat=p&typeid=i","cat":298297},{"id":44235,"n":"Epices couscous Sainte Lucie à la marocaine - 30g","p":1.68,"u":"56,00 €/KG","img":"https://fd3-photos.leclercdrive.fr/image.ashx?id=2774433&use=l&cat=p&typeid=i","cat":298297},{"id":44273,"n":"Miettes de thon Petit Navire À l'huile d'olive - 160g","p":2.6,"u":"16,25 €/KG","img":"https://fd3-photos.leclercdrive.fr/image.ashx?id=2519642&use=l&cat=p&typeid=i","cat":303867},{"id":44279,"n":"Fromage apéritif Apericube Panier de campagne 24 cubes","p":2.63,"u":"21,04 €/KG","img":"https://fd3-photos.leclercdrive.fr/image.ashx?id=2882656&use=l&cat=p&typeid=i","cat":314027},{"id":44285,"n":"Thon cuisiné Saupiquet  sauce catalane 1/6 2x135g","p":2.21,"u":"8,19 €/KG","img":"https://fd3-photos.leclercdrive.fr/image.ashx?id=2731549&use=l&cat=p&typeid=i","cat":303867},{"id":44293,"n":"Emmental râpé  Entremont  français 160g","p":1.79,"u":"11,19 €/KG","img":"https://fd3-photos.leclercdrive.fr/image.ashx?id=2983153&use=l&cat=p&typeid=i","cat":314035},{"id":44300,"n":"Mini bûches de chèvre Soignon x6 - 150g","p":2.9,"u":"19,33 €/KG","img":"https://fd3-photos.leclercdrive.fr/image.ashx?id=2646560&use=l&cat=p&typeid=i","cat":314030},{"id":44309,"n":"Emmental tranches grand cru NRT IGP - Label Rouge -175g","p":2.89,"u":"16,51 €/KG","img":"https://fd3-photos.leclercdrive.fr/image.ashx?id=2405751&use=l&cat=p&typeid=i","cat":314028},{"id":44327,"n":"Vin Union Européenne rosé Le Tonnelier - BIB 5L","p":8.95,"u":"1,79 €/L","img":"https://fd3-photos.leclercdrive.fr/image.ashx?id=2107474&use=l&cat=p&typeid=i","cat":289560},{"id":44340,"n":"Cire cheveux Taft Effet mat tenue forte - 75ml","p":3.23,"u":"43,07 €/L","img":"https://fd3-photos.leclercdrive.fr/image.ashx?id=2410937&use=l&cat=p&typeid=i","cat":284609},{"id":44354,"n":"Préfou chorizo Paso 350g","p":4.99,"u":"14,26 €/KG","img":"https://fd3-photos.leclercdrive.fr/image.ashx?id=2332627&use=l&cat=p&typeid=i","cat":316003},{"id":44361,"n":"Chocolat Pâtissier Nestlé Dessert : Noir - 205g","p":3.0,"u":"14,63 €/KG","img":"https://fd3-photos.leclercdrive.fr/image.ashx?id=2938920&use=l&cat=p&typeid=i","cat":285562},{"id":44364,"n":"Bonbon Alpin Fresh Ricola Sans sucres - 50g","p":1.62,"u":"32,40 €/KG","img":"https://fd3-photos.leclercdrive.fr/image.ashx?id=2387831&use=l&cat=p&typeid=i","cat":304256},{"id":44370,"n":"Préservatifs perles et nervures X12","p":2.42,"u":"0,20 €/P","img":"https://fd3-photos.leclercdrive.fr/image.ashx?id=2856196&use=l&cat=p&typeid=i","cat":284631},{"id":44413,"n":"Vin blanc Pfaff Gewurztraminer Cuvée Bacchus AOP - 75cl","p":7.73,"u":"10,31 €/L","img":"https://fd3-photos.leclercdrive.fr/image.ashx?id=1603502&use=l&cat=p&typeid=i","cat":289557},{"id":44434,"n":"Nectar Bio Pressade Multifruits - 1,5L","p":2.23,"u":"1,49 €/L","img":"https://fd3-photos.leclercdrive.fr/image.ashx?id=2732533&use=l&cat=p&typeid=i","cat":284917},{"id":44572,"n":"AOC Bordeaux Supérieur vin rouge Chantet Blanet - 75cl","p":3.49,"u":"4,65 €/L","img":"https://fd3-photos.leclercdrive.fr/image.ashx?id=2646773&use=l&cat=p&typeid=i","cat":289556},{"id":44574,"n":"Nettoyant textiles TECH9 Avec brosse - 400ml","p":4.59,"u":"11,48 €/L","img":"https://fd3-photos.leclercdrive.fr/image.ashx?id=1543900&use=l&cat=p&typeid=i","cat":298252},{"id":44577,"n":"Nettoyant jantes TECH9 500ml","p":3.99,"u":"7,98 €/L","img":"https://fd3-photos.leclercdrive.fr/image.ashx?id=2162450&use=l&cat=p&typeid=i","cat":298252},{"id":44578,"n":"Madeleines Saint Michel Pépites chocolat 400g","p":1.86,"u":"4,65 €/KG","img":"https://fd3-photos.leclercdrive.fr/image.ashx?id=2936200&use=l&cat=p&typeid=i","cat":284492},{"id":44605,"n":"Foie gras canard IGP Sud-Ouest NRT Entier - 300g","p":22.9,"u":"76,33 €/KG","img":"https://fd3-photos.leclercdrive.fr/image.ashx?id=2743897&use=l&cat=p&typeid=i","cat":305148},{"id":44657,"n":"Bière blonde Leffe Rituel 9% - 12x25cl","p":10.05,"u":"3,35 €/L","img":"https://fd3-photos.leclercdrive.fr/image.ashx?id=2548288&use=l&cat=p&typeid=i","cat":334852},{"id":44706,"n":"Palets bretons P'tit Déli 2x125g","p":1.84,"u":"7,36 €/KG","img":"https://fd3-photos.leclercdrive.fr/image.ashx?id=2820134&use=l&cat=p&typeid=i","cat":284487},{"id":44725,"n":"3 Légumes Bonduelle Choux carotte brocolis - 750g","p":3.43,"u":"4,57 €/KG","img":"https://fd3-photos.leclercdrive.fr/image.ashx?id=2876164&use=l&cat=p&typeid=i","cat":319805},{"id":44732,"n":"Brunoise Notre Jardin méditerranéens 600g","p":3.41,"u":"5,68 €/KG","img":"https://fd3-photos.leclercdrive.fr/image.ashx?id=2873150&use=l&cat=p&typeid=i","cat":319823},{"id":44738,"n":"Haricots verts Notre Jardin cuits 750g","p":1.55,"u":"2,07 €/KG","img":"https://fd3-photos.leclercdrive.fr/image.ashx?id=2900142&use=l&cat=p&typeid=i","cat":319805},{"id":44739,"n":"Choux fleurs Notre Jardin  cuits 750g","p":1.74,"u":"2,32 €/KG","img":"https://fd3-photos.leclercdrive.fr/image.ashx?id=2900145&use=l&cat=p&typeid=i","cat":319805},{"id":44741,"n":"Riz sushi Table du monde 500g","p":1.19,"u":"2,38 €/KG","img":"https://fd3-photos.leclercdrive.fr/image.ashx?id=2679753&use=l&cat=p&typeid=i","cat":288992},{"id":44742,"n":"Duo de Fleurettes Bio  Bio Village - 600g","p":2.55,"u":"4,25 €/KG","img":"https://fd3-photos.leclercdrive.fr/image.ashx?id=2898065&use=l&cat=p&typeid=i","cat":319805},{"id":44743,"n":"Julienne de légumes Bio Village Bio - 600g","p":1.99,"u":"3,32 €/KG","img":"https://fd3-photos.leclercdrive.fr/image.ashx?id=2175780&use=l&cat=p&typeid=i","cat":319823},{"id":44745,"n":"Mini boulettes au boeuf Férial  x50 - 750g","p":6.99,"u":"9,32 €/KG","img":"https://fd3-photos.leclercdrive.fr/image.ashx?id=2966511&use=l&cat=p&typeid=i","cat":319779},{"id":44746,"n":"Glace Mystère Extrême Vanille Meringue x4 308.6g","p":5.44,"u":"17,61 €/KG","img":"https://fd3-photos.leclercdrive.fr/image.ashx?id=2878375&use=l&cat=p&typeid=i","cat":284266},{"id":44747,"n":"Glace Mystère Extrême Vanille Coeur chocolat x4 308g","p":4.98,"u":"16,17 €/KG","img":"https://fd3-photos.leclercdrive.fr/image.ashx?id=2878381&use=l&cat=p&typeid=i","cat":284266},{"id":44748,"n":"Purée de carottes Notre Jardin potirons 750g","p":2.62,"u":"3,49 €/KG","img":"https://fd3-photos.leclercdrive.fr/image.ashx?id=2856190&use=l&cat=p&typeid=i","cat":319805},{"id":44751,"n":"Pom' curv au four Pom'Lisse 600g","p":1.81,"u":"3,02 €/KG","img":"https://fd3-photos.leclercdrive.fr/image.ashx?id=2699690&use=l&cat=p&typeid=i","cat":319791},{"id":44767,"n":"Dés Gouda cumin Les Croisés 30%MG - 150g","p":1.95,"u":"13,00 €/KG","img":"https://fd3-photos.leclercdrive.fr/image.ashx?id=2532844&use=l&cat=p&typeid=i","cat":314027},{"id":44808,"n":"AOC Côtes du Rhône rouge BIO Rives & Terrasses - 75cl","p":3.99,"u":"5,32 €/L","img":"https://fd3-photos.leclercdrive.fr/image.ashx?id=2928318&use=l&cat=p&typeid=i","cat":289556},{"id":44850,"n":"Lotion Tonique Diadermine apaisante 200ml","p":2.56,"u":"12,80 €/L","img":"https://fd3-photos.leclercdrive.fr/image.ashx?id=2551105&use=l&cat=p&typeid=i","cat":284603},{"id":44859,"n":"Olives Vertes -25% sel Tramier  Dénoyautées 160g","p":1.77,"u":"11,06 €/KG","img":"https://fd3-photos.leclercdrive.fr/image.ashx?id=2840823&use=l&cat=p&typeid=i","cat":284458},{"id":44860,"n":"Sauce salade Le Jardin d'Orante Dijonnaise Bio - 50cl","p":4.25,"u":"8,50 €/L","img":"https://fd3-photos.leclercdrive.fr/image.ashx?id=2118258&use=l&cat=p&typeid=i","cat":284456},{"id":44861,"n":"Sauce pesto Tradizioni d'Italia A la génoise - 180g","p":1.79,"u":"9,94 €/KG","img":"https://fd3-photos.leclercdrive.fr/image.ashx?id=2840043&use=l&cat=p&typeid=i","cat":287599},{"id":44865,"n":"Dessert fruits mixés Sojasun Abricot / Goyave - 4x100g","p":1.64,"u":"4,10 €/KG","img":"https://fd3-photos.leclercdrive.fr/image.ashx?id=2355668&use=l&cat=p&typeid=i","cat":316071},{"id":44876,"n":"Nettoyant multi-usage TECH9 Ecocert - 500ml","p":3.4,"u":"6,80 €/L","img":"https://fd3-photos.leclercdrive.fr/image.ashx?id=2536866&use=l&cat=p&typeid=i","cat":298252},{"id":44878,"n":"Shampooing carrosserie TECH9 Ecocert - 500ml","p":5.99,"u":"11,98 €/L","img":"https://fd3-photos.leclercdrive.fr/image.ashx?id=2536872&use=l&cat=p&typeid=i","cat":298252},{"id":44884,"n":"Soupe Mouliné Bio Village Bio - Légumes variés - 1L","p":1.97,"u":"1,97 €/L","img":"https://fd3-photos.leclercdrive.fr/image.ashx?id=2133957&use=l&cat=p&typeid=i","cat":284462},{"id":44885,"n":"Velouté de légumes Bio Village Bio - 1L","p":2.79,"u":"2,79 €/L","img":"https://fd3-photos.leclercdrive.fr/image.ashx?id=2339879&use=l&cat=p&typeid=i","cat":284462},{"id":44896,"n":"Café moulu Lobodis  Bolivie Bio - 260g","p":5.99,"u":"23,04 €/KG","img":"https://fd3-photos.leclercdrive.fr/image.ashx?id=2638892&use=l&cat=p&typeid=i","cat":284750},{"id":44898,"n":"Café moulu Lobodis Pérou - 260g","p":4.99,"u":"19,19 €/KG","img":"https://fd3-photos.leclercdrive.fr/image.ashx?id=2638886&use=l&cat=p&typeid=i","cat":284750},{"id":44900,"n":"Baguette précuite four Epi d'Or précuite four en pierre - 250g","p":1.35,"u":"5,40 €/KG","img":"https://fd3-photos.leclercdrive.fr/image.ashx?id=2956963&use=l&cat=p&typeid=i","cat":325069},{"id":44939,"n":"Mini gratins Côté Table Pomme de terre salardaise 400g","p":3.89,"u":"9,73 €/KG","img":"https://fd3-photos.leclercdrive.fr/image.ashx?id=2641289&use=l&cat=p&typeid=i","cat":319802},{"id":44941,"n":"Mini gratins Côté Table Pomme de terre Epinard  x4 480g","p":3.85,"u":"8,02 €/KG","img":"https://fd3-photos.leclercdrive.fr/image.ashx?id=2641286&use=l&cat=p&typeid=i","cat":319802},{"id":44944,"n":"Oeufs de caille De Nos Régions x18","p":2.39,"u":"0,13 €/P","img":"https://fd3-photos.leclercdrive.fr/image.ashx?id=1070469&use=l&cat=p&typeid=i","cat":284378},{"id":44947,"n":"Pâtes Tagliatelle Panzani Qualité Pâtes Fraîche - 400G","p":1.34,"u":"3,35 €/KG","img":"https://fd3-photos.leclercdrive.fr/image.ashx?id=2872856&use=l&cat=p&typeid=i","cat":284427},{"id":44948,"n":"Pâtes Fetucine Panzani Qualité Pâtes Fraîche - 400G","p":1.88,"u":"4,70 €/KG","img":"https://fd3-photos.leclercdrive.fr/image.ashx?id=2902948&use=l&cat=p&typeid=i","cat":284427},{"id":44953,"n":"Pâtes Sans gluten Barilla Spaghetti - 400g","p":1.84,"u":"4,60 €/KG","img":"https://fd3-photos.leclercdrive.fr/image.ashx?id=2647639&use=l&cat=p&typeid=i","cat":284427},{"id":44954,"n":"Pâtes Sans gluten Barilla Penne Rigate - 400g","p":2.16,"u":"5,40 €/KG","img":"https://fd3-photos.leclercdrive.fr/image.ashx?id=2975461&use=l&cat=p&typeid=i","cat":284427},{"id":44959,"n":"Lingettes démaquillantes Inell Eau micellaire x25","p":2.6,"u":"0,10 €/P","img":"https://fd3-photos.leclercdrive.fr/image.ashx?id=2764392&use=l&cat=p&typeid=i","cat":284603},{"id":44963,"n":"Stick lèvres Inell Miss pink - 1 pièce","p":1.69,"img":"https://fd3-photos.leclercdrive.fr/image.ashx?id=2691673&use=l&cat=p&typeid=i","cat":285485},{"id":44964,"n":"Alèses absorbantes Chorys 60x90cm - x16","p":6.99,"u":"0,44 €/P","img":"https://fd3-photos.leclercdrive.fr/image.ashx?id=2860076&use=l&cat=p&typeid=i","cat":284628},{"id":44965,"n":"Lingettes Hygiène Adulte Chorys x64","p":4.57,"u":"0,07 €/P","img":"https://fd3-photos.leclercdrive.fr/image.ashx?id=2940911&use=l&cat=p&typeid=i","cat":284627},{"id":44967,"n":"Culottes bébé Mots d'Enfants  T5 : 12/18kg - x20 changes","p":5.45,"u":"0,27 €/P","img":"https://fd3-photos.leclercdrive.fr/image.ashx?id=2904580&use=l&cat=p&typeid=i","cat":290633},{"id":44968,"n":"Culottes bébé Mots d'Enfants  T6 : 16kg - x18 changes","p":4.99,"u":"0,28 €/P","img":"https://fd3-photos.leclercdrive.fr/image.ashx?id=2907201&use=l&cat=p&typeid=i","cat":290633},{"id":44976,"n":"Masque nourrisant Natéïs Cheveux secs ou abîmés - 300ml","p":2.63,"u":"8,77 €/L","img":"https://fd3-photos.leclercdrive.fr/image.ashx?id=2387340&use=l&cat=p&typeid=i","cat":284608},{"id":44977,"n":"Mousse nettoyante Inell Peaux sensibles 150ml","p":2.99,"u":"19,93 €/L","img":"https://fd3-photos.leclercdrive.fr/image.ashx?id=1993200&use=l&cat=p&typeid=i","cat":284603},{"id":44980,"n":"Gel lave-vaisselle Visior Classique x75 - 1,5L","p":4.75,"u":"3,17 €/L","img":"https://fd3-photos.leclercdrive.fr/image.ashx?id=2939061&use=l&cat=p&typeid=i","cat":284656},{"id":45002,"n":"Pain de mie Epi d'Or  Croque monsieur - 550g","p":1.46,"u":"2,65 €/KG","img":"https://fd3-photos.leclercdrive.fr/image.ashx?id=2860748&use=l&cat=p&typeid=i","cat":284477},{"id":45005,"n":"Fond de veau Rustica dégraissé 100g","p":2.18,"u":"21,80 €/KG","img":"https://fd3-photos.leclercdrive.fr/image.ashx?id=2979571&use=l&cat=p&typeid=i","cat":288379},{"id":45009,"n":"Cacahuètes grillées Tokapi salées 3x120g","p":1.49,"u":"4,14 €/KG","img":"https://fd3-photos.leclercdrive.fr/image.ashx?id=2799769&use=l&cat=p&typeid=i","cat":284448},{"id":45015,"n":"Biscuits P'tit Déli Pépites de chocolat 300g","p":2.49,"u":"8,30 €/KG","img":"https://fd3-photos.leclercdrive.fr/image.ashx?id=2390425&use=l&cat=p&typeid=i","cat":284487},{"id":45023,"n":"AOC Moulin-à-Vent vin rouge Antoine Barrier - 75cl","p":7.75,"u":"10,33 €/L","img":"https://fd3-photos.leclercdrive.fr/image.ashx?id=2741625&use=l&cat=p&typeid=i","cat":289556},{"id":45024,"n":"AOC Mâcon Villages vin blanc Antoine Barrier - 75cl","p":7.49,"u":"9,99 €/L","img":"https://fd3-photos.leclercdrive.fr/image.ashx?id=2884249&use=l&cat=p&typeid=i","cat":289557},{"id":45025,"n":"AOC Saumur-Champigny vin rouge Les Caractères - 37,5cl","p":3.49,"u":"9,31 €/L","img":"https://fd3-photos.leclercdrive.fr/image.ashx?id=2745475&use=l&cat=p&typeid=i","cat":289556},{"id":45034,"n":"AOC Crozes-Hermitage vin rouge Rives & Terrasses - 75cl","p":9.99,"u":"13,32 €/L","img":"https://fd3-photos.leclercdrive.fr/image.ashx?id=2623437&use=l&cat=p&typeid=i","cat":289556},{"id":45035,"n":"AOP Alsace Riesling vin blanc Rebmann - 75 cl","p":4.85,"u":"6,47 €/L","img":"https://fd3-photos.leclercdrive.fr/image.ashx?id=2953404&use=l&cat=p&typeid=i","cat":289557},{"id":45036,"n":"AOC Alsace Riesling vin blanc Rebmann - 37,5 cl","p":3.25,"u":"8,67 €/L","img":"https://fd3-photos.leclercdrive.fr/image.ashx?id=2754216&use=l&cat=p&typeid=i","cat":289557},{"id":45051,"n":"AOP Chablis vin blanc Antoine Barrier - 75cl","p":12.99,"u":"17,32 €/L","img":"https://fd3-photos.leclercdrive.fr/image.ashx?id=2741291&use=l&cat=p&typeid=i","cat":289557},{"id":45052,"n":"Velouté Régal Soupe Potiron Châtaigne - 1L","p":2.46,"u":"2,46 €/L","img":"https://fd3-photos.leclercdrive.fr/image.ashx?id=2983811&use=l&cat=p&typeid=i","cat":284462},{"id":45053,"n":"Soupe Velouté Régal Soupe Potiron fromage fondu 1L","p":2.36,"u":"2,36 €/L","img":"https://fd3-photos.leclercdrive.fr/image.ashx?id=2607572&use=l&cat=p&typeid=i","cat":284462},{"id":45055,"n":"Soupe velouté Régal Soupe Légumes du soleil 2x30cl","p":1.62,"u":"2,70 €/L","img":"https://fd3-photos.leclercdrive.fr/image.ashx?id=2983814&use=l&cat=p&typeid=i","cat":284462},{"id":45063,"n":"Biscuits sablés P'tit Déli Noix de coco - 120g","p":0.84,"u":"7,00 €/KG","img":"https://fd3-photos.leclercdrive.fr/image.ashx?id=2669750&use=l&cat=p&typeid=i","cat":284487},{"id":45065,"n":"Bretzels d'alsace NRT sachet 200g","p":0.74,"u":"3,70 €/KG","img":"https://fd3-photos.leclercdrive.fr/image.ashx?id=2638018&use=l&cat=p&typeid=i","cat":297000},{"id":45066,"n":"Petits biscuits salés NRT D'Alsace - 200g","p":0.99,"u":"4,95 €/KG","img":"https://fd3-photos.leclercdrive.fr/image.ashx?id=2638021&use=l&cat=p&typeid=i","cat":297000},{"id":45068,"n":"Pâtes Sans gluten Barilla Coquillettes - 400g","p":1.84,"u":"4,60 €/KG","img":"https://fd3-photos.leclercdrive.fr/image.ashx?id=2976113&use=l&cat=p&typeid=i","cat":284427},{"id":45101,"n":"Carrés de soin Mots d'Enfants Bébés - x100","p":1.99,"u":"0,02 €/P","img":"https://fd3-photos.leclercdrive.fr/image.ashx?id=3014245&use=l&cat=p&typeid=i","cat":284739},{"id":45136,"n":"Biscuit sablé bio Céréal Bio  Miel citron sarrasin - 132g","p":1.74,"u":"13,18 €/KG","img":"https://fd3-photos.leclercdrive.fr/image.ashx?id=2574059&use=l&cat=p&typeid=i","cat":284487},{"id":45138,"n":"Biscuits Bio Bjorg complets P'tit nature - 200g","p":1.47,"u":"7,35 €/KG","img":"https://fd3-photos.leclercdrive.fr/image.ashx?id=2906157&use=l&cat=p&typeid=i","cat":284487},{"id":45140,"n":"boisson végétale bio  épeautre bjorg 1l","p":2.43,"u":"2,43 €/L","img":"https://fd3-photos.leclercdrive.fr/image.ashx?id=2967058&use=l&cat=p&typeid=i","cat":316067},{"id":45145,"n":"Crème amande cuisine  Bjorg  Bio - 200ml","p":1.47,"u":"7,35 €/L","img":"https://fd3-photos.leclercdrive.fr/image.ashx?id=2851770&use=l&cat=p&typeid=i","cat":288383},{"id":45147,"n":"boisson végétale bio coco  bjorg 1L","p":2.57,"u":"2,57 €/L","img":"https://fd3-photos.leclercdrive.fr/image.ashx?id=2909530&use=l&cat=p&typeid=i","cat":316067},{"id":45148,"n":"Boisson végétale épeautre noisette Bjorg Bio - 1L","p":2.45,"u":"2,45 €/L","img":"https://fd3-photos.leclercdrive.fr/image.ashx?id=2960804&use=l&cat=p&typeid=i","cat":316067},{"id":45149,"n":"Boisson végétale lait d'amande  chocolat bjorg bio - 1l","p":2.53,"u":"2,53 €/L","img":"https://fd3-photos.leclercdrive.fr/image.ashx?id=2939412&use=l&cat=p&typeid=i","cat":316067},{"id":45150,"n":"Biscuits lunettes Bio Bjorg Fraise 200g","p":2.63,"u":"13,15 €/KG","img":"https://fd3-photos.leclercdrive.fr/image.ashx?id=2999976&use=l&cat=p&typeid=i","cat":284489},{"id":45157,"n":"Boulghour Tunisienne Céréal Bio Bio repas express - 220g","p":1.97,"u":"8,95 €/KG","img":"https://fd3-photos.leclercdrive.fr/image.ashx?id=2574062&use=l&cat=p&typeid=i","cat":287600},{"id":45165,"n":"Pots soir bébé bio Babybio Légumes blé - 6 mois - 2x200g","p":2.81,"u":"7,03 €/KG","img":"https://fd3-photos.leclercdrive.fr/image.ashx?id=2827479&use=l&cat=p&typeid=i","cat":312239},{"id":45166,"n":"Café moulu Lobodis Mexique Bio  - 260g","p":5.29,"u":"20,35 €/KG","img":"https://fd3-photos.leclercdrive.fr/image.ashx?id=2658896&use=l&cat=p&typeid=i","cat":284750},{"id":45167,"n":"Flocons avoine bio  Terres et Céréales - 500g","p":1.95,"u":"3,90 €/KG","img":"https://fd3-photos.leclercdrive.fr/image.ashx?id=2471907&use=l&cat=p&typeid=i","cat":309512},{"id":45168,"n":"Bouillon cube bio Jardin Bio Légumes - 72g","p":1.94,"u":"26,94 €/KG","img":"https://fd3-photos.leclercdrive.fr/image.ashx?id=2535535&use=l&cat=p&typeid=i","cat":288379},{"id":45169,"n":"Bouillon cube bio Jardin Bio Volaille dégraissé x10 - 100g","p":1.67,"u":"16,70 €/KG","img":"https://fd3-photos.leclercdrive.fr/image.ashx?id=2535538&use=l&cat=p&typeid=i","cat":288379},{"id":45171,"n":"Chocolat noir Bio Ethiquable   70% Pérou - 100g","p":2.53,"u":"25,30 €/KG","img":"https://fd3-photos.leclercdrive.fr/image.ashx?id=2870896&use=l&cat=p&typeid=i","cat":284956},{"id":45178,"n":"Coulis de tomate Bjorg bio 3x200g","p":1.76,"u":"2,93 €/KG","img":"https://fd3-photos.leclercdrive.fr/image.ashx?id=2757289&use=l&cat=p&typeid=i","cat":288384},{"id":45192,"n":"Pâtes bio Jardin Bio Coquillettes 3 min - 500g","p":1.5,"u":"3,00 €/KG","img":"https://fd3-photos.leclercdrive.fr/image.ashx?id=2939976&use=l&cat=p&typeid=i","cat":284427},{"id":45193,"n":"Chocolat noir Bio Ethiquable  85% Madagascar - 100g","p":2.83,"u":"28,30 €/KG","img":"https://fd3-photos.leclercdrive.fr/image.ashx?id=2870881&use=l&cat=p&typeid=i","cat":284956},{"id":45194,"n":"Chocolat noir Bio Ethiquable  80% Equateur - 100g","p":2.83,"u":"28,30 €/KG","img":"https://fd3-photos.leclercdrive.fr/image.ashx?id=2870917&use=l&cat=p&typeid=i","cat":284956},{"id":45197,"n":"Quinoa boulghour  Céréal Bio  à l'Indienne bio -220g","p":2.27,"u":"10,32 €/KG","img":"https://fd3-photos.leclercdrive.fr/image.ashx?id=2574068&use=l&cat=p&typeid=i","cat":287600},{"id":45198,"n":"Légumes et orge bio Céréal Bio  Compotée d'aubergines - 250g","p":1.99,"u":"7,96 €/KG","img":"https://fd3-photos.leclercdrive.fr/image.ashx?id=2574071&use=l&cat=p&typeid=i","cat":287600},{"id":45205,"n":"Biscuits fourrés Bio Bjorg  Chocolat lait noisette - 225g","p":3.76,"u":"16,71 €/KG","img":"https://fd3-photos.leclercdrive.fr/image.ashx?id=2970930&use=l&cat=p&typeid=i","cat":284488},{"id":45207,"n":"Biscuits Bio Bjorg Fourrés à la Vanille - 225g","p":3.87,"u":"17,20 €/KG","img":"https://fd3-photos.leclercdrive.fr/image.ashx?id=2912059&use=l&cat=p&typeid=i","cat":284489},{"id":45212,"n":"Duo de quinoa Jardin Bio  Bio aux légumes - 250g","p":2.17,"u":"8,68 €/KG","img":"https://fd3-photos.leclercdrive.fr/image.ashx?id=2535481&use=l&cat=p&typeid=i","cat":287600},{"id":45213,"n":"Flageolets Jardin Bio  Bio cuisinés - 680g","p":3.08,"u":"4,53 €/KG","img":"https://fd3-photos.leclercdrive.fr/image.ashx?id=2918319&use=l&cat=p&typeid=i","cat":312606},{"id":45217,"n":"Galette  Céréal Bio  Bio riz légumes Colombo x2 200g","p":2.27,"u":"11,35 €/KG","img":"https://fd3-photos.leclercdrive.fr/image.ashx?id=2573510&use=l&cat=p&typeid=i","cat":284953},{"id":45225,"n":"Galettes de riz Bio Bjorg Chocolat au lait - 90g","p":3.03,"u":"33,67 €/KG","img":"https://fd3-photos.leclercdrive.fr/image.ashx?id=2882442&use=l&cat=p&typeid=i","cat":318651},{"id":45229,"n":"biscuits gaufres bio bjorg  Miel - 175g","p":2.11,"u":"12,06 €/KG","img":"https://fd3-photos.leclercdrive.fr/image.ashx?id=2915973&use=l&cat=p&typeid=i","cat":294777},{"id":45243,"n":"Lait de coco fluide Bio Bjorg 200ml","p":1.59,"u":"7,95 €/L","img":"https://fd3-photos.leclercdrive.fr/image.ashx?id=2752995&use=l&cat=p&typeid=i","cat":288992},{"id":45244,"n":"boisson végétale lait d'amande  bio bjorg 1l","p":2.26,"u":"2,26 €/L","img":"https://fd3-photos.leclercdrive.fr/image.ashx?id=2967067&use=l&cat=p&typeid=i","cat":316067},{"id":45245,"n":"Boisson végétale lait d'amande  vanille bjorg bio - 1l","p":2.42,"u":"2,42 €/L","img":"https://fd3-photos.leclercdrive.fr/image.ashx?id=2991978&use=l&cat=p&typeid=i","cat":316067},{"id":45251,"n":"Lentilles vertes Jardin Bio  Bio saveur du terroir - 250g","p":1.74,"u":"6,96 €/KG","img":"https://fd3-photos.leclercdrive.fr/image.ashx?id=2535559&use=l&cat=p&typeid=i","cat":287600},{"id":45252,"n":"Lentilles Jardin Bio  Bio façon petit salé - 250g","p":1.93,"u":"7,72 €/KG","img":"https://fd3-photos.leclercdrive.fr/image.ashx?id=2535019&use=l&cat=p&typeid=i","cat":287600},{"id":45254,"n":"Infusion Clipper Bio - Citron gingembre - 50g","p":1.99,"u":"39,80 €/KG","img":"https://fd3-photos.leclercdrive.fr/image.ashx?id=2909176&use=l&cat=p&typeid=i","cat":293234},{"id":45259,"n":"Pain bio Céréal Bio  Azyme Froment 200g","p":3.14,"u":"15,70 €/KG","img":"https://fd3-photos.leclercdrive.fr/image.ashx?id=2574281&use=l&cat=p&typeid=i","cat":325069},{"id":45261,"n":"Orge riz rouge bio Céréal Bio  lentilles repas express-220g","p":1.79,"u":"7,16 €/KG","img":"https://fd3-photos.leclercdrive.fr/image.ashx?id=2574080&use=l&cat=p&typeid=i","cat":287600},{"id":45262,"n":"Orge pruneaux bio Céréal Bio  Marocain repas express-220g","p":2.07,"u":"9,41 €/KG","img":"https://fd3-photos.leclercdrive.fr/image.ashx?id=2575075&use=l&cat=p&typeid=i","cat":287600},{"id":45263,"n":"pain complet bio bjorg  seigle - 500g","p":2.27,"u":"4,54 €/KG","img":"https://fd3-photos.leclercdrive.fr/image.ashx?id=2753973&use=l&cat=p&typeid=i","cat":325069},{"id":45267,"n":"Pain grillé Bio Bjorg au Blé complet - 250g","p":1.97,"u":"7,88 €/KG","img":"https://fd3-photos.leclercdrive.fr/image.ashx?id=2757608&use=l&cat=p&typeid=i","cat":284479},{"id":45270,"n":"Pains au chocolat Bio La Boulangère - 6x270g","p":2.62,"u":"9,70 €/KG","img":"https://fd3-photos.leclercdrive.fr/image.ashx?id=2912185&use=l&cat=p&typeid=i","cat":296366},{"id":45274,"n":"Maïs doux Jardin Bio  Bio - 230g","p":2.2,"u":"9,57 €/KG","img":"https://fd3-photos.leclercdrive.fr/image.ashx?id=2903233&use=l&cat=p&typeid=i","cat":312611},{"id":45276,"n":"Pain de mie La Boulangère  Céréales Bio - 500g","p":2.54,"u":"5,08 €/KG","img":"https://fd3-photos.leclercdrive.fr/image.ashx?id=2912398&use=l&cat=p&typeid=i","cat":284477},{"id":45278,"n":"Purée potimarron Céréal Bio  lentilles bio-250g","p":1.78,"u":"7,12 €/KG","img":"https://fd3-photos.leclercdrive.fr/image.ashx?id=2574074&use=l&cat=p&typeid=i","cat":287600},{"id":45287,"n":"Repas bébé Babybio - 4 mois Légumes Bio - 2x130g","p":2.07,"u":"7,96 €/KG","img":"https://fd3-photos.leclercdrive.fr/image.ashx?id=2827443&use=l&cat=p&typeid=i","cat":312234},{"id":45288,"n":"Compote bébé Babybio Bio 4 mois Pomme / Myrtille - 2x130g","p":2.07,"u":"7,96 €/KG","img":"https://fd3-photos.leclercdrive.fr/image.ashx?id=2827491&use=l&cat=p&typeid=i","cat":312387},{"id":45290,"n":"Petits pois Le jardin Bio  Bio extra fins - 445g","p":3.18,"u":"7,15 €/KG","img":"https://fd3-photos.leclercdrive.fr/image.ashx?id=2944735&use=l&cat=p&typeid=i","cat":312607},{"id":45291,"n":"Quinoa Jardin Bio  Bio poulet et Sésame - 250g","p":2.47,"u":"9,88 €/KG","img":"https://fd3-photos.leclercdrive.fr/image.ashx?id=2956433&use=l&cat=p&typeid=i","cat":287600},{"id":45294,"n":"Asperges blanches D'Aucy Grosses x2 410g","p":4.59,"u":"11,20 €/KG","img":"https://fd3-photos.leclercdrive.fr/image.ashx?id=2488854&use=l&cat=p&typeid=i","cat":312611},{"id":45339,"n":"Tartine sarrasin Céréal Bio Bio - 145g","p":1.54,"u":"10,62 €/KG","img":"https://fd3-photos.leclercdrive.fr/image.ashx?id=2810792&use=l&cat=p&typeid=i","cat":284479},{"id":45340,"n":"Tartine  Céréal Bio  Bio multicéréales - 145g","p":1.49,"u":"10,28 €/KG","img":"https://fd3-photos.leclercdrive.fr/image.ashx?id=2810795&use=l&cat=p&typeid=i","cat":284479},{"id":45341,"n":"Tartines bio Céréal Bio  Riz et châtaigne - 145g","p":2.43,"u":"16,76 €/KG","img":"https://fd3-photos.leclercdrive.fr/image.ashx?id=2752912&use=l&cat=p&typeid=i","cat":284479},{"id":45342,"n":"Salade bio Céréal Bio Lentilles, légumes, tofu -220g","p":1.98,"u":"9,00 €/KG","img":"https://fd3-photos.leclercdrive.fr/image.ashx?id=2574077&use=l&cat=p&typeid=i","cat":287600},{"id":45351,"n":"Tartines bio Jardin Bio Sarrasin sans gluten - 150g","p":2.03,"u":"13,53 €/KG","img":"https://fd3-photos.leclercdrive.fr/image.ashx?id=2535547&use=l&cat=p&typeid=i","cat":318654},{"id":45354,"n":"Tartines bio Jardin Bio Châtaigne sans gluten - 150g","p":2.23,"u":"14,87 €/KG","img":"https://fd3-photos.leclercdrive.fr/image.ashx?id=2537649&use=l&cat=p&typeid=i","cat":318654},{"id":45355,"n":"Thé vert Bio Clipper Au Citron - 20 sachets - 35g","p":2.17,"u":"62,00 €/KG","img":"https://fd3-photos.leclercdrive.fr/image.ashx?id=2922089&use=l&cat=p&typeid=i","cat":293233},{"id":45372,"n":"Tomates pelées Jardin Bio  Bio Entières au jus - 240g","p":1.23,"u":"5,13 €/KG","img":"https://fd3-photos.leclercdrive.fr/image.ashx?id=2967911&use=l&cat=p&typeid=i","cat":288384},{"id":45382,"n":"Déodorant Spray Femme Nivea Protect & Care - 200ml","p":2.69,"u":"13,45 €/L","img":"https://fd3-photos.leclercdrive.fr/image.ashx?id=2869188&use=l&cat=p&typeid=i","cat":284595},{"id":45415,"n":"Fromage Emmental Entremont Râpé  - 300g","p":3.33,"u":"11,10 €/KG","img":"https://fd3-photos.leclercdrive.fr/image.ashx?id=2983156&use=l&cat=p&typeid=i","cat":314035},{"id":45452,"n":"Pâtes Spaghetti plat Panzani 1kg","p":2.27,"u":"2,27 €/KG","img":"https://fd3-photos.leclercdrive.fr/image.ashx?id=2876071&use=l&cat=p&typeid=i","cat":284427},{"id":45454,"n":"Soufflés Tornades 3D Tokapi  Paprika 85g","p":0.73,"u":"8,59 €/KG","img":"https://fd3-photos.leclercdrive.fr/image.ashx?id=2953347&use=l&cat=p&typeid=i","cat":284449},{"id":45455,"n":"Soupe Velouté Bio Village Saveurs du sud Bio - 2x30cl","p":1.69,"u":"2,82 €/L","img":"https://fd3-photos.leclercdrive.fr/image.ashx?id=2363814&use=l&cat=p&typeid=i","cat":284462},{"id":45456,"n":"Chips Bio Village Bio Nature - 6x30g","p":2.99,"u":"16,61 €/KG","img":"https://fd3-photos.leclercdrive.fr/image.ashx?id=2838957&use=l&cat=p&typeid=i","cat":284447},{"id":45457,"n":"Mogette sèche IGP NRT De Vendée - 500g","p":3.09,"u":"6,18 €/KG","img":"https://fd3-photos.leclercdrive.fr/image.ashx?id=2267047&use=l&cat=p&typeid=i","cat":284430},{"id":45478,"n":"Nettoyant lave-vaisselle Visior 3x40g","p":2.9,"u":"24,17 €/KG","img":"https://fd3-photos.leclercdrive.fr/image.ashx?id=2742694&use=l&cat=p&typeid=i","cat":284657},{"id":45480,"n":"Nettoyant menthe Dentamyl Appareils dentaires x36","p":2.19,"img":"https://fd3-photos.leclercdrive.fr/image.ashx?id=2486802&use=l&cat=p&typeid=i","cat":285158},{"id":45483,"n":"Pastilles javel Clair Parfum Menthe x42 - 168g","p":1.44,"u":"8,57 €/KG","img":"https://fd3-photos.leclercdrive.fr/image.ashx?id=2631447&use=l&cat=p&typeid=i","cat":284661},{"id":45498,"n":"Sacs poubelle 30L Elembal Ultra resist - x20","p":3.25,"u":"0,16 €/P","img":"https://fd3-photos.leclercdrive.fr/image.ashx?id=2958729&use=l&cat=p&typeid=i","cat":285168},{"id":45500,"n":"Sacs poubelle 100L Elembal Ultra résist - x10","p":3.73,"u":"0,37 €/P","img":"https://fd3-photos.leclercdrive.fr/image.ashx?id=2958735&use=l&cat=p&typeid=i","cat":285168},{"id":45536,"n":"Taboulé Bonduelle Poulet - 300g","p":1.87,"u":"6,23 €/KG","img":"https://fd3-photos.leclercdrive.fr/image.ashx?id=2907902&use=l&cat=p&typeid=i","cat":333657},{"id":45540,"n":"Pizza l'Ovale Sodebo Jambon et fromages - 200g","p":1.44,"u":"7,20 €/KG","img":"https://fd3-photos.leclercdrive.fr/image.ashx?id=2407211&use=l&cat=p&typeid=i","cat":333679},{"id":45576,"n":"Fromage raclette Les Croisés  Nature et fumé 400g","p":5.34,"u":"13,35 €/KG","img":"https://fd3-photos.leclercdrive.fr/image.ashx?id=2793233&use=l&cat=p&typeid=i","cat":314037},{"id":45617,"n":"Cuisse de pintade Le Gaulois Farci au foie gras x2 - 320g","p":6.1,"u":"19,06 €/KG","img":"https://fd3-photos.leclercdrive.fr/image.ashx?id=2344690&use=l&cat=p&typeid=i","cat":327289},{"id":45636,"n":"Bouquet garni Ducros Epices à la provençale - 18g","p":1.33,"u":"73,89 €/KG","img":"https://fd3-photos.leclercdrive.fr/image.ashx?id=1715377&use=l&cat=p&typeid=i","cat":298297},{"id":45642,"n":"Ratatouille Cuisinée Cassegrain à la Provençale 185g","p":1.84,"u":"9,95 €/KG","img":"https://fd3-photos.leclercdrive.fr/image.ashx?id=2913007&use=l&cat=p&typeid=i","cat":312612},{"id":45644,"n":"Recharge SpaWax Expert Veet Figue Sucrée et Lys Violet x6","p":5.63,"u":"37,53 €/KG","img":"https://fd3-photos.leclercdrive.fr/image.ashx?id=2854351&use=l&cat=p&typeid=i","cat":325351},{"id":45671,"n":"Chips Bret's Chèvre/piment d'espelette -125g","p":1.17,"u":"9,36 €/KG","img":"https://fd3-photos.leclercdrive.fr/image.ashx?id=1941593&use=l&cat=p&typeid=i","cat":284447},{"id":45710,"n":"Fromage Burger cheddar/emmental Président - 20 tranches - 340g","p":2.59,"u":"7,62 €/KG","img":"https://fd3-photos.leclercdrive.fr/image.ashx?id=2628239&use=l&cat=p&typeid=i","cat":314028},{"id":45711,"n":"Fromage Croque emmental Président - 20 tranches - 340g","p":3.17,"u":"9,32 €/KG","img":"https://fd3-photos.leclercdrive.fr/image.ashx?id=2838163&use=l&cat=p&typeid=i","cat":314028},{"id":45712,"n":"Emmental râpé fondant Président 500g","p":4.84,"u":"9,68 €/KG","img":"https://fd3-photos.leclercdrive.fr/image.ashx?id=2489464&use=l&cat=p&typeid=i","cat":314035},{"id":45805,"n":"Emincé de thon Rondes des Mers Fumé - 100g","p":3.99,"u":"39,90 €/KG","img":"https://fd3-photos.leclercdrive.fr/image.ashx?id=2381435&use=l&cat=p&typeid=i","cat":285188},{"id":45825,"n":"Brosse à dents pro Dentamyl Souple x2","p":0.72,"u":"0,36 €/P","img":"https://fd3-photos.leclercdrive.fr/image.ashx?id=2790979&use=l&cat=p&typeid=i","cat":284614},{"id":45826,"n":"Brosse à dents pro Dentamyl Médium x2","p":0.65,"u":"0,33 €/P","img":"https://fd3-photos.leclercdrive.fr/image.ashx?id=2790982&use=l&cat=p&typeid=i","cat":284614},{"id":45867,"n":"Crème dessert Mont Blanc Coupelles Chocolat - 4x125g","p":3.23,"u":"6,46 €/KG","img":"https://fd3-photos.leclercdrive.fr/image.ashx?id=2961104&use=l&cat=p&typeid=i","cat":284506},{"id":45868,"n":"Crème dessert Mont Blanc Coupelles Vanille - 4x125g","p":3.53,"u":"7,06 €/KG","img":"https://fd3-photos.leclercdrive.fr/image.ashx?id=2967301&use=l&cat=p&typeid=i","cat":284506},{"id":45869,"n":"Crème dessert Mont Blanc Coupelles Praliné - 4x125g","p":3.3,"u":"6,60 €/KG","img":"https://fd3-photos.leclercdrive.fr/image.ashx?id=2951890&use=l&cat=p&typeid=i","cat":284506},{"id":45870,"n":"Vinaigre ménager Clair 100% naturel - 1L","p":1.08,"u":"1,08 €/L","img":"https://fd3-photos.leclercdrive.fr/image.ashx?id=2779199&use=l&cat=p&typeid=i","cat":325365},{"id":45908,"n":"Biscuits fourrés Prince Chocolat - 3x300g","p":3.67,"u":"4,08 €/KG","img":"https://fd3-photos.leclercdrive.fr/image.ashx?id=3014641&use=l&cat=p&typeid=i","cat":284488},{"id":45911,"n":"Thon en miette Petit Navire Huile de tournesol 3x160g","p":4.61,"u":"28,81 €/KG","img":"https://fd3-photos.leclercdrive.fr/image.ashx?id=2561571&use=l&cat=p&typeid=i","cat":303867},{"id":45965,"n":"Saucisses Knacki Herta Poulet x6 - 210g","p":1.63,"u":"7,76 €/KG","img":"https://fd3-photos.leclercdrive.fr/image.ashx?id=2290428&use=l&cat=p&typeid=i","cat":316012},{"id":46016,"n":"Chocolat Pâtissier Tablette dOr Chocolat Noir - 3x200g","p":5.2,"u":"8,67 €/KG","img":"https://fd3-photos.leclercdrive.fr/image.ashx?id=2958519&use=l&cat=p&typeid=i","cat":285562},{"id":46037,"n":"Biscottes Toast Pelletier  Goût brioché - 150g","p":1.33,"u":"8,87 €/KG","img":"https://fd3-photos.leclercdrive.fr/image.ashx?id=1888023&use=l&cat=p&typeid=i","cat":284479},{"id":46043,"n":"Barre 2 chocolats Gerlinéa  Repas minceur x10, 310g","p":6.25,"u":"20,16 €/KG","img":"https://fd3-photos.leclercdrive.fr/image.ashx?id=2638181&use=l&cat=p&typeid=i","cat":318652},{"id":46044,"n":"Barre chocolat orange GERLINEA  Repas minceur x10, 310g","p":5.37,"u":"17,32 €/KG","img":"https://fd3-photos.leclercdrive.fr/image.ashx?id=2654752&use=l&cat=p&typeid=i","cat":318652},{"id":46047,"n":"Sirop d'érable  250g","p":3.3,"u":"13,20 €/KG","img":"https://fd3-photos.leclercdrive.fr/image.ashx?id=2480298&use=l&cat=p&typeid=i","cat":287643},{"id":46051,"n":"Menus chat Tous mes amis Viande menus gourmands 24x100g","p":6.95,"u":"2,90 €/KG","img":"https://fd3-photos.leclercdrive.fr/image.ashx?id=2027607&use=l&cat=p&typeid=i","cat":285286},{"id":46052,"n":"Gelée pour chat Tous mes amis Poisson menus gourmands 24x100g","p":6.95,"u":"2,90 €/KG","img":"https://fd3-photos.leclercdrive.fr/image.ashx?id=2027604&use=l&cat=p&typeid=i","cat":285286},{"id":46078,"n":"Saucisson sec Le Galibier Beaufort - 200g","p":4.9,"u":"24,50 €/KG","img":"https://fd3-photos.leclercdrive.fr/image.ashx?id=2817692&use=l&cat=p&typeid=i","cat":316006},{"id":46098,"n":"Biscuits chocolat Prince Lu 6x300g","p":8.71,"u":"4,84 €/KG","img":"https://fd3-photos.leclercdrive.fr/image.ashx?id=2737165&use=l&cat=p&typeid=i","cat":284488},{"id":46156,"n":"Thon mariné Petit Navire Basilic - 2x110g","p":3.31,"u":"15,05 €/KG","img":"https://fd3-photos.leclercdrive.fr/image.ashx?id=2522551&use=l&cat=p&typeid=i","cat":303867},{"id":46160,"n":"Bière blanche Hoegaarden 4,9% - 12x25cl","p":8.48,"u":"2,83 €/L","img":"https://fd3-photos.leclercdrive.fr/image.ashx?id=2948420&use=l&cat=p&typeid=i","cat":334878},{"id":46166,"n":"Crackers bio Bio Village 3 graines - 200g","p":2.69,"u":"13,45 €/KG","img":"https://fd3-photos.leclercdrive.fr/image.ashx?id=2310504&use=l&cat=p&typeid=i","cat":297000},{"id":46224,"n":"Friandises chien Pedigree Récompense bœuf fromage - 140g","p":1.67,"u":"11,93 €/KG","img":"https://fd3-photos.leclercdrive.fr/image.ashx?id=2256203&use=l&cat=p&typeid=i","cat":294527},{"id":46231,"n":"Chipolatas Tendre Et Plus x6 - 330g","p":2.35,"u":"7,12 €/KG","img":"https://fd3-photos.leclercdrive.fr/image.ashx?id=2786408&use=l&cat=p&typeid=i","cat":284334},{"id":46232,"n":"Merguez Tendre Et Plus x6 - 330g","p":3.79,"u":"11,48 €/KG","img":"https://fd3-photos.leclercdrive.fr/image.ashx?id=2786411&use=l&cat=p&typeid=i","cat":284334},{"id":46273,"n":"IGP Cancoillotte échalote La Belle Etoile - 250g","p":2.7,"u":"10,80 €/KG","img":"https://fd3-photos.leclercdrive.fr/image.ashx?id=2532571&use=l&cat=p&typeid=i","cat":314037},{"id":46320,"n":"Copeaux de bois Beaux Jours 50L","p":7.49,"u":"0,15 €/L","img":"https://fd3-photos.leclercdrive.fr/image.ashx?id=2162357&use=l&cat=p&typeid=i","cat":335919},{"id":46433,"n":"Poivrons Tradizioni D'italia  Grillés/huile d'olive - 280g","p":3.49,"u":"12,46 €/KG","img":"https://fd3-photos.leclercdrive.fr/image.ashx?id=2840046&use=l&cat=p&typeid=i","cat":312608},{"id":46454,"n":"Monster Munch Jambon/fromage - 135g","p":1.57,"u":"11,63 €/KG","img":"https://fd3-photos.leclercdrive.fr/image.ashx?id=2917468&use=l&cat=p&typeid=i","cat":284449},{"id":46462,"n":"Mini coudes Turini 500g","p":0.99,"u":"1,98 €/KG","img":"https://fd3-photos.leclercdrive.fr/image.ashx?id=2607566&use=l&cat=p&typeid=i","cat":284427},{"id":46469,"n":"IGP Pâte Garofalo  Riccioli - 500g","p":2.07,"u":"4,14 €/KG","img":"https://fd3-photos.leclercdrive.fr/image.ashx?id=2884840&use=l&cat=p&typeid=i","cat":284427},{"id":46470,"n":"IGP Penne rigate Garofalo  - 500g","p":1.47,"u":"2,94 €/KG","img":"https://fd3-photos.leclercdrive.fr/image.ashx?id=3011893&use=l&cat=p&typeid=i","cat":284427},{"id":46471,"n":"IGP Pâte Garofalo  Linguine - 500g","p":1.69,"u":"3,38 €/KG","img":"https://fd3-photos.leclercdrive.fr/image.ashx?id=3005347&use=l&cat=p&typeid=i","cat":284427},{"id":46472,"n":"Pandoro Tradizioni D'italia 500g","p":5.99,"u":"11,98 €/KG","img":"https://fd3-photos.leclercdrive.fr/image.ashx?id=2743924&use=l&cat=p&typeid=i","cat":293600},{"id":46473,"n":"Rhum blanc Trois Rivières 40% vol - 70cl","p":12.16,"u":"17,37 €/L","img":"https://fd3-photos.leclercdrive.fr/image.ashx?id=2766334&use=l&cat=p&typeid=i","cat":284550},{"id":46494,"n":"AOC Gewurztraminer Vin blanc Alsace Albert Schoech - 75cl","p":7.5,"u":"10,00 €/L","img":"https://fd3-photos.leclercdrive.fr/image.ashx?id=2628641&use=l&cat=p&typeid=i","cat":289557},{"id":46498,"n":"Pomme de terre Bio Bio Village Four Potage - 1.5kg","p":2.99,"u":"1,99 €/KG","img":"https://fd3-photos.leclercdrive.fr/image.ashx?id=2959752&use=l&cat=p&typeid=i","cat":284352},{"id":46525,"n":"Brosse à dents pro Dentamyl Souple x1","p":1.32,"img":"https://fd3-photos.leclercdrive.fr/image.ashx?id=2790985&use=l&cat=p&typeid=i","cat":284614},{"id":46540,"n":"Croquette chat stérilisé Ultima Poulet - Sénior +10 ans - 1.5kg","p":6.57,"u":"4,38 €/KG","img":"https://fd3-photos.leclercdrive.fr/image.ashx?id=2922227&use=l&cat=p&typeid=i","cat":284680},{"id":46541,"n":"Croquette chat stérilisé Ultima Chat d'intérieur - Dinde -1.5kg","p":6.87,"u":"4,58 €/KG","img":"https://fd3-photos.leclercdrive.fr/image.ashx?id=2927009&use=l&cat=p&typeid=i","cat":284680},{"id":46547,"n":"Croquette chat stérilisé Ultima  Truite - Sensible - 1.5kg","p":6.86,"u":"4,57 €/KG","img":"https://fd3-photos.leclercdrive.fr/image.ashx?id=2937436&use=l&cat=p&typeid=i","cat":284680},{"id":46667,"n":"Monster Munch Salé - 135g","p":1.37,"u":"10,15 €/KG","img":"https://fd3-photos.leclercdrive.fr/image.ashx?id=2996935&use=l&cat=p&typeid=i","cat":284449},{"id":46849,"n":"Beurre AOP Charentes Poitou Doux - 82% MG - 250g","p":2.9,"u":"11,60 €/KG","img":"https://fd3-photos.leclercdrive.fr/image.ashx?id=2320642&use=l&cat=p&typeid=i","cat":284379},{"id":46875,"n":"Crème dessert Mont Blanc Coupelles Caramel - 4x125g","p":3.2,"u":"6,40 €/KG","img":"https://fd3-photos.leclercdrive.fr/image.ashx?id=3011002&use=l&cat=p&typeid=i","cat":284506},{"id":46981,"n":"Petit cake Bonne Maman Aux fruits - 300g","p":3.3,"u":"11,00 €/KG","img":"https://fd3-photos.leclercdrive.fr/image.ashx?id=2936173&use=l&cat=p&typeid=i","cat":284493},{"id":46982,"n":"Cookies gros éclats Granola Chocolat - 276g","p":2.41,"u":"8,73 €/KG","img":"https://fd3-photos.leclercdrive.fr/image.ashx?id=3005335&use=l&cat=p&typeid=i","cat":325066},{"id":46984,"n":"Café et Chicorée Soluble Ricoré  Original Recharge - 180g","p":3.79,"u":"21,06 €/KG","img":"https://fd3-photos.leclercdrive.fr/image.ashx?id=2980112&use=l&cat=p&typeid=i","cat":284843},{"id":46990,"n":"Chocolat en poudre Nestlé Boîte - 500g","p":4.6,"u":"9,20 €/KG","img":"https://fd3-photos.leclercdrive.fr/image.ashx?id=2817335&use=l&cat=p&typeid=i","cat":293235},{"id":47038,"n":"Beurre de cacahuètes Ethiquable  Nicaragua - 350g","p":4.26,"u":"12,17 €/KG","img":"https://fd3-photos.leclercdrive.fr/image.ashx?id=2873396&use=l&cat=p&typeid=i","cat":284481},{"id":47060,"n":"Flammekueche Kauffer's Gambas - 2x250g","p":6.48,"u":"12,96 €/KG","img":"https://fd3-photos.leclercdrive.fr/image.ashx?id=1614045&use=l&cat=p&typeid=i","cat":284257},{"id":47061,"n":"Flammekueche Kauffer's Forestières - 2x250g","p":4.74,"u":"9,48 €/KG","img":"https://fd3-photos.leclercdrive.fr/image.ashx?id=2194217&use=l&cat=p&typeid=i","cat":284257},{"id":47080,"n":"Cordons Bleu poulet Le Gaulois 400g","p":4.12,"u":"10,30 €/KG","img":"https://fd3-photos.leclercdrive.fr/image.ashx?id=2860232&use=l&cat=p&typeid=i","cat":333683},{"id":47083,"n":"Croq Extra Fromage Le Gaulois x2 - 200g","p":2.73,"u":"13,65 €/KG","img":"https://fd3-photos.leclercdrive.fr/image.ashx?id=2342845&use=l&cat=p&typeid=i","cat":333683},{"id":47125,"n":"Cidre bouché rosé Envie de rose 2.5%vol. - 75cl","p":2.87,"u":"3,83 €/L","img":"https://fd3-photos.leclercdrive.fr/image.ashx?id=2908984&use=l&cat=p&typeid=i","cat":334880},{"id":47127,"n":"Bière Red Desperados 5.9%vol. - 6x33cl","p":8.8,"u":"4,44 €/L","img":"https://fd3-photos.leclercdrive.fr/image.ashx?id=2766229&use=l&cat=p&typeid=i","cat":334878},{"id":47129,"n":"Vin Union Européenne rouge Cabernet Sauvignon - BIB 5L","p":13.7,"u":"2,74 €/L","img":"https://fd3-photos.leclercdrive.fr/image.ashx?id=2476491&use=l&cat=p&typeid=i","cat":289560},{"id":47132,"n":"IGP Pays d'Oc blanc Les Ormes De Cambras Sauvignon 12% BIB 5L","p":15.5,"u":"3,10 €/L","img":"https://fd3-photos.leclercdrive.fr/image.ashx?id=2192389&use=l&cat=p&typeid=i","cat":289557},{"id":47133,"n":"Boisson sans alcool D'Artigny Framboise  - 75cl","p":3.57,"u":"4,76 €/L","img":"https://fd3-photos.leclercdrive.fr/image.ashx?id=2854396&use=l&cat=p&typeid=i","cat":289460},{"id":47169,"n":"Sacs poubelle 10L Elembal Salle de bain - x20","p":0.8,"u":"0,04 €/P","img":"https://fd3-photos.leclercdrive.fr/image.ashx?id=1732829&use=l&cat=p&typeid=i","cat":285168},{"id":47171,"n":"Papier toilette Eco+ x4","p":1.3,"u":"0,33 €/P","img":"https://fd3-photos.leclercdrive.fr/image.ashx?id=2783337&use=l&cat=p&typeid=i","cat":284634},{"id":47176,"n":"Déodorant Spray Femme Nivea Black&White Original - 200ml","p":2.65,"u":"13,25 €/L","img":"https://fd3-photos.leclercdrive.fr/image.ashx?id=2980031&use=l&cat=p&typeid=i","cat":284595},{"id":47181,"n":"Essuie-tout compact 3=9 Eco+ x3","p":2.27,"u":"0,76 €/P","img":"https://fd3-photos.leclercdrive.fr/image.ashx?id=2726688&use=l&cat=p&typeid=i","cat":284635},{"id":47192,"n":"Serviettes Always Discreet Small - x20","p":4.83,"u":"0,24 €/P","img":"https://fd3-photos.leclercdrive.fr/image.ashx?id=2595356&use=l&cat=p&typeid=i","cat":284628},{"id":47254,"n":"Pâtes Coudes Rayés Turini 1kg","p":1.75,"u":"1,75 €/KG","img":"https://fd3-photos.leclercdrive.fr/image.ashx?id=2980809&use=l&cat=p&typeid=i","cat":284427},{"id":47255,"n":"Pâtes linguine Turini  500g","p":0.91,"u":"1,82 €/KG","img":"https://fd3-photos.leclercdrive.fr/image.ashx?id=2607554&use=l&cat=p&typeid=i","cat":284427},{"id":47256,"n":"Pâtes Farfalles Turini  1kg","p":1.2,"u":"1,20 €/KG","img":"https://fd3-photos.leclercdrive.fr/image.ashx?id=2665574&use=l&cat=p&typeid=i","cat":284427},{"id":47257,"n":"Pâtes Spaghettoni Turini  500g","p":0.84,"u":"1,68 €/KG","img":"https://fd3-photos.leclercdrive.fr/image.ashx?id=2607557&use=l&cat=p&typeid=i","cat":284427},{"id":47258,"n":"Pâtes coquillettes Turini Blé complet  - 500g","p":1.09,"u":"2,18 €/KG","img":"https://fd3-photos.leclercdrive.fr/image.ashx?id=2607563&use=l&cat=p&typeid=i","cat":284427},{"id":47263,"n":"Brossettes Dentamyl Interdentaires - x5","p":2.49,"u":"0,50 €/P","img":"https://fd3-photos.leclercdrive.fr/image.ashx?id=2672879&use=l&cat=p&typeid=i","cat":285159},{"id":47281,"n":"Piles rechargeables Energizer Power plus AAA/LR3 - x4 piles","p":14.27,"u":"3,57 €/P","img":"https://fd3-photos.leclercdrive.fr/image.ashx?id=2748629&use=l&cat=p&typeid=i","cat":300572},{"id":47290,"n":"Piles Energizer lr44/A76 - x4","p":5.1,"img":"https://fd3-photos.leclercdrive.fr/image.ashx?id=2024972&use=l&cat=p&typeid=i","cat":300572},{"id":47359,"n":"Sandwich Mega Club Sodebo  Pain Complet Poulet Mayo - 230g","p":1.86,"u":"8,09 €/KG","img":"https://fd3-photos.leclercdrive.fr/image.ashx?id=2960156&use=l&cat=p&typeid=i","cat":333658},{"id":47360,"n":"Fromage à tartiner Madame Loïk Fouetté Ail Fines Herbes - 150g","p":1.93,"u":"12,87 €/KG","img":"https://fd3-photos.leclercdrive.fr/image.ashx?id=2948021&use=l&cat=p&typeid=i","cat":314029},{"id":47361,"n":"Bûche de chèvre Président 250g","p":2.96,"u":"11,84 €/KG","img":"https://fd3-photos.leclercdrive.fr/image.ashx?id=2446647&use=l&cat=p&typeid=i","cat":314031},{"id":47381,"n":"Vin Union européenne blanc Lichette 11° - 75 cl","p":2.5,"u":"3,33 €/L","img":"https://fd3-photos.leclercdrive.fr/image.ashx?id=2943855&use=l&cat=p&typeid=i","cat":289557},{"id":47382,"n":"Vin Union Européenne rouge Cramoisay - BIB 5L","p":12.95,"u":"2,59 €/L","img":"https://fd3-photos.leclercdrive.fr/image.ashx?id=2943861&use=l&cat=p&typeid=i","cat":289560},{"id":47389,"n":"AOP Bordeaux rouge Bio Nos racines - 75cl","p":5.95,"u":"7,93 €/L","img":"https://fd3-photos.leclercdrive.fr/image.ashx?id=2544452&use=l&cat=p&typeid=i","cat":289556},{"id":47390,"n":"AOC Bordeaux rosé Bio Nos racines - 75cl","p":5.4,"u":"7,20 €/L","img":"https://fd3-photos.leclercdrive.fr/image.ashx?id=2735908&use=l&cat=p&typeid=i","cat":289558},{"id":47396,"n":"Mélange gourmand maxi Les Crudettes - 320g","p":2.81,"u":"8,78 €/KG","img":"https://fd3-photos.leclercdrive.fr/image.ashx?id=2238684&use=l&cat=p&typeid=i","cat":284353},{"id":47404,"n":"Eau gazeuse aromatisée Badoit citron sans sucres - 6x50cl","p":3.25,"u":"1,08 €/L","img":"https://fd3-photos.leclercdrive.fr/image.ashx?id=2730643&use=l&cat=p&typeid=i","cat":284536},{"id":47409,"n":"Steack Haché Pur boeuf  Charolais Label 4x100G","p":6.83,"u":"17,08 €/KG","img":"https://fd3-photos.leclercdrive.fr/image.ashx?id=2352810&use=l&cat=p&typeid=i","cat":319778},{"id":47438,"n":"Chewing-gum Freedent White  Bubble menthe 5x10  - 70g","p":2.07,"u":"29,57 €/KG","img":"https://fd3-photos.leclercdrive.fr/image.ashx?id=1934997&use=l&cat=p&typeid=i","cat":304251},{"id":47441,"n":"Cidre normand Les Goelleries Brut 4.5% - 2x75cl","p":4.84,"u":"3,23 €/L","img":"https://fd3-photos.leclercdrive.fr/image.ashx?id=2856543&use=l&cat=p&typeid=i","cat":334880},{"id":47470,"n":"Bouillon de poule Knorr x15 - 150g","p":1.63,"u":"10,87 €/KG","img":"https://fd3-photos.leclercdrive.fr/image.ashx?id=2940678&use=l&cat=p&typeid=i","cat":288379},{"id":47472,"n":"Bouillon herbe Knorr Huile d'olive puget x15 - 150g","p":1.39,"u":"9,27 €/KG","img":"https://fd3-photos.leclercdrive.fr/image.ashx?id=2940681&use=l&cat=p&typeid=i","cat":288379},{"id":47474,"n":"Thon entier Le Savoureux À l'huile d'olive - 2x160g","p":6.68,"u":"20,88 €/KG","img":"https://fd3-photos.leclercdrive.fr/image.ashx?id=2170520&use=l&cat=p&typeid=i","cat":303867},{"id":47493,"n":"Tablette chocolat au lait Milka Morceaux de Oreo -  3x100g","p":4.17,"u":"13,90 €/KG","img":"https://fd3-photos.leclercdrive.fr/image.ashx?id=2617081&use=l&cat=p&typeid=i","cat":284497},{"id":47494,"n":"Tablette chocolat au lait Milka Eclats de caramel Daim - 3x100g","p":4.17,"u":"13,90 €/KG","img":"https://fd3-photos.leclercdrive.fr/image.ashx?id=2617084&use=l&cat=p&typeid=i","cat":284497},{"id":47512,"n":"Whisky Jack Daniel's Old N°7 1,5L","p":43.48,"u":"28,99 €/L","img":"https://fd3-photos.leclercdrive.fr/image.ashx?id=2986840&use=l&cat=p&typeid=i","cat":284547},{"id":47529,"n":"Vin mousseux de France Rosé J.P Chenet 11%vol - 75cl","p":5.28,"u":"7,04 €/L","img":"https://fd3-photos.leclercdrive.fr/image.ashx?id=2794472&use=l&cat=p&typeid=i","cat":284544},{"id":47533,"n":"Limonade à l'ancienne Liness A l'eau de source 6x1.25l","p":6.37,"u":"0,85 €/L","img":"https://fd3-photos.leclercdrive.fr/image.ashx?id=2838653&use=l&cat=p&typeid=i","cat":284531},{"id":47535,"n":"Thé vert Twinings Gunpowder Vrac- 200g","p":4.69,"u":"23,45 €/KG","img":"https://fd3-photos.leclercdrive.fr/image.ashx?id=2950726&use=l&cat=p&typeid=i","cat":293233},{"id":47540,"n":"Bonbons  Werther's Original Caramel choc - 180g","p":2.98,"u":"16,56 €/KG","img":"https://fd3-photos.leclercdrive.fr/image.ashx?id=2660170&use=l&cat=p&typeid=i","cat":304252},{"id":47542,"n":"Starmint Haribo Sachet bonbons menthe - 200g","p":1.37,"u":"6,85 €/KG","img":"https://fd3-photos.leclercdrive.fr/image.ashx?id=2984889&use=l&cat=p&typeid=i","cat":304252},{"id":47543,"n":"Sucettes Chupa Chups Au fruits, sachet - 192g","p":2.2,"u":"11,46 €/KG","img":"https://fd3-photos.leclercdrive.fr/image.ashx?id=2647651&use=l&cat=p&typeid=i","cat":304252},{"id":47563,"n":"Macédoine de Légumes Bonduelle 265g","p":0.92,"u":"3,47 €/KG","img":"https://fd3-photos.leclercdrive.fr/image.ashx?id=2910007&use=l&cat=p&typeid=i","cat":312612},{"id":47592,"n":"Crêpe fourrée Whaou Cracky choco x8 - 256g","p":2.33,"u":"9,10 €/KG","img":"https://fd3-photos.leclercdrive.fr/image.ashx?id=2971029&use=l&cat=p&typeid=i","cat":284494},{"id":47593,"n":"Yaourts Mamie Nova Chocolat - 2x150g","p":1.28,"u":"4,27 €/KG","img":"https://fd3-photos.leclercdrive.fr/image.ashx?id=2909029&use=l&cat=p&typeid=i","cat":285041},{"id":47594,"n":"Yaourts Mamie Nova  Café - 2x150g","p":1.46,"u":"4,87 €/KG","img":"https://fd3-photos.leclercdrive.fr/image.ashx?id=2909035&use=l&cat=p&typeid=i","cat":285041},{"id":47646,"n":"Pâtes Macaroni Panzani  3 Minutes - 500G","p":1.24,"u":"2,48 €/KG","img":"https://fd3-photos.leclercdrive.fr/image.ashx?id=2896081&use=l&cat=p&typeid=i","cat":284427},{"id":47648,"n":"Filets de maquereaux Saupiquet Vin blanc et aromates - 176g","p":2.01,"u":"11,42 €/KG","img":"https://fd3-photos.leclercdrive.fr/image.ashx?id=2829967&use=l&cat=p&typeid=i","cat":303868},{"id":47657,"n":"Bâtonnets Dentastix Pedigree Grand chien x56 - 2160g","p":17.3,"u":"8,01 €/KG","img":"https://fd3-photos.leclercdrive.fr/image.ashx?id=2980064&use=l&cat=p&typeid=i","cat":294527},{"id":47658,"n":"Bâtonnets  Dentastix Pedigree Petit chien x56 - 880g","p":10.87,"u":"12,35 €/KG","img":"https://fd3-photos.leclercdrive.fr/image.ashx?id=2937787&use=l&cat=p&typeid=i","cat":294527},{"id":47667,"n":"Pâtes Penne Rigate Panzani 3 Minutes - 500G","p":1.32,"u":"2,64 €/KG","img":"https://fd3-photos.leclercdrive.fr/image.ashx?id=2896087&use=l&cat=p&typeid=i","cat":284427},{"id":47675,"n":"Sardines Connétable Piment - 140g","p":1.64,"u":"11,71 €/KG","img":"https://fd3-photos.leclercdrive.fr/image.ashx?id=2807573&use=l&cat=p&typeid=i","cat":305146},{"id":47681,"n":"Sauce pizza Turini aux tomates et origan - 390g","p":0.99,"u":"2,54 €/KG","img":"https://fd3-photos.leclercdrive.fr/image.ashx?id=2412025&use=l&cat=p&typeid=i","cat":288384},{"id":47686,"n":"Fromage Spécialité Babybel Maxi - 200g","p":2.15,"u":"10,75 €/KG","img":"https://fd3-photos.leclercdrive.fr/image.ashx?id=2806913&use=l&cat=p&typeid=i","cat":314030},{"id":47687,"n":"IGP Sables de Camargue rosé Bio Les Embruns 12% vol - 75cl","p":5.53,"u":"7,37 €/L","img":"https://fd3-photos.leclercdrive.fr/image.ashx?id=2260698&use=l&cat=p&typeid=i","cat":289558},{"id":47693,"n":"AOP Saint-Émilion vin rouge Chantet Blanet - 75cl","p":8.95,"u":"11,93 €/L","img":"https://fd3-photos.leclercdrive.fr/image.ashx?id=2848493&use=l&cat=p&typeid=i","cat":289556},{"id":47701,"n":"Sirop La Maison Guiot Mirabelle - 70cl","p":3.54,"u":"5,06 €/L","img":"https://fd3-photos.leclercdrive.fr/image.ashx?id=2858084&use=l&cat=p&typeid=i","cat":295020},{"id":47702,"n":"Sirop La Maison Guiot Violette - 70cl","p":3.42,"u":"4,89 €/L","img":"https://fd3-photos.leclercdrive.fr/image.ashx?id=2014832&use=l&cat=p&typeid=i","cat":295020},{"id":47708,"n":"Sirop Rieme Citronnade - 1L","p":4.69,"u":"4,69 €/L","img":"https://fd3-photos.leclercdrive.fr/image.ashx?id=1651160&use=l&cat=p&typeid=i","cat":295020},{"id":47709,"n":"Sirop Rieme Mirabelle - 1L","p":5.7,"u":"5,70 €/L","img":"https://fd3-photos.leclercdrive.fr/image.ashx?id=1651367&use=l&cat=p&typeid=i","cat":295020},{"id":47711,"n":"Beurre Bridel Doux - 60% MG - 250g","p":2.44,"u":"9,76 €/KG","img":"https://fd3-photos.leclercdrive.fr/image.ashx?id=2788490&use=l&cat=p&typeid=i","cat":284379},{"id":47718,"n":"Boisson gourmande PAGO Cocktail Tropical Vitaminé - 75cl","p":1.87,"u":"2,49 €/L","img":"https://fd3-photos.leclercdrive.fr/image.ashx?id=2861854&use=l&cat=p&typeid=i","cat":284917},{"id":47722,"n":"Compotes Pom'Potes Gourdes  Pomme Nature - 12x90g","p":5.2,"u":"4,81 €/KG","img":"https://fd3-photos.leclercdrive.fr/image.ashx?id=2968082&use=l&cat=p&typeid=i","cat":284508},{"id":47724,"n":"Compotes Pom'Potes Gourdes  Sans sucres- 20x90g","p":7.67,"u":"4,26 €/KG","img":"https://fd3-photos.leclercdrive.fr/image.ashx?id=2883408&use=l&cat=p&typeid=i","cat":284508},{"id":47734,"n":"Huile spécial fondue Cauvin 1L","p":4.96,"u":"4,96 €/L","img":"https://fd3-photos.leclercdrive.fr/image.ashx?id=2484218&use=l&cat=p&typeid=i","cat":284453},{"id":47742,"n":"Lait nuage de lait Régilait Non sucré entier - 10x14g","p":0.97,"u":"6,93 €/KG","img":"https://fd3-photos.leclercdrive.fr/image.ashx?id=2018649&use=l&cat=p&typeid=i","cat":299162},{"id":47760,"n":"Gâteaux moelleux Milka Pépites de chocolat - 140g","p":2.02,"u":"14,43 €/KG","img":"https://fd3-photos.leclercdrive.fr/image.ashx?id=2192581&use=l&cat=p&typeid=i","cat":284495},{"id":47772,"n":"Chips Lay's Saveur cheeseburger - 120g","p":1.47,"u":"12,25 €/KG","img":"https://fd3-photos.leclercdrive.fr/image.ashx?id=3011134&use=l&cat=p&typeid=i","cat":284447},{"id":47793,"n":"Cancoillotte aux noix NRT IGP 250g","p":2.09,"u":"8,36 €/KG","img":"https://fd3-photos.leclercdrive.fr/image.ashx?id=2663857&use=l&cat=p&typeid=i","cat":314037},{"id":47794,"n":"Fromage Tomme de Savoie NRT IGP 300g","p":4.29,"u":"14,30 €/KG","img":"https://fd3-photos.leclercdrive.fr/image.ashx?id=2934835&use=l&cat=p&typeid=i","cat":329184},{"id":47795,"n":"Papier toilette humide Lotus Aloe Douceur - x42 feuilles","p":1.78,"u":"0,04 €/P","img":"https://fd3-photos.leclercdrive.fr/image.ashx?id=2864840&use=l&cat=p&typeid=i","cat":284634},{"id":47796,"n":"Papier toilette humide Lotus Pure - x42 feuilles","p":1.82,"u":"0,04 €/P","img":"https://fd3-photos.leclercdrive.fr/image.ashx?id=2866070&use=l&cat=p&typeid=i","cat":284634},{"id":47838,"n":"Speck Montorsi 100g","p":2.97,"u":"29,70 €/KG","img":"https://fd3-photos.leclercdrive.fr/image.ashx?id=2525843&use=l&cat=p&typeid=i","cat":316007},{"id":47843,"n":"Cordon bleu poulet Maître Coq 1kg","p":7.04,"u":"7,04 €/KG","img":"https://fd3-photos.leclercdrive.fr/image.ashx?id=2939475&use=l&cat=p&typeid=i","cat":319780},{"id":47865,"n":"Apéritif Lillet Rosé à base de vin 17% vol 75cl","p":12.59,"u":"16,79 €/L","img":"https://fd3-photos.leclercdrive.fr/image.ashx?id=2946493&use=l&cat=p&typeid=i","cat":304569},{"id":47869,"n":"IGP Atlantique Merlot Vin rouge Honoré de Berticot - 75cl","p":3.59,"u":"4,79 €/L","img":"https://fd3-photos.leclercdrive.fr/image.ashx?id=1882259&use=l&cat=p&typeid=i","cat":289556},{"id":47871,"n":"IGP Atlantique rosé Honoré de berticot - 75cl","p":3.59,"u":"4,79 €/L","img":"https://fd3-photos.leclercdrive.fr/image.ashx?id=1882268&use=l&cat=p&typeid=i","cat":289558},{"id":47927,"n":"Blinis Cocktail Blini x16 - 135g","p":1.93,"u":"14,30 €/KG","img":"https://fd3-photos.leclercdrive.fr/image.ashx?id=2947952&use=l&cat=p&typeid=i","cat":285191},{"id":47981,"n":"AOP Crémant d'Alsace rosé Brut - Arthur Metz - 75cl","p":7.77,"u":"10,36 €/L","img":"https://fd3-photos.leclercdrive.fr/image.ashx?id=2432097&use=l&cat=p&typeid=i","cat":284545},{"id":47983,"n":"AOP Crémant Alsace Arthur Metz Blanc Demi-sec millésimé - 75cl","p":6.9,"u":"9,20 €/L","img":"https://fd3-photos.leclercdrive.fr/image.ashx?id=2432100&use=l&cat=p&typeid=i","cat":284544},{"id":48007,"n":"Vin mousseux de France Kriter blanc Demi-sec - 75cl","p":4.85,"u":"6,47 €/L","img":"https://fd3-photos.leclercdrive.fr/image.ashx?id=2840871&use=l&cat=p&typeid=i","cat":284544},{"id":48029,"n":"Sirop Moulin de Valdonne Pêche blanche - 70cl","p":3.72,"u":"5,31 €/L","img":"https://fd3-photos.leclercdrive.fr/image.ashx?id=2842678&use=l&cat=p&typeid=i","cat":295020},{"id":48030,"n":"Bâtonnets surimi Fleury Michon  Fromage et herbes MSC x16 -256g","p":3.41,"u":"13,32 €/KG","img":"https://fd3-photos.leclercdrive.fr/image.ashx?id=2936944&use=l&cat=p&typeid=i","cat":285189},{"id":48055,"n":"Hachis parmentier Marie  1kg","p":5.93,"u":"5,93 €/KG","img":"https://fd3-photos.leclercdrive.fr/image.ashx?id=2993385&use=l&cat=p&typeid=i","cat":284254},{"id":48079,"n":"Vinaigre de Cidre MAILLE au jus de pomme concentré 50cl","p":1.97,"u":"3,94 €/L","img":"https://fd3-photos.leclercdrive.fr/image.ashx?id=2945421&use=l&cat=p&typeid=i","cat":298543},{"id":48083,"n":"Miel liquide Lune de Miel Doux et frais - 340g","p":4.52,"u":"13,29 €/KG","img":"https://fd3-photos.leclercdrive.fr/image.ashx?id=2019198&use=l&cat=p&typeid=i","cat":287643},{"id":48104,"n":"Sardines Parmentier Huile d'olive/hyacinte - 232g","p":3.1,"u":"13,36 €/KG","img":"https://fd3-photos.leclercdrive.fr/image.ashx?id=2826519&use=l&cat=p&typeid=i","cat":305146},{"id":48107,"n":"Thon mariné Petit Navire Citron/thym - 110g","p":2.1,"u":"19,09 €/KG","img":"https://fd3-photos.leclercdrive.fr/image.ashx?id=2986122&use=l&cat=p&typeid=i","cat":303867},{"id":48112,"n":"Poivre noir moulu Ducros Fort, N°9 - 35g","p":2.57,"u":"73,43 €/KG","img":"https://fd3-photos.leclercdrive.fr/image.ashx?id=2486593&use=l&cat=p&typeid=i","cat":284457},{"id":48113,"n":"Thym Ducros Flacon - 14g","p":1.67,"u":"119,29 €/KG","img":"https://fd3-photos.leclercdrive.fr/image.ashx?id=2983210&use=l&cat=p&typeid=i","cat":298297},{"id":48114,"n":"Persil Ducros 5g","p":1.39,"u":"278,00 €/KG","img":"https://fd3-photos.leclercdrive.fr/image.ashx?id=2490503&use=l&cat=p&typeid=i","cat":298297},{"id":48123,"n":"IGP Pâte Radiatori Garofalo Festives - 500g","p":2.43,"u":"4,86 €/KG","img":"https://fd3-photos.leclercdrive.fr/image.ashx?id=2994560&use=l&cat=p&typeid=i","cat":284427},{"id":48152,"n":"Ecrasé de pdt Florette Huile d'olive - 2x200g","p":2.43,"u":"6,23 €/KG","img":"https://fd3-photos.leclercdrive.fr/image.ashx?id=2795144&use=l&cat=p&typeid=i","cat":333665},{"id":48155,"n":"Graines Maître Prunille Tournesol grillées, salées-250g","p":2.86,"u":"11,44 €/KG","img":"https://fd3-photos.leclercdrive.fr/image.ashx?id=2234024&use=l&cat=p&typeid=i","cat":284357},{"id":48164,"n":"Barres céréales Extra Kellogg's Chocolat et Amande - 4x32g","p":2.57,"u":"20,08 €/KG","img":"https://fd3-photos.leclercdrive.fr/image.ashx?id=2736601&use=l&cat=p&typeid=i","cat":285869},{"id":48167,"n":"Dosettes café Plantation  Doux - x36 - 250g","p":3.83,"u":"15,32 €/KG","img":"https://fd3-photos.leclercdrive.fr/image.ashx?id=2622121&use=l&cat=p&typeid=i","cat":293238},{"id":48182,"n":"Pruneaux d'Agen Maison Roucadil IGP Geant - 500g","p":6.5,"u":"13,00 €/KG","img":"https://fd3-photos.leclercdrive.fr/image.ashx?id=2213838&use=l&cat=p&typeid=i","cat":284357},{"id":48186,"n":"Saucisson sec Saint Agaûne Au comté - 120g","p":3.72,"u":"31,00 €/KG","img":"https://fd3-photos.leclercdrive.fr/image.ashx?id=2960945&use=l&cat=p&typeid=i","cat":316006},{"id":48211,"n":"Mélange de saison Florette 320g","p":2.67,"u":"8,34 €/KG","img":"https://fd3-photos.leclercdrive.fr/image.ashx?id=2844055&use=l&cat=p&typeid=i","cat":284353},{"id":48226,"n":"Petit Pois, Carotte Cassegrain Tendres et Fondants 130g","p":1.25,"u":"9,62 €/KG","img":"https://fd3-photos.leclercdrive.fr/image.ashx?id=2912977&use=l&cat=p&typeid=i","cat":312607},{"id":48227,"n":"Mouchoirs Kleenex Disney 4 Plis - x15","p":2.08,"u":"0,14 €/P","img":"https://fd3-photos.leclercdrive.fr/image.ashx?id=2866028&use=l&cat=p&typeid=i","cat":284638},{"id":48255,"n":"Recharge EasyWax Expert Veet Bras Jambes Peaux Normales 50ml","p":7.12,"u":"142,40 €/L","img":"https://fd3-photos.leclercdrive.fr/image.ashx?id=2970789&use=l&cat=p&typeid=i","cat":325351},{"id":48258,"n":"Croquettes chat Ultima Stérilisé - Saumon - 3kg","p":11.08,"u":"3,69 €/KG","img":"https://fd3-photos.leclercdrive.fr/image.ashx?id=2922221&use=l&cat=p&typeid=i","cat":284680},{"id":48267,"n":"Rhum ambré Saint James 45%vol - 70cl","p":14.96,"u":"21,37 €/L","img":"https://fd3-photos.leclercdrive.fr/image.ashx?id=2970945&use=l&cat=p&typeid=i","cat":284550},{"id":48268,"n":"Gin Gordon's 37.5%vol - 70cl","p":13.55,"u":"19,36 €/L","img":"https://fd3-photos.leclercdrive.fr/image.ashx?id=2736388&use=l&cat=p&typeid=i","cat":284550},{"id":48269,"n":"Vodka Poliakov 37.5%vol - 1.5L","p":23.24,"u":"15,49 €/L","img":"https://fd3-photos.leclercdrive.fr/image.ashx?id=2276399&use=l&cat=p&typeid=i","cat":284550},{"id":48272,"n":"Liqueur de menthe Get 31 24° - 70cl","p":14.08,"u":"20,11 €/L","img":"https://fd3-photos.leclercdrive.fr/image.ashx?id=2840497&use=l&cat=p&typeid=i","cat":286032},{"id":48277,"n":"Coloration cheveux Kit Racines Schwarzkopf - R1 châtain clair","p":5.12,"img":"https://fd3-photos.leclercdrive.fr/image.ashx?id=2817482&use=l&cat=p&typeid=i","cat":288899},{"id":48309,"n":"Bière aromatisée Skøll Vodka et agrumes - 3x33cl","p":4.63,"u":"4,68 €/L","img":"https://fd3-photos.leclercdrive.fr/image.ashx?id=2803556&use=l&cat=p&typeid=i","cat":334878},{"id":48310,"n":"Concentré à diluer Pulco Citron vert - 70cl","p":2.55,"u":"3,64 €/L","img":"https://fd3-photos.leclercdrive.fr/image.ashx?id=2686630&use=l&cat=p&typeid=i","cat":295020},{"id":48311,"n":"Concentré à diluer Pulco Orange Citron - 70cl","p":2.65,"u":"3,79 €/L","img":"https://fd3-photos.leclercdrive.fr/image.ashx?id=2686633&use=l&cat=p&typeid=i","cat":295020},{"id":48312,"n":"Eau minérale gazeuse Perrier  Fines bulles - 6x50cl","p":3.54,"u":"1,18 €/L","img":"https://fd3-photos.leclercdrive.fr/image.ashx?id=2737021&use=l&cat=p&typeid=i","cat":284536},{"id":48314,"n":"Spécialité laitière Délisse Oncteux Stracciatella - 4x120g","p":1.76,"u":"3,67 €/KG","img":"https://fd3-photos.leclercdrive.fr/image.ashx?id=1703233&use=l&cat=p&typeid=i","cat":314999},{"id":48339,"n":"Chocolat au lait Lindt  Praliné Noisette - 100g","p":1.97,"u":"19,70 €/KG","img":"https://fd3-photos.leclercdrive.fr/image.ashx?id=2751321&use=l&cat=p&typeid=i","cat":284497},{"id":48348,"n":"Chocolat au lait Lindt Création Caramel - 150g","p":3.07,"u":"20,47 €/KG","img":"https://fd3-photos.leclercdrive.fr/image.ashx?id=2685814&use=l&cat=p&typeid=i","cat":284497},{"id":48352,"n":"Tablette de chocolat noir Lindt Orange intense - 100g","p":2.44,"u":"24,40 €/KG","img":"https://fd3-photos.leclercdrive.fr/image.ashx?id=2689496&use=l&cat=p&typeid=i","cat":284956},{"id":48353,"n":"Tablette de chocolat noir Lindt 70% cacao - 100g","p":2.23,"u":"22,30 €/KG","img":"https://fd3-photos.leclercdrive.fr/image.ashx?id=2681592&use=l&cat=p&typeid=i","cat":284956},{"id":48354,"n":"Tablette de chocolat noir Lindt 85% cacao - 100g","p":2.24,"u":"22,40 €/KG","img":"https://fd3-photos.leclercdrive.fr/image.ashx?id=2681589&use=l&cat=p&typeid=i","cat":284956},{"id":48355,"n":"Tablette de chocolat noir Lindt Caramel Pointe de sel - 100g","p":2.5,"u":"25,00 €/KG","img":"https://fd3-photos.leclercdrive.fr/image.ashx?id=2689493&use=l&cat=p&typeid=i","cat":284956},{"id":48357,"n":"Liqueur Manzanita Marie Brizard -15% - 70cl","p":7.48,"u":"10,69 €/L","img":"https://fd3-photos.leclercdrive.fr/image.ashx?id=2499594&use=l&cat=p&typeid=i","cat":286032},{"id":48373,"n":"Démélant Petit Manava Pour enfants, spray - 200ml","p":2.05,"u":"10,25 €/L","img":"https://fd3-photos.leclercdrive.fr/image.ashx?id=2713655&use=l&cat=p&typeid=i","cat":284608},{"id":48376,"n":"Café moulu Velours Noir 100% Arabica - 2x250g","p":10.16,"u":"20,32 €/KG","img":"https://fd3-photos.leclercdrive.fr/image.ashx?id=2229299&use=l&cat=p&typeid=i","cat":284750},{"id":48378,"n":"Café moulu Jacques Vabre Brésil 100% Arabica - 250g","p":4.47,"u":"17,88 €/KG","img":"https://fd3-photos.leclercdrive.fr/image.ashx?id=2100380&use=l&cat=p&typeid=i","cat":284750},{"id":48380,"n":"Café moulu Jacques Vabre Nectar 100% Arabica - 2x250g","p":9.68,"u":"19,36 €/KG","img":"https://fd3-photos.leclercdrive.fr/image.ashx?id=1755016&use=l&cat=p&typeid=i","cat":284750},{"id":48383,"n":"Gel Lubrifiant Massage 2 en 1 Durex Sensuel Ylang Ylang 200ml","p":6.97,"u":"34,85 €/L","img":"https://fd3-photos.leclercdrive.fr/image.ashx?id=2736562&use=l&cat=p&typeid=i","cat":285160},{"id":48392,"n":"Boules en cire naturelle Quies x12 paires","p":4.28,"u":"0,36 €/P","img":"https://fd3-photos.leclercdrive.fr/image.ashx?id=2159502&use=l&cat=p&typeid=i","cat":284630},{"id":48419,"n":"AOP Alsace Riesling blanc Wolfberger - 75cl","p":6.5,"pp":4.87,"u":"6,49 €/L","img":"https://fd3-photos.leclercdrive.fr/image.ashx?id=2905357&use=l&cat=p&typeid=i","cat":289557},{"id":48420,"n":"AOC Pinot gris Vin blanc Wolfberger - 75cl","p":7.44,"u":"9,92 €/L","img":"https://fd3-photos.leclercdrive.fr/image.ashx?id=2843995&use=l&cat=p&typeid=i","cat":289557},{"id":48421,"n":"AOP Alsace Gewurztraminer blanc Wolfberger 13,5% - 75cl","p":7.85,"pp":5.89,"u":"7,85 €/L","img":"https://fd3-photos.leclercdrive.fr/image.ashx?id=2936368&use=l&cat=p&typeid=i","cat":289557},{"id":48471,"n":"Mélange 5 baies n°5 Ducros 70g","p":4.46,"u":"63,71 €/KG","img":"https://fd3-photos.leclercdrive.fr/image.ashx?id=2486602&use=l&cat=p&typeid=i","cat":284457},{"id":48483,"n":"Vin rouge Bois des Dames Plan de Dieu AOP - 75cl","p":5.54,"u":"7,39 €/L","img":"https://fd3-photos.leclercdrive.fr/image.ashx?id=2104468&use=l&cat=p&typeid=i","cat":289556},{"id":48508,"n":"Ketchup AMORA Flacon Souple - 550g","p":1.48,"u":"2,69 €/KG","img":"https://fd3-photos.leclercdrive.fr/image.ashx?id=2766649&use=l&cat=p&typeid=i","cat":284455},{"id":48513,"n":"Poivre noir n°6 Ducros Grains - 90g","p":3.63,"u":"40,33 €/KG","img":"https://fd3-photos.leclercdrive.fr/image.ashx?id=2473336&use=l&cat=p&typeid=i","cat":284457},{"id":48521,"n":"Oignon semoule Sainte Lucie 40g","p":1.6,"u":"40,00 €/KG","img":"https://fd3-photos.leclercdrive.fr/image.ashx?id=2774415&use=l&cat=p&typeid=i","cat":298297},{"id":48523,"n":"Romarin Sainte Lucie Feuilles coupées - 32g","p":2.05,"u":"64,06 €/KG","img":"https://fd3-photos.leclercdrive.fr/image.ashx?id=2775092&use=l&cat=p&typeid=i","cat":298297},{"id":48525,"n":"Tomato Ketchup Heinz - 700g","p":2.96,"u":"4,23 €/KG","img":"https://fd3-photos.leclercdrive.fr/image.ashx?id=2729326&use=l&cat=p&typeid=i","cat":284455},{"id":48546,"n":"Goûter laitier Récré O'Lé  ChocoVanille, Caramel -12x85g","p":5.75,"u":"5,64 €/KG","img":"https://fd3-photos.leclercdrive.fr/image.ashx?id=3011611&use=l&cat=p&typeid=i","cat":284506},{"id":48559,"n":"Pâtes Bolognaise Bio Hipp 12 mois - 230g","p":1.77,"u":"7,70 €/KG","img":"https://fd3-photos.leclercdrive.fr/image.ashx?id=2917978&use=l&cat=p&typeid=i","cat":312237},{"id":48564,"n":"Céréales Bio Hipp - Dès 4/6mois 100% céréales - 250g","p":2.75,"u":"11,00 €/KG","img":"https://fd3-photos.leclercdrive.fr/image.ashx?id=2929077&use=l&cat=p&typeid=i","cat":312225},{"id":48573,"n":"Barre Chocolat au Lait KitKat x10 barres - 415g","p":5.27,"u":"1,27 €/L","img":"https://fd3-photos.leclercdrive.fr/image.ashx?id=2905045&use=l&cat=p&typeid=i","cat":284498},{"id":48589,"n":"Lait bébé poudre Gallia Calisma croissance Dès 12 mois 1,2kg","p":15.52,"u":"12,93 €/KG","img":"https://fd3-photos.leclercdrive.fr/image.ashx?id=2973553&use=l&cat=p&typeid=i","cat":290219},{"id":48591,"n":"Lait bébé Gallia Calisma croissance Dès 12 mois 4x1L","p":8.96,"u":"2,24 €/L","img":"https://fd3-photos.leclercdrive.fr/image.ashx?id=2481249&use=l&cat=p&typeid=i","cat":284728},{"id":48595,"n":"Gourdes Bio bébé Hipp 4 variétés - 6 mois - 8x90g","p":6.58,"u":"9,14 €/KG","img":"https://fd3-photos.leclercdrive.fr/image.ashx?id=2904416&use=l&cat=p&typeid=i","cat":312393},{"id":48596,"n":"Gourdes Bio bébé Hipp  4 variétés - 8x90g","p":6.58,"u":"9,14 €/KG","img":"https://fd3-photos.leclercdrive.fr/image.ashx?id=3000357&use=l&cat=p&typeid=i","cat":312393},{"id":48602,"n":"Repas du soir Babybio 12 mois Légumes vert Bio - 400g","p":2.47,"u":"6,18 €/KG","img":"https://fd3-photos.leclercdrive.fr/image.ashx?id=2834524&use=l&cat=p&typeid=i","cat":312239},{"id":48603,"n":"Farine de blé Francine 1,4kg","p":1.54,"u":"1,10 €/KG","img":"https://fd3-photos.leclercdrive.fr/image.ashx?id=2881308&use=l&cat=p&typeid=i","cat":284503},{"id":48604,"n":"Farine fluide Francine 1.4kg","p":1.61,"u":"1,15 €/KG","img":"https://fd3-photos.leclercdrive.fr/image.ashx?id=2881305&use=l&cat=p&typeid=i","cat":284503},{"id":48611,"n":"Plat bébé soir Blédiner 12 mois Pâtes légumes - 2x200g","p":2.27,"u":"5,68 €/KG","img":"https://fd3-photos.leclercdrive.fr/image.ashx?id=2975068&use=l&cat=p&typeid=i","cat":312239},{"id":48615,"n":"Coton Demak'up Duo disque x108","p":1.73,"u":"0,02 €/P","img":"https://fd3-photos.leclercdrive.fr/image.ashx?id=2791461&use=l&cat=p&typeid=i","cat":285593},{"id":48633,"n":"Boisson gourmande PAGO Fraise 75cl","p":2.89,"u":"3,85 €/L","img":"https://fd3-photos.leclercdrive.fr/image.ashx?id=2954007&use=l&cat=p&typeid=i","cat":284915},{"id":48646,"n":"Soda à l'orange Orangina Sans Sucres - 6x33cl","p":3.42,"u":"1,73 €/L","img":"https://fd3-photos.leclercdrive.fr/image.ashx?id=2946931&use=l&cat=p&typeid=i","cat":284532},{"id":48697,"n":"Sachet chat Purina One Sterillcat - 8x85g","p":4.29,"u":"6,31 €/KG","img":"https://fd3-photos.leclercdrive.fr/image.ashx?id=2899695&use=l&cat=p&typeid=i","cat":285286},{"id":48698,"n":"Croquettes chat Purina One Stérilisé/Intérieur-Poulet1.5kg","p":7.67,"u":"5,11 €/KG","img":"https://fd3-photos.leclercdrive.fr/image.ashx?id=2681257&use=l&cat=p&typeid=i","cat":284680},{"id":48704,"n":"Boîte chat Whiskas Gelée du pêcheur - 4x390g","p":4.47,"u":"2,87 €/KG","img":"https://fd3-photos.leclercdrive.fr/image.ashx?id=2759622&use=l&cat=p&typeid=i","cat":285601},{"id":48711,"n":"Friandises chien Fido  Dental Delicious - 130g","p":2.04,"u":"15,69 €/KG","img":"https://fd3-photos.leclercdrive.fr/image.ashx?id=2361614&use=l&cat=p&typeid=i","cat":294527},{"id":48715,"n":"Poires demi-fruits Eco+ Sirop léger - 455 g","p":1.67,"u":"3,67 €/KG","img":"https://fd3-photos.leclercdrive.fr/image.ashx?id=2783008&use=l&cat=p&typeid=i","cat":284507},{"id":48717,"n":"Barquettes chats Gourmet Gold Les mousselines - 24x85g","p":10.81,"u":"5,30 €/KG","img":"https://fd3-photos.leclercdrive.fr/image.ashx?id=2861500&use=l&cat=p&typeid=i","cat":285286},{"id":48720,"n":"Poêlée parisienne D'aucy  580g","p":3.26,"u":"5,62 €/KG","img":"https://fd3-photos.leclercdrive.fr/image.ashx?id=2835256&use=l&cat=p&typeid=i","cat":312612},{"id":48721,"n":"Poêlée jardinière D'aucy  580g","p":2.51,"u":"4,33 €/KG","img":"https://fd3-photos.leclercdrive.fr/image.ashx?id=2582816&use=l&cat=p&typeid=i","cat":312612},{"id":48725,"n":"Légumes pour Couscous D'Aucy Orientale - 800g","p":1.74,"u":"2,18 €/KG","img":"https://fd3-photos.leclercdrive.fr/image.ashx?id=2577800&use=l&cat=p&typeid=i","cat":312612},{"id":48734,"n":"Grand duc Ducros Touch'salade Provençale -180g","p":4.07,"u":"22,61 €/KG","img":"https://fd3-photos.leclercdrive.fr/image.ashx?id=1637670&use=l&cat=p&typeid=i","cat":298297},{"id":48738,"n":"Sauce Andalouse Colona Tube - 500ml","p":2.89,"u":"5,78 €/L","img":"https://fd3-photos.leclercdrive.fr/image.ashx?id=2687170&use=l&cat=p&typeid=i","cat":318431},{"id":48745,"n":"Chocolat Pâtissier Nestlé Dessert Lait - 170g","p":2.99,"u":"17,59 €/KG","img":"https://fd3-photos.leclercdrive.fr/image.ashx?id=2961242&use=l&cat=p&typeid=i","cat":285562},{"id":48777,"n":"Confiture Confipote allégée en  Sucres - Pot Fraise - 350g","p":2.02,"u":"5,77 €/KG","img":"https://fd3-photos.leclercdrive.fr/image.ashx?id=2388436&use=l&cat=p&typeid=i","cat":284480},{"id":48786,"n":"Chocolat noir Bio Ethiquable  75% Nicaragua - 100g","p":2.73,"u":"27,30 €/KG","img":"https://fd3-photos.leclercdrive.fr/image.ashx?id=2870884&use=l&cat=p&typeid=i","cat":284956},{"id":48787,"n":"Chocolat noir Bio Ethiquable  Quinoa - 100g","p":2.94,"u":"29,40 €/KG","img":"https://fd3-photos.leclercdrive.fr/image.ashx?id=2870854&use=l&cat=p&typeid=i","cat":284956},{"id":48796,"n":"Café moulu Alter Eco  Pérou Bio  - 260g","p":5.58,"u":"21,46 €/KG","img":"https://fd3-photos.leclercdrive.fr/image.ashx?id=2955824&use=l&cat=p&typeid=i","cat":284750},{"id":48797,"n":"chocolat noir bio alter eco  Quinoa soufflé - 100g","p":2.53,"u":"25,30 €/KG","img":"https://fd3-photos.leclercdrive.fr/image.ashx?id=2923013&use=l&cat=p&typeid=i","cat":284956},{"id":48803,"n":"Confiture Confipote allégée en  Sucres - Pot Abricot - 350g","p":1.97,"u":"5,63 €/KG","img":"https://fd3-photos.leclercdrive.fr/image.ashx?id=2120959&use=l&cat=p&typeid=i","cat":284480},{"id":48807,"n":"Tartines bio Jardin Bio  Craquantes avoine - 150g","p":2.13,"u":"14,20 €/KG","img":"https://fd3-photos.leclercdrive.fr/image.ashx?id=2849187&use=l&cat=p&typeid=i","cat":318654},{"id":48809,"n":"Tartines bio Jardin Bio Craquantes au sarrasin - 300g","p":3.76,"u":"12,53 €/KG","img":"https://fd3-photos.leclercdrive.fr/image.ashx?id=2535562&use=l&cat=p&typeid=i","cat":284479},{"id":48812,"n":"Masque Nuti-extrême Dessange Cheveux très secs - 250ml","p":5.48,"u":"21,92 €/L","img":"https://fd3-photos.leclercdrive.fr/image.ashx?id=2819400&use=l&cat=p&typeid=i","cat":284608},{"id":48815,"n":"Tartines sarrasin sans gluten  bio Terres et Céréales - 150g","p":1.98,"pp":1.39,"u":"9,27 €/KG","img":"https://fd3-photos.leclercdrive.fr/image.ashx?id=2802461&use=l&cat=p&typeid=i","cat":285543},{"id":48817,"n":"Lait sucré Régilait Caramel beurre salé - 300g","p":3.29,"u":"10,97 €/KG","img":"https://fd3-photos.leclercdrive.fr/image.ashx?id=2018640&use=l&cat=p&typeid=i","cat":299162},{"id":48822,"n":"Friandises chat Catisfactions Saumon - 180g","p":3.18,"u":"17,67 €/KG","img":"https://fd3-photos.leclercdrive.fr/image.ashx?id=2912527&use=l&cat=p&typeid=i","cat":285285},{"id":48823,"n":"Haché Végétal bio Céréal Bio Façon Bolognaise au Soja 250g","p":2.66,"u":"10,64 €/KG","img":"https://fd3-photos.leclercdrive.fr/image.ashx?id=2575090&use=l&cat=p&typeid=i","cat":287600},{"id":48837,"n":"Boisson à base de thé Arizona  Pêche - 50cl","p":1.36,"u":"2,72 €/L","img":"https://fd3-photos.leclercdrive.fr/image.ashx?id=2143483&use=l&cat=p&typeid=i","cat":295019},{"id":48839,"n":"Lait concentré Régilait Non sucré, demi écrémé - 410g","p":1.47,"u":"3,59 €/KG","img":"https://fd3-photos.leclercdrive.fr/image.ashx?id=2405863&use=l&cat=p&typeid=i","cat":299162},{"id":48843,"n":"Préparation gâteau Nestlé Fondant chocolat - 317g","p":3.67,"u":"11,58 €/KG","img":"https://fd3-photos.leclercdrive.fr/image.ashx?id=2848379&use=l&cat=p&typeid=i","cat":284505},{"id":48846,"n":"Purée tomate bio Jardin Bio 200g","p":0.88,"u":"4,40 €/KG","img":"https://fd3-photos.leclercdrive.fr/image.ashx?id=2535034&use=l&cat=p&typeid=i","cat":288384},{"id":48862,"n":"Farine de blé semi complète  Gers Bio 1kg","p":3.21,"u":"3,21 €/KG","img":"https://fd3-photos.leclercdrive.fr/image.ashx?id=2916249&use=l&cat=p&typeid=i","cat":288382},{"id":48870,"n":"Infusion bio Jardin Bio Thym de France x20 - 28g","p":2.27,"u":"81,07 €/KG","img":"https://fd3-photos.leclercdrive.fr/image.ashx?id=2792840&use=l&cat=p&typeid=i","cat":293234},{"id":48877,"n":"Récré O'lé Mont Blanc - 12x85g Choco/Caramel/Biscuit/Brownie","p":5.88,"u":"5,76 €/KG","img":"https://fd3-photos.leclercdrive.fr/image.ashx?id=3011608&use=l&cat=p&typeid=i","cat":284506},{"id":48879,"n":"Purée de piment Tables du Monde - 100g","p":1.19,"u":"11,90 €/KG","img":"https://fd3-photos.leclercdrive.fr/image.ashx?id=2679744&use=l&cat=p&typeid=i","cat":288992},{"id":48915,"n":"Sauce Arôme Maggi 1kg","p":7.27,"u":"7,27 €/KG","img":"https://fd3-photos.leclercdrive.fr/image.ashx?id=2785352&use=l&cat=p&typeid=i","cat":288379},{"id":48955,"n":"IGP Cancoillotte Squizeur ail La Belle Etoile - 250g","p":3.63,"u":"14,52 €/KG","img":"https://fd3-photos.leclercdrive.fr/image.ashx?id=2600464&use=l&cat=p&typeid=i","cat":314037},{"id":48977,"n":"Sauce brazil Colona Tube - 500ml","p":3.14,"u":"5,71 €/L","img":"https://fd3-photos.leclercdrive.fr/image.ashx?id=2179064&use=l&cat=p&typeid=i","cat":318431},{"id":48994,"n":"Sauce Pitta Kebab Colona Tube - 500ml","p":3.17,"u":"6,34 €/L","img":"https://fd3-photos.leclercdrive.fr/image.ashx?id=2687173&use=l&cat=p&typeid=i","cat":318431},{"id":49018,"n":"Beurre Moulé Paysan Breton Sel de guérande - 80% MG - 250g","p":3.35,"u":"13,40 €/KG","img":"https://fd3-photos.leclercdrive.fr/image.ashx?id=2869035&use=l&cat=p&typeid=i","cat":284379},{"id":49050,"n":"Boisson gazeuse Sprink's Sans alcool - Mojito - 1.5L","p":1.75,"u":"1,17 €/L","img":"https://fd3-photos.leclercdrive.fr/image.ashx?id=2925976&use=l&cat=p&typeid=i","cat":284531},{"id":49070,"n":"Préparation gâteau Nestlé Coeur fondant - 305g","p":4.13,"u":"13,54 €/KG","img":"https://fd3-photos.leclercdrive.fr/image.ashx?id=2848385&use=l&cat=p&typeid=i","cat":284505},{"id":49077,"n":"Biscuit P'tit Deli  Chocolat lait - 150g","p":1.58,"u":"10,53 €/KG","img":"https://fd3-photos.leclercdrive.fr/image.ashx?id=2529605&use=l&cat=p&typeid=i","cat":284488},{"id":49078,"n":"Gaufrette P'tit Déli  Chocolat lait - 125g","p":1.29,"u":"10,32 €/KG","img":"https://fd3-photos.leclercdrive.fr/image.ashx?id=2858839&use=l&cat=p&typeid=i","cat":284490},{"id":49079,"n":"Petites madeleines P'tit Deli  Pépites de chocolat - 400g","p":1.69,"u":"4,23 €/KG","img":"https://fd3-photos.leclercdrive.fr/image.ashx?id=2999511&use=l&cat=p&typeid=i","cat":284492},{"id":49080,"n":"Gâteau fourré fraise P'tit Deli Lapin - 140g","p":1.14,"u":"8,14 €/KG","img":"https://fd3-photos.leclercdrive.fr/image.ashx?id=2671411&use=l&cat=p&typeid=i","cat":284495},{"id":49082,"n":"Gâteau fourré P'tit Deli Tout chocolat, lapin - 140g","p":1.3,"u":"9,29 €/KG","img":"https://fd3-photos.leclercdrive.fr/image.ashx?id=2211200&use=l&cat=p&typeid=i","cat":284495},{"id":49083,"n":"Biscuit palmier feuilleté Eco+ 100g","p":0.42,"u":"4,20 €/KG","img":"https://fd3-photos.leclercdrive.fr/image.ashx?id=2768016&use=l&cat=p&typeid=i","cat":284487},{"id":49132,"n":"Gin Tanqueray 43.1%vol - 70cl","p":21.52,"u":"30,74 €/L","img":"https://fd3-photos.leclercdrive.fr/image.ashx?id=2414906&use=l&cat=p&typeid=i","cat":284550},{"id":49175,"n":"Sucre glace Béghin Say Sachet - 1kg","p":2.19,"u":"2,19 €/KG","img":"https://fd3-photos.leclercdrive.fr/image.ashx?id=2326775&use=l&cat=p&typeid=i","cat":284502},{"id":49254,"n":"Gelifiant Vahiné Agar Agar - 8g","p":2.82,"u":"352,50 €/KG","img":"https://fd3-photos.leclercdrive.fr/image.ashx?id=2833342&use=l&cat=p&typeid=i","cat":284504},{"id":49269,"n":"Viande bébé Bio Yooji Poulet - Dès 6 mois - 120g","p":4.38,"u":"36,50 €/KG","img":"https://fd3-photos.leclercdrive.fr/image.ashx?id=2583626&use=l&cat=p&typeid=i","cat":290631},{"id":49282,"n":"Tablette de chocolat noir Lindt Zeste de citron vert - 100g","p":2.37,"u":"23,70 €/KG","img":"https://fd3-photos.leclercdrive.fr/image.ashx?id=2608160&use=l&cat=p&typeid=i","cat":284956},{"id":49288,"n":"Bols soir bébé bio Babybio Pâtes - 8 mois - 2x200g","p":2.43,"u":"6,08 €/KG","img":"https://fd3-photos.leclercdrive.fr/image.ashx?id=2838344&use=l&cat=p&typeid=i","cat":312239},{"id":49294,"n":"Cotons Démaquillants Demak'Up Original - x105","p":1.53,"u":"0,01 €/P","img":"https://fd3-photos.leclercdrive.fr/image.ashx?id=2745274&use=l&cat=p&typeid=i","cat":284636},{"id":49295,"n":"Cotons Démaquillants Demak'Up Ovale sensitive - x48","p":1.5,"u":"0,03 €/P","img":"https://fd3-photos.leclercdrive.fr/image.ashx?id=2745277&use=l&cat=p&typeid=i","cat":284636},{"id":49296,"n":"Barre Chocolat au Lait Lion x10 barres - 420g","p":3.73,"u":"8,88 €/KG","img":"https://fd3-photos.leclercdrive.fr/image.ashx?id=2736988&use=l&cat=p&typeid=i","cat":284498},{"id":49304,"n":"Détachant Vanish  Powergel - 200ml","p":3.93,"u":"19,65 €/L","img":"https://fd3-photos.leclercdrive.fr/image.ashx?id=2587861&use=l&cat=p&typeid=i","cat":284651},{"id":49327,"n":"Déodorant Bille Homme Nivea Men Black&White Original - 50ml","p":1.98,"u":"39,60 €/L","img":"https://fd3-photos.leclercdrive.fr/image.ashx?id=2165815&use=l&cat=p&typeid=i","cat":284618},{"id":49333,"n":"Déodorant bille Men Expert Carbon Protection 48h - 50ml","p":2.54,"u":"50,80 €/L","img":"https://fd3-photos.leclercdrive.fr/image.ashx?id=2394561&use=l&cat=p&typeid=i","cat":284618},{"id":49340,"n":"Cornichons Eco+ Au vinaigre - 190g","p":0.88,"u":"4,63 €/KG","img":"https://fd3-photos.leclercdrive.fr/image.ashx?id=2974711&use=l&cat=p&typeid=i","cat":284458},{"id":49342,"n":"Moutarde Eco+ Forte au vinaigre - 850g","p":1.66,"u":"1,95 €/KG","img":"https://fd3-photos.leclercdrive.fr/image.ashx?id=2954325&use=l&cat=p&typeid=i","cat":288850},{"id":49346,"n":"Mini cornichons Jardin D'Orant Au condiment balsamique - 185g","p":1.62,"u":"8,76 €/KG","img":"https://fd3-photos.leclercdrive.fr/image.ashx?id=2918688&use=l&cat=p&typeid=i","cat":284458},{"id":49349,"n":"Petit croquant Kühne Aigre doux - 360g","p":3.52,"u":"9,78 €/KG","img":"https://fd3-photos.leclercdrive.fr/image.ashx?id=2551036&use=l&cat=p&typeid=i","cat":284458},{"id":49358,"n":"Cornichons Kuhne Aigre-doux - 185g","p":1.43,"u":"7,73 €/KG","img":"https://fd3-photos.leclercdrive.fr/image.ashx?id=2550922&use=l&cat=p&typeid=i","cat":284458},{"id":49385,"n":"Litchis St-Mamet Dénoyautés - 250g","p":2.77,"u":"11,08 €/KG","img":"https://fd3-photos.leclercdrive.fr/image.ashx?id=2474215&use=l&cat=p&typeid=i","cat":284507},{"id":49401,"n":"Matière grasse Primevere Bio à tartiner - 55% MG - 250g","p":2.74,"u":"10,96 €/KG","img":"https://fd3-photos.leclercdrive.fr/image.ashx?id=2928456&use=l&cat=p&typeid=i","cat":315229},{"id":49553,"n":"Bière Licorne Black 6%vol - 3x33cl","p":4.23,"u":"4,27 €/L","img":"https://fd3-photos.leclercdrive.fr/image.ashx?id=2853617&use=l&cat=p&typeid=i","cat":334852},{"id":49561,"n":"Gel Douche 5en1 Men Expert Pure carbon - 300ml","p":3.15,"u":"10,50 €/L","img":"https://fd3-photos.leclercdrive.fr/image.ashx?id=1603553&use=l&cat=p&typeid=i","cat":284619},{"id":49567,"n":"Diabolo grenadine Sprink's Bouteille - 1.5L","p":1.69,"u":"1,13 €/L","img":"https://fd3-photos.leclercdrive.fr/image.ashx?id=2901461&use=l&cat=p&typeid=i","cat":284532},{"id":49575,"n":"Boisson énergisante Monster Energy Mixxd Punch - 50CL","p":1.67,"u":"3,34 €/L","img":"https://fd3-photos.leclercdrive.fr/image.ashx?id=2206172&use=l&cat=p&typeid=i","cat":284533},{"id":49596,"n":"Café dosettes Tassimo L'Or Espresso Décaféiné x16","p":4.76,"u":"44,91 €/KG","img":"https://fd3-photos.leclercdrive.fr/image.ashx?id=2662090&use=l&cat=p&typeid=i","cat":293240},{"id":49624,"n":"Vin Union Européenne rosé Champlure - BIB 5L","p":13.8,"u":"2,76 €/L","img":"https://fd3-photos.leclercdrive.fr/image.ashx?id=2552523&use=l&cat=p&typeid=i","cat":289560},{"id":49628,"n":"Crémant brut Alsace C.Turckheim 75cl","p":6.75,"u":"9,00 €/L","img":"https://fd3-photos.leclercdrive.fr/image.ashx?id=1893310&use=l&cat=p&typeid=i","cat":284545},{"id":49632,"n":"Pain de mie 100% Mie Harrys Nature Longue conservation 325g","p":1.99,"u":"6,12 €/KG","img":"https://fd3-photos.leclercdrive.fr/image.ashx?id=2469647&use=l&cat=p&typeid=i","cat":284477},{"id":49633,"n":"IGP d'Ardèche rosé Gris de  Grenache - 75cl","p":3.16,"u":"4,21 €/L","img":"https://fd3-photos.leclercdrive.fr/image.ashx?id=2852501&use=l&cat=p&typeid=i","cat":289558},{"id":49636,"n":"Biscuits Baiocchi Mulino Bianco Chocolat noisette Snack - 336g","p":2.66,"u":"7,92 €/KG","img":"https://fd3-photos.leclercdrive.fr/image.ashx?id=2787962&use=l&cat=p&typeid=i","cat":284488},{"id":49639,"n":"Haricots verts Rochefontaine Extra-fins - 345g","p":3.03,"u":"8,78 €/KG","img":"https://fd3-photos.leclercdrive.fr/image.ashx?id=2101459&use=l&cat=p&typeid=i","cat":312606},{"id":49649,"n":"Sauce Tomate Cuisinée Heinz Ail & Oignon x2 - 210g","p":1.5,"u":"3,57 €/KG","img":"https://fd3-photos.leclercdrive.fr/image.ashx?id=2926990&use=l&cat=p&typeid=i","cat":288384},{"id":49656,"n":"Sauce burger Amora 448g","p":1.87,"u":"4,17 €/KG","img":"https://fd3-photos.leclercdrive.fr/image.ashx?id=3014656&use=l&cat=p&typeid=i","cat":318431},{"id":49659,"n":"Huile de noix Cauvin Bouteille - 25cl","p":3.44,"u":"13,76 €/L","img":"https://fd3-photos.leclercdrive.fr/image.ashx?id=2482318&use=l&cat=p&typeid=i","cat":284453},{"id":49664,"n":"Farine complète Francine Boîte - 1kg","p":1.74,"u":"1,74 €/KG","img":"https://fd3-photos.leclercdrive.fr/image.ashx?id=2018898&use=l&cat=p&typeid=i","cat":284503},{"id":49674,"n":"Fécule de pomme de terre Tipiak Substitut de farine - 250g","p":0.77,"u":"3,08 €/KG","img":"https://fd3-photos.leclercdrive.fr/image.ashx?id=2563487&use=l&cat=p&typeid=i","cat":288382},{"id":49681,"n":"Yaourt La Laitière Nature - 4x125g","p":1.79,"u":"3,58 €/KG","img":"https://fd3-photos.leclercdrive.fr/image.ashx?id=3007978&use=l&cat=p&typeid=i","cat":284409},{"id":49684,"n":"Yaourts La Laitière Nature - 8x125g","p":2.89,"u":"23,12 €/KG","img":"https://fd3-photos.leclercdrive.fr/image.ashx?id=2679509&use=l&cat=p&typeid=i","cat":284409},{"id":49700,"n":"Matin Léger Bio de Lactel Sans lactose 1.2%mg - 6x1L","p":13.5,"u":"2,25 €/L","img":"https://fd3-photos.leclercdrive.fr/image.ashx?id=2883552&use=l&cat=p&typeid=i","cat":317169},{"id":49704,"n":"Yaourts fruits Savoie Yaourt Fruits de saisons - 6x125g","p":2.83,"u":"3,77 €/KG","img":"https://fd3-photos.leclercdrive.fr/image.ashx?id=2504743&use=l&cat=p&typeid=i","cat":284410},{"id":49798,"n":"Nectar Goyave Caraibos Sans alcool - 75cl","p":2.27,"u":"3,03 €/L","img":"https://fd3-photos.leclercdrive.fr/image.ashx?id=3011281&use=l&cat=p&typeid=i","cat":284916},{"id":49799,"n":"Nectar Mangue Caraibos Sans alcool - 75cl","p":2.27,"u":"3,03 €/L","img":"https://fd3-photos.leclercdrive.fr/image.ashx?id=3011278&use=l&cat=p&typeid=i","cat":284916},{"id":49800,"n":"Chorizo doux César Moroni   200g","p":2.73,"u":"13,65 €/KG","img":"https://fd3-photos.leclercdrive.fr/image.ashx?id=2854420&use=l&cat=p&typeid=i","cat":316006},{"id":49801,"n":"Nectar Maracuja Caraibos 75cl","p":2.53,"u":"3,37 €/L","img":"https://fd3-photos.leclercdrive.fr/image.ashx?id=3011275&use=l&cat=p&typeid=i","cat":284916},{"id":49805,"n":"Cocktail Piña colada Caraibos Sans alcool - 75cl","p":2.43,"u":"3,24 €/L","img":"https://fd3-photos.leclercdrive.fr/image.ashx?id=3011299&use=l&cat=p&typeid=i","cat":284549},{"id":49825,"n":"Croco Pik Haribo  Sachet bonbons acidulés - 275g","p":1.69,"u":"6,15 €/KG","img":"https://fd3-photos.leclercdrive.fr/image.ashx?id=2802350&use=l&cat=p&typeid=i","cat":304250},{"id":49828,"n":"Happy Life Haribo Sachet bonbons - 275g","p":1.43,"u":"5,20 €/KG","img":"https://fd3-photos.leclercdrive.fr/image.ashx?id=2803577&use=l&cat=p&typeid=i","cat":304250},{"id":49832,"n":"Dragibus Pik Haribo Sachet bonbons - 230g","p":1.87,"u":"8,13 €/KG","img":"https://fd3-photos.leclercdrive.fr/image.ashx?id=2984907&use=l&cat=p&typeid=i","cat":304250},{"id":49834,"n":"Bonbons LUTTI BestFizz Assortiment Piquant - 550g","p":3.8,"u":"6,91 €/KG","img":"https://fd3-photos.leclercdrive.fr/image.ashx?id=2815022&use=l&cat=p&typeid=i","cat":304250},{"id":49845,"n":"Jus multifruits Jafaden Brique, ABC - 2L","p":2.65,"u":"1,33 €/L","img":"https://fd3-photos.leclercdrive.fr/image.ashx?id=2759220&use=l&cat=p&typeid=i","cat":284917},{"id":49851,"n":"Limonade Sprink's 1.5L","p":0.95,"u":"0,63 €/L","img":"https://fd3-photos.leclercdrive.fr/image.ashx?id=2913721&use=l&cat=p&typeid=i","cat":284531},{"id":49852,"n":"Speck alto adige IGP Tradizioni d'Italia - 70g","p":1.95,"u":"27,86 €/KG","img":"https://fd3-photos.leclercdrive.fr/image.ashx?id=2925225&use=l&cat=p&typeid=i","cat":316007},{"id":49854,"n":"Prosciutto di San daniele AOP Tradizioni d'Italia - 70g","p":3.35,"u":"47,86 €/KG","img":"https://fd3-photos.leclercdrive.fr/image.ashx?id=2925219&use=l&cat=p&typeid=i","cat":316007},{"id":49857,"n":"Mortadella bologna IGP Tradizioni d'Italia - 150g","p":2.59,"u":"17,27 €/KG","img":"https://fd3-photos.leclercdrive.fr/image.ashx?id=2925222&use=l&cat=p&typeid=i","cat":316009},{"id":49858,"n":"Prosciutto di parma AOP 18 mois Tradizioni d'Italia - 80g","p":3.79,"u":"47,38 €/KG","img":"https://fd3-photos.leclercdrive.fr/image.ashx?id=1961988&use=l&cat=p&typeid=i","cat":316007},{"id":49863,"n":"Pizza feu de bois  Turini  Saumon  - 420g","p":2.21,"u":"5,26 €/KG","img":"https://fd3-photos.leclercdrive.fr/image.ashx?id=2816579&use=l&cat=p&typeid=i","cat":284256},{"id":49870,"n":"Protection Absorbante Tena Men  Médium - x10","p":4.57,"u":"0,46 €/P","img":"https://fd3-photos.leclercdrive.fr/image.ashx?id=2428573&use=l&cat=p&typeid=i","cat":291514},{"id":49872,"n":"Tampons Tampax Compak Pearl Super - x18","p":2.67,"u":"0,15 €/P","img":"https://fd3-photos.leclercdrive.fr/image.ashx?id=2956616&use=l&cat=p&typeid=i","cat":284626},{"id":49880,"n":"Boisson concentrée Frucci Menthe avec édulcorants - 75cl","p":2.39,"u":"3,19 €/L","img":"https://fd3-photos.leclercdrive.fr/image.ashx?id=2909903&use=l&cat=p&typeid=i","cat":295020},{"id":49881,"n":"Sirop Frucci Zero Grenadine avec edulcorants-75cl","p":2.49,"u":"3,32 €/L","img":"https://fd3-photos.leclercdrive.fr/image.ashx?id=2956110&use=l&cat=p&typeid=i","cat":295020},{"id":49882,"n":"Sirop Frucci Zero Pêche avec édulcorants - 75cl","p":2.35,"u":"3,13 €/L","img":"https://fd3-photos.leclercdrive.fr/image.ashx?id=2954100&use=l&cat=p&typeid=i","cat":295020},{"id":49883,"n":"Soda tonic Sprink's 1.5L","p":1.05,"u":"0,70 €/L","img":"https://fd3-photos.leclercdrive.fr/image.ashx?id=2913739&use=l&cat=p&typeid=i","cat":284531},{"id":49900,"n":"Feuilletés fromage fondu Eco+ 650g","p":1.61,"u":"2,48 €/KG","img":"https://fd3-photos.leclercdrive.fr/image.ashx?id=2079792&use=l&cat=p&typeid=i","cat":319776},{"id":49930,"n":"Yaourt douceur Le Petit Basque Brebis nature - 4x100g","p":2.85,"u":"7,13 €/KG","img":"https://fd3-photos.leclercdrive.fr/image.ashx?id=2248084&use=l&cat=p&typeid=i","cat":314998},{"id":49932,"n":"Fromage Pavé d'Affinois Original - 180g","p":2.96,"u":"16,44 €/KG","img":"https://fd3-photos.leclercdrive.fr/image.ashx?id=2644070&use=l&cat=p&typeid=i","cat":314030},{"id":49933,"n":"Fromage Pavé d'Affinois Mini Mix 5 variétés - 130g","p":2.69,"u":"20,69 €/KG","img":"https://fd3-photos.leclercdrive.fr/image.ashx?id=2644076&use=l&cat=p&typeid=i","cat":314030},{"id":49946,"n":"Pâte à tartiner Novi 200g","p":4.99,"u":"24,95 €/KG","img":"https://fd3-photos.leclercdrive.fr/image.ashx?id=2475113&use=l&cat=p&typeid=i","cat":284481},{"id":49954,"n":"Limonade Sprink's 6x50cl","p":4.92,"u":"1,64 €/L","img":"https://fd3-photos.leclercdrive.fr/image.ashx?id=2913718&use=l&cat=p&typeid=i","cat":284531},{"id":49955,"n":"Soda 7UP Citron/citron vert zéro - 1.5L","p":1.52,"u":"1,01 €/L","img":"https://fd3-photos.leclercdrive.fr/image.ashx?id=2752462&use=l&cat=p&typeid=i","cat":284531},{"id":49956,"n":"Soda à l'orange Orangina Sans Sucres - 1,5L","p":1.72,"u":"1,15 €/L","img":"https://fd3-photos.leclercdrive.fr/image.ashx?id=2946496&use=l&cat=p&typeid=i","cat":284532},{"id":49960,"n":"Café en Grains Carte Noire  Arabica Classique - 250g","p":6.14,"u":"24,56 €/KG","img":"https://fd3-photos.leclercdrive.fr/image.ashx?id=2980136&use=l&cat=p&typeid=i","cat":293237},{"id":49971,"n":"Frites Pom Bistro à la Graisse de Canard - 500g","p":3.84,"u":"7,68 €/KG","img":"https://fd3-photos.leclercdrive.fr/image.ashx?id=2866412&use=l&cat=p&typeid=i","cat":319791},{"id":49979,"n":"Soupe liquide Liebig  Potiron Chataîgne - Brique 1L","p":2.89,"u":"2,89 €/L","img":"https://fd3-photos.leclercdrive.fr/image.ashx?id=2785358&use=l&cat=p&typeid=i","cat":284462},{"id":49980,"n":"Soupe liquide Liebig  Légumes poêlés - Brique 1L","p":2.93,"u":"2,93 €/L","img":"https://fd3-photos.leclercdrive.fr/image.ashx?id=2729941&use=l&cat=p&typeid=i","cat":284462},{"id":49981,"n":"Velouté Liebig Légumes du soleil - 1L","p":2.76,"u":"2,76 €/L","img":"https://fd3-photos.leclercdrive.fr/image.ashx?id=2750991&use=l&cat=p&typeid=i","cat":284462},{"id":49983,"n":"Sauce yakitori Kikkoman 250ml","p":4.34,"u":"17,36 €/L","img":"https://fd3-photos.leclercdrive.fr/image.ashx?id=2536299&use=l&cat=p&typeid=i","cat":288992},{"id":49984,"n":"Café dosettes Tassimo L'Or Espresso Delizioso x16","p":4.91,"u":"47,21 €/KG","img":"https://fd3-photos.leclercdrive.fr/image.ashx?id=2507329&use=l&cat=p&typeid=i","cat":293240},{"id":49990,"n":"Tortillas fraiches 20cm x8 - 320g","p":1.85,"u":"5,78 €/KG","img":"https://fd3-photos.leclercdrive.fr/image.ashx?id=1553401&use=l&cat=p&typeid=i","cat":288993},{"id":49997,"n":"Boisson aux fruits Oasis Mini Tropical - 6x25cl","p":3.43,"u":"2,29 €/L","img":"https://fd3-photos.leclercdrive.fr/image.ashx?id=2684443&use=l&cat=p&typeid=i","cat":295018},{"id":50002,"n":"Sauce soja Kikkoman  150ml","p":3.4,"u":"22,67 €/L","img":"https://fd3-photos.leclercdrive.fr/image.ashx?id=2536284&use=l&cat=p&typeid=i","cat":288992},{"id":50003,"n":"Café soluble Maxwell House Qualité Filtre - 20g","p":7.61,"u":"38,05 €/KG","img":"https://fd3-photos.leclercdrive.fr/image.ashx?id=1755025&use=l&cat=p&typeid=i","cat":284843},{"id":50004,"n":"Kit Crousti Fajitas Old El Paso extra doux - 521g","p":4.55,"u":"8,73 €/KG","img":"https://fd3-photos.leclercdrive.fr/image.ashx?id=2765402&use=l&cat=p&typeid=i","cat":288993},{"id":50009,"n":"Sardines Les Mouettes d'Arvor Huile d'olive - 115g","p":2.84,"u":"24,70 €/KG","img":"https://fd3-photos.leclercdrive.fr/image.ashx?id=1892269&use=l&cat=p&typeid=i","cat":305146},{"id":50016,"n":"Filet de thon huile Florelli  200g","p":6.18,"u":"30,90 €/KG","img":"https://fd3-photos.leclercdrive.fr/image.ashx?id=2908240&use=l&cat=p&typeid=i","cat":289010},{"id":50017,"n":"Confit de tomates séchées  Les Tartinables Florelli 190g","p":2.17,"u":"11,42 €/KG","img":"https://fd3-photos.leclercdrive.fr/image.ashx?id=3011671&use=l&cat=p&typeid=i","cat":289010},{"id":50018,"n":"Légumes grillés Florelli 280g","p":2.67,"u":"9,54 €/KG","img":"https://fd3-photos.leclercdrive.fr/image.ashx?id=2664199&use=l&cat=p&typeid=i","cat":289010},{"id":50020,"n":"Riz long Basmati Bouddha 1kg","p":4.1,"u":"4,10 €/KG","img":"https://fd3-photos.leclercdrive.fr/image.ashx?id=1569091&use=l&cat=p&typeid=i","cat":288992},{"id":50021,"n":"Cacahuètes apéritif Tanoshi wasabi - sachet 100g","p":2.0,"u":"20,00 €/KG","img":"https://fd3-photos.leclercdrive.fr/image.ashx?id=2921190&use=l&cat=p&typeid=i","cat":288992},{"id":50029,"n":"Biscuit apéritif ancel Sticks Bretzels - 137g","p":1.59,"u":"11,61 €/KG","img":"https://fd3-photos.leclercdrive.fr/image.ashx?id=2895181&use=l&cat=p&typeid=i","cat":297000},{"id":50052,"n":"Lait bébé en poudre Galliagest croissance Dès 12 mois 900g","p":13.63,"u":"15,14 €/KG","img":"https://fd3-photos.leclercdrive.fr/image.ashx?id=2616844&use=l&cat=p&typeid=i","cat":290219},{"id":50053,"n":"Eau gazeuse minérale Salvetat pauvre en sodium - 6x50cl","p":2.76,"u":"0,92 €/L","img":"https://fd3-photos.leclercdrive.fr/image.ashx?id=2533469&use=l&cat=p&typeid=i","cat":284536},{"id":50068,"n":"Soupe liquide velouté Knorr Potiron crème fraîche - 500ml","p":1.75,"u":"3,50 €/L","img":"https://fd3-photos.leclercdrive.fr/image.ashx?id=2738035&use=l&cat=p&typeid=i","cat":284462},{"id":50072,"n":"Soupe Liquide Douceur Knorr 8 légumes à la crème - 50cl","p":1.47,"u":"2,94 €/L","img":"https://fd3-photos.leclercdrive.fr/image.ashx?id=2738023&use=l&cat=p&typeid=i","cat":284462},{"id":50079,"n":"Chocolat noir Alter Eco  Equateur 70%, Bio - 100g","p":2.47,"u":"24,70 €/KG","img":"https://fd3-photos.leclercdrive.fr/image.ashx?id=2906553&use=l&cat=p&typeid=i","cat":284956},{"id":50083,"n":"Taboulé aux tomates  Garbit - 730g","p":2.72,"u":"3,73 €/KG","img":"https://fd3-photos.leclercdrive.fr/image.ashx?id=2901905&use=l&cat=p&typeid=i","cat":325094},{"id":50088,"n":"Pulpe tomate basilic Jardin Bio Bio - 500g","p":2.35,"u":"4,70 €/KG","img":"https://fd3-photos.leclercdrive.fr/image.ashx?id=2535025&use=l&cat=p&typeid=i","cat":288384},{"id":50091,"n":"Lait de coco Kara - brique 200ml","p":1.01,"u":"5,05 €/L","img":"https://fd3-photos.leclercdrive.fr/image.ashx?id=2906895&use=l&cat=p&typeid=i","cat":288992},{"id":50102,"n":"Sauce pâte olive Sacla'Italia 190g","p":2.19,"u":"11,53 €/KG","img":"https://fd3-photos.leclercdrive.fr/image.ashx?id=2160222&use=l&cat=p&typeid=i","cat":287599},{"id":50106,"n":"Nems au Porc Tables du Monde x4 - 280g","p":1.76,"u":"6,29 €/KG","img":"https://fd3-photos.leclercdrive.fr/image.ashx?id=1760305&use=l&cat=p&typeid=i","cat":333673},{"id":50123,"n":"Vinaigrette Puget  Ciboulette/échalotes - 33cl","p":2.37,"u":"7,18 €/L","img":"https://fd3-photos.leclercdrive.fr/image.ashx?id=2912146&use=l&cat=p&typeid=i","cat":284456},{"id":50131,"n":"Compotes Pom'Potes Gourdes  Multivariétés - 20x90g","p":7.23,"u":"4,02 €/KG","img":"https://fd3-photos.leclercdrive.fr/image.ashx?id=3010930&use=l&cat=p&typeid=i","cat":284508},{"id":50132,"n":"Compotes Pom'Potes Gourdes  Multivariétés Inédits - 12x90g","p":5.47,"u":"5,06 €/KG","img":"https://fd3-photos.leclercdrive.fr/image.ashx?id=2870170&use=l&cat=p&typeid=i","cat":284508},{"id":50135,"n":"Lingettes Textil Anti-transfert - x40","p":3.71,"u":"0,09 €/P","img":"https://fd3-photos.leclercdrive.fr/image.ashx?id=2964574&use=l&cat=p&typeid=i","cat":290450},{"id":50211,"n":"Pain Bruschetta La Boulangère 400g","p":2.64,"u":"6,60 €/KG","img":"https://fd3-photos.leclercdrive.fr/image.ashx?id=2912404&use=l&cat=p&typeid=i","cat":284985},{"id":50214,"n":"Laque  Fixation forte - 75ml","p":1.29,"u":"17,20 €/L","img":"https://fd3-photos.leclercdrive.fr/image.ashx?id=2616745&use=l&cat=p&typeid=i","cat":284609},{"id":50216,"n":"Pains wraps La Boulangère x6 - 370g","p":2.67,"u":"7,22 €/KG","img":"https://fd3-photos.leclercdrive.fr/image.ashx?id=2900956&use=l&cat=p&typeid=i","cat":284985},{"id":50218,"n":"Tronches de Cake St Michel 175g","p":2.29,"u":"13,09 €/KG","img":"https://fd3-photos.leclercdrive.fr/image.ashx?id=2949946&use=l&cat=p&typeid=i","cat":284495},{"id":50220,"n":"Biscuits Duo Mini BN  190g","p":1.96,"u":"10,32 €/KG","img":"https://fd3-photos.leclercdrive.fr/image.ashx?id=2219606&use=l&cat=p&typeid=i","cat":284488},{"id":50224,"n":"Cookies Milka Pépites de chocolat - 168g","p":1.65,"u":"9,82 €/KG","img":"https://fd3-photos.leclercdrive.fr/image.ashx?id=3002285&use=l&cat=p&typeid=i","cat":325066},{"id":50225,"n":"Biscuits Choco suprême Milka Chocolat - 180g","p":2.34,"u":"13,00 €/KG","img":"https://fd3-photos.leclercdrive.fr/image.ashx?id=2990991&use=l&cat=p&typeid=i","cat":284488},{"id":50226,"n":"Biscuits sablés Granola Chocolat au lait - 3x200g","p":4.29,"u":"7,15 €/KG","img":"https://fd3-photos.leclercdrive.fr/image.ashx?id=3009125&use=l&cat=p&typeid=i","cat":284488},{"id":50227,"n":"Biscuits Granola Chocolat au lait - 200g","p":1.43,"u":"7,15 €/KG","img":"https://fd3-photos.leclercdrive.fr/image.ashx?id=2324282&use=l&cat=p&typeid=i","cat":284488},{"id":50229,"n":"Biscuits Florentin Kambly 125g","p":2.96,"u":"23,68 €/KG","img":"https://fd3-photos.leclercdrive.fr/image.ashx?id=2886337&use=l&cat=p&typeid=i","cat":284487},{"id":50231,"n":"Biscuit Dinosaurus Lotus Chocolat au lait - 225g","p":2.08,"u":"9,24 €/KG","img":"https://fd3-photos.leclercdrive.fr/image.ashx?id=2859815&use=l&cat=p&typeid=i","cat":284488},{"id":50253,"n":"Soda Sprink's Lemon - 1.5L","p":1.45,"u":"0,97 €/L","img":"https://fd3-photos.leclercdrive.fr/image.ashx?id=2913715&use=l&cat=p&typeid=i","cat":284532},{"id":50256,"n":"Soda Sprink's Lemon Lime - 1.5L","p":0.99,"u":"0,66 €/L","img":"https://fd3-photos.leclercdrive.fr/image.ashx?id=2913736&use=l&cat=p&typeid=i","cat":284532},{"id":50257,"n":"Jus d'orange Jafaden Pur jus sans pulpe - 6x1L","p":11.94,"u":"1,99 €/L","img":"https://fd3-photos.leclercdrive.fr/image.ashx?id=2842504&use=l&cat=p&typeid=i","cat":284521},{"id":50262,"n":"Kebab de poulet Fleury Michon Semoule à l'orientale - 280g","p":2.97,"u":"10,61 €/KG","img":"https://fd3-photos.leclercdrive.fr/image.ashx?id=2680167&use=l&cat=p&typeid=i","cat":333665},{"id":50310,"n":"Whisky Bushmills Black 40% vol - 70cl","p":21.8,"pp":17.44,"u":"24,91 €/L","img":"https://fd3-photos.leclercdrive.fr/image.ashx?id=2484452&use=l&cat=p&typeid=i","cat":284547},{"id":50360,"n":"Mousse à Raser Nivea Men Peaux Sensibles - 200 ml","p":2.49,"u":"12,45 €/L","img":"https://fd3-photos.leclercdrive.fr/image.ashx?id=3005212&use=l&cat=p&typeid=i","cat":284617},{"id":50362,"n":"Gel à Raser Nivea Men Peaux Sensibles - 200ml","p":2.52,"u":"12,60 €/L","img":"https://fd3-photos.leclercdrive.fr/image.ashx?id=2945724&use=l&cat=p&typeid=i","cat":284617},{"id":50365,"n":"Moelleux Pépites Choco GERBLE  sans sucre - 196g","p":2.87,"u":"14,64 €/KG","img":"https://fd3-photos.leclercdrive.fr/image.ashx?id=2812705&use=l&cat=p&typeid=i","cat":318653},{"id":50399,"n":"Haricots noirs Notre Jardin Alubias Marca Guia - 850g","p":1.65,"u":"1,94 €/KG","img":"https://fd3-photos.leclercdrive.fr/image.ashx?id=1964573&use=l&cat=p&typeid=i","cat":312606},{"id":50400,"n":"Haricots Notre jardin Alubia canela Marca Guia - 850g","p":1.65,"u":"1,94 €/KG","img":"https://fd3-photos.leclercdrive.fr/image.ashx?id=1962849&use=l&cat=p&typeid=i","cat":312606},{"id":50401,"n":"Haricots cornille Notre jardin Marca Guia - 850g","p":1.65,"u":"1,94 €/KG","img":"https://fd3-photos.leclercdrive.fr/image.ashx?id=1962846&use=l&cat=p&typeid=i","cat":312606},{"id":50405,"n":"Encornets en sauce Pêche Océan 120g","p":1.46,"u":"12,17 €/KG","img":"https://fd3-photos.leclercdrive.fr/image.ashx?id=2304851&use=l&cat=p&typeid=i","cat":289009},{"id":50407,"n":"Lupins Rustica Pot - 500g","p":1.45,"u":"2,90 €/KG","img":"https://fd3-photos.leclercdrive.fr/image.ashx?id=1962813&use=l&cat=p&typeid=i","cat":312611},{"id":50415,"n":"Pâtes Pevides Turini 250g","p":0.58,"u":"2,32 €/KG","img":"https://fd3-photos.leclercdrive.fr/image.ashx?id=2578508&use=l&cat=p&typeid=i","cat":289009},{"id":50418,"n":"Moutarde Rustica Marca Guia Typique Portugal - 250g","p":1.05,"u":"4,20 €/KG","img":"https://fd3-photos.leclercdrive.fr/image.ashx?id=2304906&use=l&cat=p&typeid=i","cat":289009},{"id":50419,"n":"Mayonnaise Rustica Marca Guia Typique Portugal - 225ml","p":1.32,"u":"5,87 €/L","img":"https://fd3-photos.leclercdrive.fr/image.ashx?id=2304902&use=l&cat=p&typeid=i","cat":289009},{"id":50432,"n":"Pain Campagnard GERBLE  Sans gluten - 350g","p":4.33,"u":"12,37 €/KG","img":"https://fd3-photos.leclercdrive.fr/image.ashx?id=2662829&use=l&cat=p&typeid=i","cat":325069},{"id":50433,"n":"Sauce piquante Rustica Marca Guia Piri  piri - 200ml","p":0.9,"u":"4,50 €/L","img":"https://fd3-photos.leclercdrive.fr/image.ashx?id=1962867&use=l&cat=p&typeid=i","cat":289009},{"id":50446,"n":"Aiguilette Poulet Blanc S/Atm Les Accessibles - 500g","p":6.5,"u":"13,00 €/KG","img":"https://fd3-photos.leclercdrive.fr/image.ashx?id=2831978&use=l&cat=p&typeid=i","cat":284336},{"id":50458,"n":"Fromage Roucoulons Fromagerie Milleret- 220g","p":2.72,"u":"12,36 €/KG","img":"https://fd3-photos.leclercdrive.fr/image.ashx?id=2450922&use=l&cat=p&typeid=i","cat":329558},{"id":50485,"n":"Sirop Frucci Sans sucres - 75cl","p":2.39,"u":"3,19 €/L","img":"https://fd3-photos.leclercdrive.fr/image.ashx?id=2956735&use=l&cat=p&typeid=i","cat":295020},{"id":50491,"n":"Bière blanche Hoegaarden 4,9% - 6x25cl","p":4.56,"u":"3,04 €/L","img":"https://fd3-photos.leclercdrive.fr/image.ashx?id=2963922&use=l&cat=p&typeid=i","cat":334878},{"id":50493,"n":"Détacheur graisse Dr Beckman 50ml","p":1.57,"u":"31,40 €/L","img":"https://fd3-photos.leclercdrive.fr/image.ashx?id=3011797&use=l&cat=p&typeid=i","cat":284651},{"id":50532,"n":"Crème Visage Jour Nivea Anti-rides Q10 Energy - 50ml","p":9.33,"u":"186,60 €/L","img":"https://fd3-photos.leclercdrive.fr/image.ashx?id=2836076&use=l&cat=p&typeid=i","cat":325345},{"id":50548,"n":"Lait de croissance Lactel Nature - 6x1L","p":11.2,"u":"1,87 €/L","img":"https://fd3-photos.leclercdrive.fr/image.ashx?id=2927438&use=l&cat=p&typeid=i","cat":284728},{"id":50568,"n":"Eau aromatisée Cristaline Jus de pêche - 1.5L","p":1.14,"u":"0,76 €/L","img":"https://fd3-photos.leclercdrive.fr/image.ashx?id=2344615&use=l&cat=p&typeid=i","cat":284537},{"id":50569,"n":"Boisson aromatisée Cristaline Jus de fruits tropical - 1.5L","p":1.23,"u":"0,82 €/L","img":"https://fd3-photos.leclercdrive.fr/image.ashx?id=2344618&use=l&cat=p&typeid=i","cat":284537},{"id":50570,"n":"Eau aromatisée Cristaline Fraise - 1.5L","p":1.12,"u":"0,75 €/L","img":"https://fd3-photos.leclercdrive.fr/image.ashx?id=2417255&use=l&cat=p&typeid=i","cat":284537},{"id":50572,"n":"Boisson Cristaline aromatisée Fraise - 6x50cl","p":3.96,"u":"1,32 €/L","img":"https://fd3-photos.leclercdrive.fr/image.ashx?id=2344627&use=l&cat=p&typeid=i","cat":284537},{"id":50582,"n":"Asperges vertes Rochefontaine 100g","p":2.43,"u":"24,30 €/KG","img":"https://fd3-photos.leclercdrive.fr/image.ashx?id=2170439&use=l&cat=p&typeid=i","cat":312611},{"id":50585,"n":"Haricots verts d'aucy  Extra-fins - 440g","p":1.72,"u":"3,91 €/KG","img":"https://fd3-photos.leclercdrive.fr/image.ashx?id=2527370&use=l&cat=p&typeid=i","cat":312606},{"id":50590,"n":"Lentilles préparées D'aucy  530g","p":1.6,"u":"3,02 €/KG","img":"https://fd3-photos.leclercdrive.fr/image.ashx?id=2560597&use=l&cat=p&typeid=i","cat":312609},{"id":50592,"n":"Pois chiches Sultanines 265g","p":1.03,"u":"3,89 €/KG","img":"https://fd3-photos.leclercdrive.fr/image.ashx?id=1920223&use=l&cat=p&typeid=i","cat":312609},{"id":50596,"n":"Dentifrice Bio Vademecum Protection complète - 75ml","p":2.97,"u":"39,60 €/L","img":"https://fd3-photos.leclercdrive.fr/image.ashx?id=2520102&use=l&cat=p&typeid=i","cat":284612},{"id":50599,"n":"Crème soyeuse Bio Lait d'anesse So'Bio Etic - 50 ml","p":6.95,"u":"139,00 €/L","img":"https://fd3-photos.leclercdrive.fr/image.ashx?id=2906463&use=l&cat=p&typeid=i","cat":325345},{"id":50600,"n":"Crème onctueuse lait d'anesse Bio - So'Bio Etic - 50 ml","p":6.95,"u":"139,00 €/L","img":"https://fd3-photos.leclercdrive.fr/image.ashx?id=2909062&use=l&cat=p&typeid=i","cat":325345},{"id":50604,"n":"Lotion micellaire So Bio Etic Aloe vera bio - 500 ml","p":5.17,"u":"10,34 €/L","img":"https://fd3-photos.leclercdrive.fr/image.ashx?id=2493508&use=l&cat=p&typeid=i","cat":284603},{"id":50609,"n":"Savon crème lait d'anesse SoBIO Distrinat bio - 100g","p":2.5,"u":"25,00 €/KG","img":"https://fd3-photos.leclercdrive.fr/image.ashx?id=2494728&use=l&cat=p&typeid=i","cat":284597},{"id":50626,"n":"AOC Saint-Émilion vin rouge Chantet Blanet - 37,5cl","p":4.79,"u":"12,77 €/L","img":"https://fd3-photos.leclercdrive.fr/image.ashx?id=2805981&use=l&cat=p&typeid=i","cat":289556},{"id":50640,"n":"IGP Méditerranée vin rosé Terres Ocrées 12.5% vol BIB 5L","p":12.99,"u":"2,60 €/L","img":"https://fd3-photos.leclercdrive.fr/image.ashx?id=2883318&use=l&cat=p&typeid=i","cat":289560},{"id":50659,"n":"Confisuc gelée Saint Louis 1kg","p":3.31,"u":"3,31 €/KG","img":"https://fd3-photos.leclercdrive.fr/image.ashx?id=1943688&use=l&cat=p&typeid=i","cat":284502},{"id":50662,"n":"Chocolat en poudre Nesquik Extra Choco - 600g","p":5.2,"u":"8,67 €/KG","img":"https://fd3-photos.leclercdrive.fr/image.ashx?id=3004438&use=l&cat=p&typeid=i","cat":293235},{"id":50673,"n":"Financier amandes Bonne Maman 250g","p":3.47,"u":"13,88 €/KG","img":"https://fd3-photos.leclercdrive.fr/image.ashx?id=2936176&use=l&cat=p&typeid=i","cat":284492},{"id":50674,"n":"Quatre quarts Bonne Maman 500g","p":3.05,"u":"6,10 €/KG","img":"https://fd3-photos.leclercdrive.fr/image.ashx?id=2936158&use=l&cat=p&typeid=i","cat":294776},{"id":50675,"n":"Gâteau Bonne Maman  Marbré chocolat - 475g","p":3.24,"u":"6,82 €/KG","img":"https://fd3-photos.leclercdrive.fr/image.ashx?id=2936161&use=l&cat=p&typeid=i","cat":294776},{"id":50678,"n":"IGP Vinaigre balsamique Modène Maille - 75cl","p":4.84,"u":"6,45 €/L","img":"https://fd3-photos.leclercdrive.fr/image.ashx?id=2805666&use=l&cat=p&typeid=i","cat":298543},{"id":50680,"n":"Barre Chocolatée KINDER Country  Céréales chocolat x15 - 352,5g","p":4.77,"u":"13,55 €/KG","img":"https://fd3-photos.leclercdrive.fr/image.ashx?id=2231903&use=l&cat=p&typeid=i","cat":284498},{"id":50682,"n":"Gâteau Ker Cadélac Le Moelleux Original - 500g","p":2.58,"u":"5,16 €/KG","img":"https://fd3-photos.leclercdrive.fr/image.ashx?id=2955797&use=l&cat=p&typeid=i","cat":294776},{"id":50686,"n":"Compotes Pom'Potes Gourdes  Multivariétés Inédits - 12x90g","p":5.57,"u":"5,16 €/KG","img":"https://fd3-photos.leclercdrive.fr/image.ashx?id=2864303&use=l&cat=p&typeid=i","cat":284508},{"id":50687,"n":"Compotes Pom'Potes Gourdes  Multivariétés Inédits - 12x90g","p":6.13,"u":"5,68 €/KG","img":"https://fd3-photos.leclercdrive.fr/image.ashx?id=3010924&use=l&cat=p&typeid=i","cat":284508},{"id":50688,"n":"Pains au chocolat Pasquier  x16 - 720g","p":4.4,"u":"6,11 €/KG","img":"https://fd3-photos.leclercdrive.fr/image.ashx?id=2686837&use=l&cat=p&typeid=i","cat":296366},{"id":50690,"n":"Brioche tressée Pasquier Tranchée nature - 500g","p":2.81,"u":"5,62 €/KG","img":"https://fd3-photos.leclercdrive.fr/image.ashx?id=2978706&use=l&cat=p&typeid=i","cat":284478},{"id":50698,"n":"Chocolat napolitain Villars Mignonnettes - 500g","p":13.94,"u":"27,88 €/KG","img":"https://fd3-photos.leclercdrive.fr/image.ashx?id=2464306&use=l&cat=p&typeid=i","cat":284499},{"id":50701,"n":"Sel de mer Gros La Baleine iodé- 1kg","p":0.72,"u":"0,72 €/KG","img":"https://fd3-photos.leclercdrive.fr/image.ashx?id=2681029&use=l&cat=p&typeid=i","cat":284457},{"id":50703,"n":"Mini canapés nature Jacquet - 255g","p":1.35,"u":"5,29 €/KG","img":"https://fd3-photos.leclercdrive.fr/image.ashx?id=2894794&use=l&cat=p&typeid=i","cat":285454},{"id":50705,"n":"Toasts ronds nature Jacquet - 250g","p":1.37,"u":"5,48 €/KG","img":"https://fd3-photos.leclercdrive.fr/image.ashx?id=2979602&use=l&cat=p&typeid=i","cat":285454},{"id":50706,"n":"Toasts foie gras ronds Jacquet - 250g","p":1.36,"u":"5,44 €/KG","img":"https://fd3-photos.leclercdrive.fr/image.ashx?id=2979599&use=l&cat=p&typeid=i","cat":285454},{"id":50710,"n":"Chocolats  Lindt Mignonnettes - 500g","p":13.47,"u":"26,94 €/KG","img":"https://fd3-photos.leclercdrive.fr/image.ashx?id=2209197&use=l&cat=p&typeid=i","cat":284499},{"id":50712,"n":"Biscuits Choco Pause Milka Chocolat au lait - 260g","p":1.55,"u":"5,96 €/KG","img":"https://fd3-photos.leclercdrive.fr/image.ashx?id=2192572&use=l&cat=p&typeid=i","cat":284488},{"id":50713,"n":"Biscuits Oreo Vanille / chocolat blanc - 246g","p":2.45,"u":"9,96 €/KG","img":"https://fd3-photos.leclercdrive.fr/image.ashx?id=2989447&use=l&cat=p&typeid=i","cat":284488},{"id":50714,"n":"Biscottes Heudebert  Goût brioché - 290g","p":1.69,"u":"5,83 €/KG","img":"https://fd3-photos.leclercdrive.fr/image.ashx?id=3001979&use=l&cat=p&typeid=i","cat":284479},{"id":50715,"n":"Biscottes Gourmande Pelletier Goût brioché - 260g","p":2.39,"u":"9,19 €/KG","img":"https://fd3-photos.leclercdrive.fr/image.ashx?id=2961825&use=l&cat=p&typeid=i","cat":284479},{"id":50717,"n":"Gâche tranchée La Fournée Dorée Pépites de chocolat - 500g","p":3.15,"u":"6,30 €/KG","img":"https://fd3-photos.leclercdrive.fr/image.ashx?id=2347035&use=l&cat=p&typeid=i","cat":284478},{"id":50721,"n":"Cuisse de poulet blanc 1kg","p":3.28,"u":"3,28 €/KG","img":"https://fd3-photos.leclercdrive.fr/image.ashx?id=913549&use=l&cat=p&typeid=i","cat":284336},{"id":50736,"n":"Blancs de poulet Eco+ 4 tranches - 180g","p":1.31,"u":"7,28 €/KG","img":"https://fd3-photos.leclercdrive.fr/image.ashx?id=2683634&use=l&cat=p&typeid=i","cat":316010},{"id":50739,"n":"Bacon fumé Eco+ 12 tranches - 150g","p":1.46,"u":"9,73 €/KG","img":"https://fd3-photos.leclercdrive.fr/image.ashx?id=2837111&use=l&cat=p&typeid=i","cat":316007},{"id":50744,"n":"Cervelas Eco+ 400g","p":1.62,"u":"4,05 €/KG","img":"https://fd3-photos.leclercdrive.fr/image.ashx?id=2683637&use=l&cat=p&typeid=i","cat":316012},{"id":50767,"n":"Roti de porc Eco+ 5 tranches - 150g","p":1.79,"u":"11,93 €/KG","img":"https://fd3-photos.leclercdrive.fr/image.ashx?id=2706747&use=l&cat=p&typeid=i","cat":316009},{"id":50773,"n":"Dés de jambon Eco+ 2x100G","p":1.65,"u":"8,25 €/KG","img":"https://fd3-photos.leclercdrive.fr/image.ashx?id=2930936&use=l&cat=p&typeid=i","cat":316011},{"id":50778,"n":"Jambon qualité choix Eco+ 10 tranches - 500g","p":4.21,"u":"8,42 €/KG","img":"https://fd3-photos.leclercdrive.fr/image.ashx?id=2715010&use=l&cat=p&typeid=i","cat":316009},{"id":50802,"n":"Huile d'olive Tramier Vierge extra - 75cl","p":8.82,"u":"11,76 €/L","img":"https://fd3-photos.leclercdrive.fr/image.ashx?id=2769807&use=l&cat=p&typeid=i","cat":284453},{"id":50863,"n":"Savon verveine Petit Olivier 2x100g","p":1.7,"u":"8,50 €/KG","img":"https://fd3-photos.leclercdrive.fr/image.ashx?id=2144839&use=l&cat=p&typeid=i","cat":284597},{"id":50865,"n":"Savon rose Le Petit Olivier Savonnette extra douce - 2x100g","p":2.43,"u":"12,15 €/KG","img":"https://fd3-photos.leclercdrive.fr/image.ashx?id=2660865&use=l&cat=p&typeid=i","cat":284597},{"id":50866,"n":"Savon doux karité Petit Olivier Surgras - 250g","p":2.05,"u":"8,20 €/KG","img":"https://fd3-photos.leclercdrive.fr/image.ashx?id=2144848&use=l&cat=p&typeid=i","cat":284597},{"id":50899,"n":"Sandwich baguette Daunat XXL Poulet crudités - 230g","p":2.02,"u":"8,78 €/KG","img":"https://fd3-photos.leclercdrive.fr/image.ashx?id=2623229&use=l&cat=p&typeid=i","cat":333658},{"id":50900,"n":"Daunat baguette le Goûteux Poulet - 220g","p":2.63,"u":"11,95 €/KG","img":"https://fd3-photos.leclercdrive.fr/image.ashx?id=2623235&use=l&cat=p&typeid=i","cat":333658},{"id":50903,"n":"Rana Feuilles de lasagnes Fraîches - 250g","p":2.38,"u":"9,52 €/KG","img":"https://fd3-photos.leclercdrive.fr/image.ashx?id=2529144&use=l&cat=p&typeid=i","cat":333682},{"id":50908,"n":"Gélule bien-être foie Juvamine Artichaut/Radis noir - x50","p":3.35,"img":"https://fd3-photos.leclercdrive.fr/image.ashx?id=2785850&use=l&cat=p&typeid=i","cat":313217},{"id":50919,"n":"Emincés de boeuf Fleury Michon pommes de terre poivre - 280g","p":4.18,"u":"14,93 €/KG","img":"https://fd3-photos.leclercdrive.fr/image.ashx?id=3003299&use=l&cat=p&typeid=i","cat":333665},{"id":50955,"n":"Maison toilette chat Ptit ami  x1","p":9.9,"img":"https://fd3-photos.leclercdrive.fr/image.ashx?id=1008830&use=l&cat=p&typeid=i","cat":284682},{"id":50956,"n":"Bougies chauffe plats Ardence x25","p":2.39,"img":"https://fd3-photos.leclercdrive.fr/image.ashx?id=2635550&use=l&cat=p&typeid=i","cat":335913},{"id":50970,"n":"Plat bébé bio Good Goût bio Ratatouille - Dès 6 mois - 190g","p":2.99,"u":"15,74 €/KG","img":"https://fd3-photos.leclercdrive.fr/image.ashx?id=2579071&use=l&cat=p&typeid=i","cat":312235},{"id":50984,"n":"Soda zéro Sprink's Agrumes - 1,5L","p":0.76,"u":"0,51 €/L","img":"https://fd3-photos.leclercdrive.fr/image.ashx?id=2913724&use=l&cat=p&typeid=i","cat":284532},{"id":50990,"n":"Fruits au sirop St Mamet Ananas en morceaux - 345g","p":2.6,"u":"7,54 €/KG","img":"https://fd3-photos.leclercdrive.fr/image.ashx?id=2927309&use=l&cat=p&typeid=i","cat":284507},{"id":50991,"n":"Fruits au sirop St Mamet Ananas en tranches - 345g","p":2.96,"u":"8,58 €/KG","img":"https://fd3-photos.leclercdrive.fr/image.ashx?id=2630226&use=l&cat=p&typeid=i","cat":284507},{"id":51004,"n":"Sucre de canne Daddy Demi morceaux - 750g","p":2.12,"u":"2,83 €/KG","img":"https://fd3-photos.leclercdrive.fr/image.ashx?id=2907950&use=l&cat=p&typeid=i","cat":284502},{"id":51046,"n":"Mouchoirs blancs 3 plis Eco+ x15","p":0.97,"u":"0,06 €/P","img":"https://fd3-photos.leclercdrive.fr/image.ashx?id=2824244&use=l&cat=p&typeid=i","cat":284638},{"id":51047,"n":"Biscuits Petit Brun extra 300g","p":1.4,"u":"4,67 €/KG","img":"https://fd3-photos.leclercdrive.fr/image.ashx?id=3002264&use=l&cat=p&typeid=i","cat":284487},{"id":51048,"n":"Lentilles Notre Jardin 3x130g","p":2.09,"u":"5,36 €/KG","img":"https://fd3-photos.leclercdrive.fr/image.ashx?id=2544982&use=l&cat=p&typeid=i","cat":312609},{"id":51050,"n":"Chips Pom'lisse Barbecue - 6x30g","p":1.99,"u":"11,06 €/KG","img":"https://fd3-photos.leclercdrive.fr/image.ashx?id=2809668&use=l&cat=p&typeid=i","cat":284447},{"id":51086,"n":"Crevettes Argentine Pêche Océan sauvages rouge - 400G","p":6.99,"u":"17,48 €/KG","img":"https://fd3-photos.leclercdrive.fr/image.ashx?id=2340036&use=l&cat=p&typeid=i","cat":319787},{"id":51089,"n":"Soda Sprink's Aux agrumes - 1.5L","p":1.4,"u":"0,93 €/L","img":"https://fd3-photos.leclercdrive.fr/image.ashx?id=2913727&use=l&cat=p&typeid=i","cat":284532},{"id":51227,"n":"Papier cuisson Alfapac Naturel 10M x 0.37","p":2.35,"img":"https://fd3-photos.leclercdrive.fr/image.ashx?id=2887734&use=l&cat=p&typeid=i","cat":334134},{"id":51249,"n":"Crème brûlée La Laitière saveur vanille - 4x100g","p":3.29,"u":"8,23 €/KG","img":"https://fd3-photos.leclercdrive.fr/image.ashx?id=2624116&use=l&cat=p&typeid=i","cat":284419},{"id":51254,"n":"Eau aromatisée O'Fresh Pêche - 1.5L","p":0.91,"u":"0,61 €/L","img":"https://fd3-photos.leclercdrive.fr/image.ashx?id=2450029&use=l&cat=p&typeid=i","cat":284537},{"id":51257,"n":"Eau aromatisée O'Fresh Citron vert - 1.5L","p":0.75,"u":"0,50 €/L","img":"https://fd3-photos.leclercdrive.fr/image.ashx?id=2450038&use=l&cat=p&typeid=i","cat":284537},{"id":51265,"n":"Eau aromatisée O'Fresh Citron - 1.5L","p":0.75,"u":"0,50 €/L","img":"https://fd3-photos.leclercdrive.fr/image.ashx?id=2450041&use=l&cat=p&typeid=i","cat":284537},{"id":51268,"n":"Eau aromatisée O'Fresh Fraise - 1.5L","p":0.75,"u":"0,50 €/L","img":"https://fd3-photos.leclercdrive.fr/image.ashx?id=2450044&use=l&cat=p&typeid=i","cat":284537},{"id":51270,"n":"Tablette chocolat Côte d'Or Chocolat au lait - 3x100g","p":4.7,"u":"15,67 €/KG","img":"https://fd3-photos.leclercdrive.fr/image.ashx?id=2875561&use=l&cat=p&typeid=i","cat":284497},{"id":51271,"n":"Tablette chocolat Côte d'Or Noir extra - 3x100g","p":4.11,"u":"13,70 €/KG","img":"https://fd3-photos.leclercdrive.fr/image.ashx?id=2875564&use=l&cat=p&typeid=i","cat":284956},{"id":51274,"n":"Tablette chocolat Côte d'Or Chocolar lait/ Raisin - 180g","p":3.45,"u":"19,17 €/KG","img":"https://fd3-photos.leclercdrive.fr/image.ashx?id=2961272&use=l&cat=p&typeid=i","cat":284497},{"id":51275,"n":"Tablette chocolat Côte d'Or Chocolat lait/Noisettes - 180g","p":3.27,"u":"18,17 €/KG","img":"https://fd3-photos.leclercdrive.fr/image.ashx?id=2993140&use=l&cat=p&typeid=i","cat":284497},{"id":51276,"n":"Tablette chocolat Côte d'Or Chocolat noir/Noisettes - 180g","p":3.19,"u":"17,72 €/KG","img":"https://fd3-photos.leclercdrive.fr/image.ashx?id=2993143&use=l&cat=p&typeid=i","cat":284956},{"id":51277,"n":"Tablette chocolat Côte d'Or Chocolat noir Amandes - 180g","p":3.93,"u":"21,83 €/KG","img":"https://fd3-photos.leclercdrive.fr/image.ashx?id=2993146&use=l&cat=p&typeid=i","cat":284956},{"id":51292,"n":"Yaourts Douceur satinée Délisse Nature - 8x125g","p":2.59,"u":"2,59 €/KG","img":"https://fd3-photos.leclercdrive.fr/image.ashx?id=2932414&use=l&cat=p&typeid=i","cat":284409},{"id":51297,"n":"Compotes Andros Pomme nature - 8x100g","p":2.67,"u":"3,34 €/KG","img":"https://fd3-photos.leclercdrive.fr/image.ashx?id=2884006&use=l&cat=p&typeid=i","cat":284416},{"id":51344,"n":"Riz au lait La Laitière Rhum raisin - 4x115g","p":2.17,"u":"4,72 €/KG","img":"https://fd3-photos.leclercdrive.fr/image.ashx?id=2490455&use=l&cat=p&typeid=i","cat":284418},{"id":51346,"n":"Dessert liégeois Viennois Vanille lit de caramel - 4x100g","p":1.71,"u":"4,28 €/KG","img":"https://fd3-photos.leclercdrive.fr/image.ashx?id=2692122&use=l&cat=p&typeid=i","cat":285042},{"id":51353,"n":"Fromage Cantal jeune NRT AOP  200g","p":3.19,"u":"15,95 €/KG","img":"https://fd3-photos.leclercdrive.fr/image.ashx?id=2934832&use=l&cat=p&typeid=i","cat":314034},{"id":51361,"n":"Brassé Poire vanille Good Goût Bio Dès 6 mois - 90g","p":1.23,"u":"13,67 €/KG","img":"https://fd3-photos.leclercdrive.fr/image.ashx?id=2736178&use=l&cat=p&typeid=i","cat":312392},{"id":51392,"n":"Yaourts à la Grecque Délisse Lit de fruit jaunes - 4x150g","p":1.99,"u":"3,32 €/KG","img":"https://fd3-photos.leclercdrive.fr/image.ashx?id=2699699&use=l&cat=p&typeid=i","cat":314999},{"id":51395,"n":"Profiteroles Délisse 4x90g","p":2.49,"u":"6,92 €/KG","img":"https://fd3-photos.leclercdrive.fr/image.ashx?id=2415562&use=l&cat=p&typeid=i","cat":284419},{"id":51607,"n":"Fromage enfant Kiri Goûter 8 portions barquettes - 280g","p":3.86,"u":"13,79 €/KG","img":"https://fd3-photos.leclercdrive.fr/image.ashx?id=2972886&use=l&cat=p&typeid=i","cat":314030},{"id":51722,"n":"Bâtonnet Magic Smicy Mutlifruits x8 - 320g","p":2.51,"u":"7,84 €/KG","img":"https://fd3-photos.leclercdrive.fr/image.ashx?id=2133942&use=l&cat=p&typeid=i","cat":285250},{"id":51750,"n":"Sel fin La Baleine Iodé - 500g","p":0.58,"u":"1,16 €/KG","img":"https://fd3-photos.leclercdrive.fr/image.ashx?id=1752100&use=l&cat=p&typeid=i","cat":284457},{"id":51751,"n":"Cacolac Chocolat Canettes Pack - 6x25cl","p":4.96,"u":"3,31 €/L","img":"https://fd3-photos.leclercdrive.fr/image.ashx?id=2554623&use=l&cat=p&typeid=i","cat":295246},{"id":51822,"n":"Thé glacé Lipton Ice Tea Pêche - 4x50cl","p":5.24,"u":"2,62 €/L","img":"https://fd3-photos.leclercdrive.fr/image.ashx?id=2505471&use=l&cat=p&typeid=i","cat":295019},{"id":51839,"n":"AOC Arbois vin rouge Poulsard - 75cl","p":7.99,"u":"10,65 €/L","img":"https://fd3-photos.leclercdrive.fr/image.ashx?id=2136415&use=l&cat=p&typeid=i","cat":289556},{"id":51866,"n":"Lait Croissance Mots d'Enfants 12 à 36 mois - 6x1L","p":8.04,"u":"1,34 €/L","img":"https://fd3-photos.leclercdrive.fr/image.ashx?id=2770684&use=l&cat=p&typeid=i","cat":284728},{"id":51934,"n":"Goûter laitier Récré O'Lé Gourdes Chocolat - 12x85g","p":5.93,"u":"5,81 €/KG","img":"https://fd3-photos.leclercdrive.fr/image.ashx?id=2887035&use=l&cat=p&typeid=i","cat":284506},{"id":51935,"n":"Goûter laitier Récré O'Lé Gourdes Saveur Vanille - 12x85g","p":5.75,"u":"5,64 €/KG","img":"https://fd3-photos.leclercdrive.fr/image.ashx?id=2795213&use=l&cat=p&typeid=i","cat":284506},{"id":51957,"n":"Gel désodorisant Bien Air Marine - x1","p":1.35,"img":"https://fd3-photos.leclercdrive.fr/image.ashx?id=2466880&use=l&cat=p&typeid=i","cat":311628},{"id":51976,"n":"Boisson lactée Candy'UP Chocolat - 24x20cl","p":10.37,"u":"2,16 €/L","img":"https://fd3-photos.leclercdrive.fr/image.ashx?id=2851060&use=l&cat=p&typeid=i","cat":295246},{"id":51995,"n":"Spécialité laitière Délisse Epaisse - 7% MG - 50cl","p":1.43,"u":"2,86 €/L","img":"https://fd3-photos.leclercdrive.fr/image.ashx?id=2363802&use=l&cat=p&typeid=i","cat":284381},{"id":51996,"n":"Spécialtié laitière Délisse UHT Fluide 4%mg - 3x20cl","p":1.99,"u":"3,32 €/L","img":"https://fd3-photos.leclercdrive.fr/image.ashx?id=2909398&use=l&cat=p&typeid=i","cat":284381},{"id":51999,"n":"Spécialité laitière Délisse Semi-épaisse 4%mg - 2x25cl","p":1.9,"u":"3,80 €/L","img":"https://fd3-photos.leclercdrive.fr/image.ashx?id=1790942&use=l&cat=p&typeid=i","cat":284381},{"id":52001,"n":"Pâte à pizza fine Herta Rectangulaire - 390g","p":1.54,"u":"3,95 €/KG","img":"https://fd3-photos.leclercdrive.fr/image.ashx?id=2976110&use=l&cat=p&typeid=i","cat":333681},{"id":52003,"n":"Eau aromatisée O'Fresh Fraise - 6x50cl","p":3.0,"u":"1,00 €/L","img":"https://fd3-photos.leclercdrive.fr/image.ashx?id=2441378&use=l&cat=p&typeid=i","cat":284537},{"id":52044,"n":"Croquettes Lydog Mini chien adulte - 1.5kg","p":3.99,"u":"2,66 €/KG","img":"https://fd3-photos.leclercdrive.fr/image.ashx?id=1951079&use=l&cat=p&typeid=i","cat":294526},{"id":52071,"n":"Tortillas Table du Monde De maïs - 320g","p":1.69,"u":"5,28 €/KG","img":"https://fd3-photos.leclercdrive.fr/image.ashx?id=2679759&use=l&cat=p&typeid=i","cat":288993},{"id":52077,"n":"IGP Côtes du Tarn Gamay  Rouge Vieux Carion 12% BIB 3L","p":7.99,"u":"2,66 €/L","img":"https://fd3-photos.leclercdrive.fr/image.ashx?id=2905922&use=l&cat=p&typeid=i","cat":289560},{"id":52080,"n":"Emmental fromage rapé Les Croisés - 1kg","p":7.97,"u":"7,97 €/KG","img":"https://fd3-photos.leclercdrive.fr/image.ashx?id=2832990&use=l&cat=p&typeid=i","cat":314035},{"id":52081,"n":"Boisson à base de vin rosé  saveur fraise Festalie - 75 cl","p":2.4,"u":"3,20 €/L","img":"https://fd3-photos.leclercdrive.fr/image.ashx?id=2774903&use=l&cat=p&typeid=i","cat":304569},{"id":52082,"n":"Roulés Les Croisés Jambon fumé Fromage ail fines herbes - 100g","p":2.69,"u":"26,90 €/KG","img":"https://fd3-photos.leclercdrive.fr/image.ashx?id=2501682&use=l&cat=p&typeid=i","cat":314027},{"id":52090,"n":"Pizza Turini 3 Fromages - 3x350g","p":5.3,"u":"5,05 €/KG","img":"https://fd3-photos.leclercdrive.fr/image.ashx?id=2815247&use=l&cat=p&typeid=i","cat":284256},{"id":52093,"n":"Salade Menu Fraîcheur Lentilles aux oignons - 300g","p":1.52,"u":"5,07 €/KG","img":"https://fd3-photos.leclercdrive.fr/image.ashx?id=2645954&use=l&cat=p&typeid=i","cat":333657},{"id":52094,"n":"Poulet rôti purée Côté Table Barquette - 300g","p":2.38,"u":"7,93 €/KG","img":"https://fd3-photos.leclercdrive.fr/image.ashx?id=2624001&use=l&cat=p&typeid=i","cat":284953},{"id":52104,"n":"Gaufres P'tit Deli Poudrées - 260g","p":1.69,"u":"6,50 €/KG","img":"https://fd3-photos.leclercdrive.fr/image.ashx?id=2932417&use=l&cat=p&typeid=i","cat":294777},{"id":52105,"n":"Mini brownies chocolat  Sans gluten - 240g","p":3.24,"u":"13,50 €/KG","img":"https://fd3-photos.leclercdrive.fr/image.ashx?id=2463404&use=l&cat=p&typeid=i","cat":318654},{"id":52108,"n":"Sirop violette NRT Des Alpes-Maritimes -70cl","p":3.2,"u":"4,57 €/L","img":"https://fd3-photos.leclercdrive.fr/image.ashx?id=2590490&use=l&cat=p&typeid=i","cat":295020},{"id":52112,"n":"Jambon sec Saint Azay  4 tranches - 100g","p":2.06,"u":"20,60 €/KG","img":"https://fd3-photos.leclercdrive.fr/image.ashx?id=2869275&use=l&cat=p&typeid=i","cat":316007},{"id":52113,"n":"Jambon sec Saint Azay  8 tranches - 200g","p":4.09,"u":"20,45 €/KG","img":"https://fd3-photos.leclercdrive.fr/image.ashx?id=2872451&use=l&cat=p&typeid=i","cat":316007},{"id":52114,"n":"Fromage Emmental râpé NRT IGP de Savoie - 100g","p":1.99,"u":"19,90 €/KG","img":"https://fd3-photos.leclercdrive.fr/image.ashx?id=2771088&use=l&cat=p&typeid=i","cat":314035},{"id":52115,"n":"Ail Rustica  250g","p":3.29,"u":"13,16 €/KG","img":"https://fd3-photos.leclercdrive.fr/image.ashx?id=2341894&use=l&cat=p&typeid=i","cat":319804},{"id":52118,"n":"Persil Rustica 250g","p":3.29,"u":"13,16 €/KG","img":"https://fd3-photos.leclercdrive.fr/image.ashx?id=2835205&use=l&cat=p&typeid=i","cat":319804},{"id":52122,"n":"Limonade Sprink's Zero - 1.5L","p":0.59,"u":"0,39 €/L","img":"https://fd3-photos.leclercdrive.fr/image.ashx?id=2913681&use=l&cat=p&typeid=i","cat":284531},{"id":52125,"n":"Feuilleté glacé Tyrolia Eskiss Fruits rouges - 390g","p":2.96,"u":"7,59 €/KG","img":"https://fd3-photos.leclercdrive.fr/image.ashx?id=2660425&use=l&cat=p&typeid=i","cat":284266},{"id":52128,"n":"Dés de saumon Ronde des Mers  Fumé nature - 90g","p":4.1,"u":"45,56 €/KG","img":"https://fd3-photos.leclercdrive.fr/image.ashx?id=2966246&use=l&cat=p&typeid=i","cat":285188},{"id":52131,"n":"Filet de poulet Côté Table  Pomme de terre salardaise 300g","p":2.73,"u":"9,10 €/KG","img":"https://fd3-photos.leclercdrive.fr/image.ashx?id=2614476&use=l&cat=p&typeid=i","cat":333665},{"id":52134,"n":"Emmental -30% sel fromage bloc  Les Croisés - 200g","p":2.59,"u":"12,95 €/KG","img":"https://fd3-photos.leclercdrive.fr/image.ashx?id=2897790&use=l&cat=p&typeid=i","cat":314034},{"id":52135,"n":"Emmental -30% sel fromage râpé Les Croisés - 150g","p":1.99,"u":"13,27 €/KG","img":"https://fd3-photos.leclercdrive.fr/image.ashx?id=967643&use=l&cat=p&typeid=i","cat":314035},{"id":52136,"n":"Mozzarella Pic'Express 250g","p":2.99,"u":"11,96 €/KG","img":"https://fd3-photos.leclercdrive.fr/image.ashx?id=2678800&use=l&cat=p&typeid=i","cat":319774},{"id":52139,"n":"Confit d'oignons NRT 150g","p":1.87,"u":"12,47 €/KG","img":"https://fd3-photos.leclercdrive.fr/image.ashx?id=2839998&use=l&cat=p&typeid=i","cat":284458},{"id":52141,"n":"Bâtonnets Dentastix Pedigree Moyen chien x7 - 180g","p":2.25,"u":"12,50 €/KG","img":"https://fd3-photos.leclercdrive.fr/image.ashx?id=2981301&use=l&cat=p&typeid=i","cat":294527},{"id":52142,"n":"Bâtonnets Dentastix Pedigree Grand chien x7 - 270g","p":2.97,"u":"11,00 €/KG","img":"https://fd3-photos.leclercdrive.fr/image.ashx?id=2877046&use=l&cat=p&typeid=i","cat":294527},{"id":52143,"n":"Bâtonnets Dentastix Pedigree Petit chien x7 - 110g","p":1.77,"u":"16,09 €/KG","img":"https://fd3-photos.leclercdrive.fr/image.ashx?id=2832338&use=l&cat=p&typeid=i","cat":294527},{"id":52148,"n":"Filet de poulet Fleury Michon pommes de terre - 300g","p":3.22,"u":"10,73 €/KG","img":"https://fd3-photos.leclercdrive.fr/image.ashx?id=2656754&use=l&cat=p&typeid=i","cat":333665},{"id":52156,"n":"Pomme Jonagored  1p","p":0.7,"img":"https://fd3-photos.leclercdrive.fr/image.ashx?id=2869743&use=l&cat=p&typeid=i","cat":284356},{"id":52157,"n":"Pomme Boskoop 1p","p":0.55,"img":"https://fd3-photos.leclercdrive.fr/image.ashx?id=1628406&use=l&cat=p&typeid=i","cat":284356},{"id":52170,"n":"Amandes effilées Vahiné 125g","p":3.84,"u":"30,72 €/KG","img":"https://fd3-photos.leclercdrive.fr/image.ashx?id=2490575&use=l&cat=p&typeid=i","cat":284504},{"id":52171,"n":"Noix de coco Vahiné  Râpée - 115g","p":1.94,"u":"16,87 €/KG","img":"https://fd3-photos.leclercdrive.fr/image.ashx?id=2559811&use=l&cat=p&typeid=i","cat":284504},{"id":52172,"n":"Noisettes en poudre Vahiné 100g","p":3.43,"u":"34,30 €/KG","img":"https://fd3-photos.leclercdrive.fr/image.ashx?id=2559823&use=l&cat=p&typeid=i","cat":284504},{"id":52174,"n":"Raisins blond Vahiné  125g","p":1.66,"u":"13,28 €/KG","img":"https://fd3-photos.leclercdrive.fr/image.ashx?id=2606253&use=l&cat=p&typeid=i","cat":284357},{"id":52175,"n":"Raisins secs Vahiné  125g","p":1.67,"u":"13,36 €/KG","img":"https://fd3-photos.leclercdrive.fr/image.ashx?id=2559820&use=l&cat=p&typeid=i","cat":284357},{"id":52176,"n":"Cerneaux de noix Vahiné 50g","p":1.68,"u":"33,60 €/KG","img":"https://fd3-photos.leclercdrive.fr/image.ashx?id=2606247&use=l&cat=p&typeid=i","cat":284504},{"id":52177,"n":"Pignons de pin Vahiné 50g","p":3.81,"u":"76,20 €/KG","img":"https://fd3-photos.leclercdrive.fr/image.ashx?id=2559799&use=l&cat=p&typeid=i","cat":284357},{"id":52247,"n":"Spray racine Magic Retouch 6 Chatain/acajou - 75ml","p":9.13,"u":"121,73 €/L","img":"https://fd3-photos.leclercdrive.fr/image.ashx?id=2618011&use=l&cat=p&typeid=i","cat":288899},{"id":52248,"n":"Spray racine Magic Retouch 5 Blond - 75ml","p":8.97,"u":"119,60 €/L","img":"https://fd3-photos.leclercdrive.fr/image.ashx?id=2597193&use=l&cat=p&typeid=i","cat":288899},{"id":52250,"n":"Spray Coloration L'Oréal Paris Magic Retouch Châtain","p":8.97,"u":"119,60 €/L","img":"https://fd3-photos.leclercdrive.fr/image.ashx?id=2586426&use=l&cat=p&typeid=i","cat":288899},{"id":52251,"n":"Spray retouche L'Oréal Paris Magic Retouch Châtain Foncé","p":8.33,"u":"111,07 €/L","img":"https://fd3-photos.leclercdrive.fr/image.ashx?id=2586423&use=l&cat=p&typeid=i","cat":288899},{"id":52254,"n":"IGP Comté Tolosan vin blanc Bernard Cordelier - 75 cl","p":1.99,"u":"2,65 €/L","img":"https://fd3-photos.leclercdrive.fr/image.ashx?id=2905198&use=l&cat=p&typeid=i","cat":289557},{"id":52335,"n":"Sauce tomate cuisinée Panzani Tube légumes - 180g","p":0.99,"u":"5,50 €/KG","img":"https://fd3-photos.leclercdrive.fr/image.ashx?id=2984751&use=l&cat=p&typeid=i","cat":288384},{"id":52362,"n":"Biscuit sablé Beurre Gerblé Sans Gluten - 160g","p":3.06,"u":"17,49 €/KG","img":"https://fd3-photos.leclercdrive.fr/image.ashx?id=2662823&use=l&cat=p&typeid=i","cat":318654},{"id":52367,"n":"Whisky Ballantine's Finest Blended Scotch 40% vol - 1,5L","p":32.22,"u":"21,48 €/L","img":"https://fd3-photos.leclercdrive.fr/image.ashx?id=3000833&use=l&cat=p&typeid=i","cat":284547},{"id":52369,"n":"AOP Blaye Côtes de Bordeaux rouge Bio Nos Racines - 75cl","p":6.39,"u":"8,52 €/L","img":"https://fd3-photos.leclercdrive.fr/image.ashx?id=2312091&use=l&cat=p&typeid=i","cat":289556},{"id":52370,"n":"AOP Bordeaux supérieur rouge Bio Nos Racines - 75cl","p":6.45,"u":"8,60 €/L","img":"https://fd3-photos.leclercdrive.fr/image.ashx?id=2312094&use=l&cat=p&typeid=i","cat":289556},{"id":52388,"n":"Crème anti-âge So Bio Etic Plaisir d'argan bio - 50ml","p":8.69,"u":"173,80 €/L","img":"https://fd3-photos.leclercdrive.fr/image.ashx?id=2988587&use=l&cat=p&typeid=i","cat":325345},{"id":52389,"n":"Gelée nuit anti âge So Bio Etic Argan bio - 40ml","p":8.07,"u":"201,75 €/L","img":"https://fd3-photos.leclercdrive.fr/image.ashx?id=2494734&use=l&cat=p&typeid=i","cat":325345},{"id":52392,"n":"Contour yeux lèvres So Bio Etic Anti-âge Argan bio - 15ml","p":7.77,"u":"518,00 €/L","img":"https://fd3-photos.leclercdrive.fr/image.ashx?id=2494740&use=l&cat=p&typeid=i","cat":325345},{"id":52412,"n":"Poélée Parisienne D'Aucy 2x580g","p":4.69,"u":"4,04 €/KG","img":"https://fd3-photos.leclercdrive.fr/image.ashx?id=2197558&use=l&cat=p&typeid=i","cat":312612},{"id":52539,"n":"Pur jus de citron Jardin Bio Bio - 50cl","p":2.94,"u":"5,88 €/L","img":"https://fd3-photos.leclercdrive.fr/image.ashx?id=3014524&use=l&cat=p&typeid=i","cat":288383},{"id":52540,"n":"Pur jus de citron Jardin Bio Bio - 25cl","p":1.83,"u":"7,32 €/L","img":"https://fd3-photos.leclercdrive.fr/image.ashx?id=2673745&use=l&cat=p&typeid=i","cat":288383},{"id":52582,"n":"Sauce Bolognaise Panzani - 210G","p":1.36,"u":"6,48 €/KG","img":"https://fd3-photos.leclercdrive.fr/image.ashx?id=2977927&use=l&cat=p&typeid=i","cat":287599},{"id":52625,"n":"Sauce Pommes de Terre Bénédicta - 255g","p":1.51,"u":"5,81 €/KG","img":"https://fd3-photos.leclercdrive.fr/image.ashx?id=2689925&use=l&cat=p&typeid=i","cat":318430},{"id":52628,"n":"Sauce cocktail Bénédicta  - 260g","p":1.5,"u":"5,77 €/KG","img":"https://fd3-photos.leclercdrive.fr/image.ashx?id=2689928&use=l&cat=p&typeid=i","cat":318430},{"id":52631,"n":"Sauce Béarnaise Bénédicta - 260g","p":1.35,"u":"5,19 €/KG","img":"https://fd3-photos.leclercdrive.fr/image.ashx?id=2689931&use=l&cat=p&typeid=i","cat":318430},{"id":52632,"n":"Sauce au Poivre Bénédicta - 260g","p":1.44,"u":"5,54 €/KG","img":"https://fd3-photos.leclercdrive.fr/image.ashx?id=2689937&use=l&cat=p&typeid=i","cat":318430},{"id":52673,"n":"Fromage Burger cheddar/emmental Président - 12 tranches - 200g","p":1.53,"u":"7,65 €/KG","img":"https://fd3-photos.leclercdrive.fr/image.ashx?id=2445024&use=l&cat=p&typeid=i","cat":314028},{"id":52679,"n":"Fromage cabecou Rians 22%mg - 3x35g","p":2.4,"u":"22,86 €/KG","img":"https://fd3-photos.leclercdrive.fr/image.ashx?id=2668455&use=l&cat=p&typeid=i","cat":314031},{"id":52688,"n":"Burrata Di Andria IGP  Tradizioni d'italia - 200g","p":4.79,"u":"23,95 €/KG","img":"https://fd3-photos.leclercdrive.fr/image.ashx?id=2904025&use=l&cat=p&typeid=i","cat":314026},{"id":52704,"n":"Emmental Président 400g","p":4.82,"u":"12,05 €/KG","img":"https://fd3-photos.leclercdrive.fr/image.ashx?id=2752945&use=l&cat=p&typeid=i","cat":314034},{"id":52705,"n":"Bonbon Fili-tubs fraise Lutti  - 200g","p":1.81,"u":"9,05 €/KG","img":"https://fd3-photos.leclercdrive.fr/image.ashx?id=1750952&use=l&cat=p&typeid=i","cat":304250},{"id":52714,"n":"IGP Cancoillotte Ail Bio La Belle Etoile - 200g","p":2.98,"u":"14,90 €/KG","img":"https://fd3-photos.leclercdrive.fr/image.ashx?id=2862278&use=l&cat=p&typeid=i","cat":314037},{"id":52720,"n":"Essuie-tout blanc Mimosa Super absorbant - x3 compacts","p":3.99,"u":"1,33 €/P","img":"https://fd3-photos.leclercdrive.fr/image.ashx?id=2727401&use=l&cat=p&typeid=i","cat":284635},{"id":52757,"n":"Biscuits sablés Granola Chocolat au lait - 2x200g","p":2.73,"u":"6,83 €/KG","img":"https://fd3-photos.leclercdrive.fr/image.ashx?id=2347275&use=l&cat=p&typeid=i","cat":284488},{"id":52773,"n":"Céréales Crousti avoine Bjorg Chocolat  bio - 500g","p":4.69,"u":"9,38 €/KG","img":"https://fd3-photos.leclercdrive.fr/image.ashx?id=2906184&use=l&cat=p&typeid=i","cat":318651},{"id":52797,"n":"AOP Parmigiano Reggiano Tradizioni d'Italia - 60g","p":1.9,"u":"31,67 €/KG","img":"https://fd3-photos.leclercdrive.fr/image.ashx?id=2904028&use=l&cat=p&typeid=i","cat":314035},{"id":52809,"n":"Fromage raclette Les Croisés 28%mg - 800g","p":7.39,"u":"9,24 €/KG","img":"https://fd3-photos.leclercdrive.fr/image.ashx?id=2969761&use=l&cat=p&typeid=i","cat":314037},{"id":52818,"n":"Fromage à tartiner Boursin Figue et 3 noix - 150g","p":2.37,"u":"15,80 €/KG","img":"https://fd3-photos.leclercdrive.fr/image.ashx?id=2962062&use=l&cat=p&typeid=i","cat":314029},{"id":52819,"n":"Fromage Gruyère râpé IGP NRT 150g","p":2.23,"u":"14,87 €/KG","img":"https://fd3-photos.leclercdrive.fr/image.ashx?id=2771085&use=l&cat=p&typeid=i","cat":314035},{"id":52824,"n":"Vin blanc  Pinot Gris - 75cl","p":7.13,"u":"9,51 €/L","img":"https://fd3-photos.leclercdrive.fr/image.ashx?id=1552543&use=l&cat=p&typeid=i","cat":289557},{"id":52933,"n":"Piles Long Lasting Duracell CR2025  Lithium 3V - x2","p":5.83,"u":"2,92 €/P","img":"https://fd3-photos.leclercdrive.fr/image.ashx?id=2831399&use=l&cat=p&typeid=i","cat":300572},{"id":52951,"n":"Café dosettes Tassimo Thé vert menthe x16","p":4.74,"u":"118,50 €/KG","img":"https://fd3-photos.leclercdrive.fr/image.ashx?id=2100368&use=l&cat=p&typeid=i","cat":293233},{"id":52958,"n":"Café dosettes Tassimo L'Or Espresso Classique x16","p":4.46,"u":"42,88 €/KG","img":"https://fd3-photos.leclercdrive.fr/image.ashx?id=2507335&use=l&cat=p&typeid=i","cat":293240},{"id":52961,"n":"Gnocchi Bio Village Bio - 300g","p":2.18,"u":"7,27 €/KG","img":"https://fd3-photos.leclercdrive.fr/image.ashx?id=2607960&use=l&cat=p&typeid=i","cat":333682},{"id":52962,"n":"Biscuits fourrés Prince Chocolat - 300g","p":1.35,"u":"4,50 €/KG","img":"https://fd3-photos.leclercdrive.fr/image.ashx?id=3014638&use=l&cat=p&typeid=i","cat":284488},{"id":52964,"n":"Essuie-tout blanc Mimosa Super absorbant - x4 compacts","p":4.95,"u":"1,24 €/P","img":"https://fd3-photos.leclercdrive.fr/image.ashx?id=2727398&use=l&cat=p&typeid=i","cat":284635},{"id":53032,"n":"Essuie-tout décoré Mimosa x3 compacts","p":3.82,"u":"1,27 €/P","img":"https://fd3-photos.leclercdrive.fr/image.ashx?id=2764140&use=l&cat=p&typeid=i","cat":284635},{"id":53064,"n":"Eponges grattantes Mamison  Vaisselle délicate - x2","p":1.26,"u":"0,63 €/P","img":"https://fd3-photos.leclercdrive.fr/image.ashx?id=2202440&use=l&cat=p&typeid=i","cat":284667},{"id":53065,"n":"Eponges grattantes Mamison  Récurage difficile - x2","p":1.27,"u":"0,64 €/P","img":"https://fd3-photos.leclercdrive.fr/image.ashx?id=2207733&use=l&cat=p&typeid=i","cat":284667},{"id":53067,"n":"Recharge désodorisant Bien Air  Floral - 15ml","p":1.55,"u":"103,33 €/L","img":"https://fd3-photos.leclercdrive.fr/image.ashx?id=2467655&use=l&cat=p&typeid=i","cat":311629},{"id":53116,"n":"Rhum blanc agricole Damoiseau 50%vol - 1L","p":18.98,"u":"18,98 €/L","img":"https://fd3-photos.leclercdrive.fr/image.ashx?id=2021214&use=l&cat=p&typeid=i","cat":284550},{"id":53135,"n":"Crozets de Savoie NRT Nature - 400g","p":2.35,"u":"5,88 €/KG","img":"https://fd3-photos.leclercdrive.fr/image.ashx?id=2856226&use=l&cat=p&typeid=i","cat":284427},{"id":53150,"n":"Barquette chat Sheba  Volaille en sauce - 12x85g","p":6.0,"u":"5,88 €/KG","img":"https://fd3-photos.leclercdrive.fr/image.ashx?id=2759640&use=l&cat=p&typeid=i","cat":285286},{"id":53162,"n":"Roucoulons Fromagerie Milleret Offre Plaisir - 220g","p":2.72,"u":"12,36 €/KG","img":"https://fd3-photos.leclercdrive.fr/image.ashx?id=1884397&use=l&cat=p&typeid=i","cat":329558},{"id":53165,"n":"Lomo Saint Azay 100g","p":2.69,"u":"26,90 €/KG","img":"https://fd3-photos.leclercdrive.fr/image.ashx?id=2453192&use=l&cat=p&typeid=i","cat":316007},{"id":53167,"n":"Gaufres liégoise P'tit Déli Nappée chocolat - x7 - 402g","p":2.61,"u":"6,49 €/KG","img":"https://fd3-photos.leclercdrive.fr/image.ashx?id=1965560&use=l&cat=p&typeid=i","cat":294777},{"id":53168,"n":"Snacks chats Tous mes amis Hygiène dentaire mini - 40g","p":0.99,"u":"24,75 €/KG","img":"https://fd3-photos.leclercdrive.fr/image.ashx?id=985880&use=l&cat=p&typeid=i","cat":285285},{"id":53170,"n":"Dés fromage de Brebis Herbes de Provence Les Croisés - 300g","p":2.83,"u":"9,43 €/KG","img":"https://fd3-photos.leclercdrive.fr/image.ashx?id=2900531&use=l&cat=p&typeid=i","cat":314027},{"id":53289,"n":"Gel Douche Cottage Monoi - 560ml","p":2.6,"u":"4,64 €/L","img":"https://fd3-photos.leclercdrive.fr/image.ashx?id=2063416&use=l&cat=p&typeid=i","cat":284594},{"id":53396,"n":"Yaourt nature bifidus Activia 4x125g","p":1.39,"u":"2,78 €/KG","img":"https://fd3-photos.leclercdrive.fr/image.ashx?id=2885944&use=l&cat=p&typeid=i","cat":315000},{"id":53412,"n":"Activateur biologique Eparcyl  Fosse septique - 864g x24","p":6.33,"u":"7,33 €/KG","img":"https://fd3-photos.leclercdrive.fr/image.ashx?id=2890085&use=l&cat=p&typeid=i","cat":284908},{"id":53431,"n":"Chocolat lait Tablette d'Or 100g","p":1.36,"u":"13,60 €/KG","img":"https://fd3-photos.leclercdrive.fr/image.ashx?id=2943088&use=l&cat=p&typeid=i","cat":284497},{"id":53432,"n":"Cidre normand Les Goelleries Doux, 2% - 2x75cl","p":4.84,"u":"3,23 €/L","img":"https://fd3-photos.leclercdrive.fr/image.ashx?id=2856540&use=l&cat=p&typeid=i","cat":334880},{"id":53465,"n":"Biscuit petit beurre P'tit Déli Chocolat lait 48% - 125g","p":1.49,"u":"11,92 €/KG","img":"https://fd3-photos.leclercdrive.fr/image.ashx?id=2846520&use=l&cat=p&typeid=i","cat":284488},{"id":53469,"n":"Cidre breton Les Goelleries Doux, 2%vol - 2x75cl","p":4.84,"u":"3,23 €/L","img":"https://fd3-photos.leclercdrive.fr/image.ashx?id=2856534&use=l&cat=p&typeid=i","cat":334880},{"id":53470,"n":"Cidre breton Les Goelleries Brut, 5%vol - 2x75cl","p":4.82,"u":"3,21 €/L","img":"https://fd3-photos.leclercdrive.fr/image.ashx?id=2856531&use=l&cat=p&typeid=i","cat":334880},{"id":53479,"n":"AOP Côtes du Rhône rouge Vieille Vignes - 75cl","p":3.69,"u":"4,92 €/L","img":"https://fd3-photos.leclercdrive.fr/image.ashx?id=2967576&use=l&cat=p&typeid=i","cat":289556},{"id":53508,"n":"Fine chapelure de pain Tipiak 275g","p":0.61,"u":"2,22 €/KG","img":"https://fd3-photos.leclercdrive.fr/image.ashx?id=2594124&use=l&cat=p&typeid=i","cat":288382},{"id":53590,"n":"Tablette chocolat Côte d'Or Lait noisettes entières-2x180g","p":6.01,"u":"16,69 €/KG","img":"https://fd3-photos.leclercdrive.fr/image.ashx?id=2944422&use=l&cat=p&typeid=i","cat":284497},{"id":53597,"n":"AIRWICK Essential Mist Recharge  Fleur de citronnier - 250ml","p":5.01,"u":"250,50 €/L","img":"https://fd3-photos.leclercdrive.fr/image.ashx?id=2864354&use=l&cat=p&typeid=i","cat":311629},{"id":53601,"n":"Recharge spray Bien Air Vanille ambré automatique 250ml","p":2.39,"u":"9,56 €/L","img":"https://fd3-photos.leclercdrive.fr/image.ashx?id=2991136&use=l&cat=p&typeid=i","cat":311629},{"id":53606,"n":"Salade Mexicaine Côté Snack Au thon - 250g","p":1.9,"u":"7,60 €/KG","img":"https://fd3-photos.leclercdrive.fr/image.ashx?id=2884255&use=l&cat=p&typeid=i","cat":284437},{"id":53607,"n":"Salade Piémontaise Côté Snack Thon - 250g","p":1.9,"u":"7,60 €/KG","img":"https://fd3-photos.leclercdrive.fr/image.ashx?id=2868319&use=l&cat=p&typeid=i","cat":284437},{"id":53660,"n":"Rôti de boeuf Fleury Michon Doré au four x4 - 120g","p":3.93,"u":"32,75 €/KG","img":"https://fd3-photos.leclercdrive.fr/image.ashx?id=2313825&use=l&cat=p&typeid=i","cat":316009},{"id":53669,"n":"Assortiment Justin Bridou  4 charcuteries - 260g","p":5.71,"u":"21,96 €/KG","img":"https://fd3-photos.leclercdrive.fr/image.ashx?id=2770783&use=l&cat=p&typeid=i","cat":316007},{"id":53776,"n":"Brioche tressée Pasquier Nature - 630g","p":2.77,"u":"4,40 €/KG","img":"https://fd3-photos.leclercdrive.fr/image.ashx?id=2850946&use=l&cat=p&typeid=i","cat":284478},{"id":53777,"n":"Brioche tressée Pasquier  Pépites - 630g","p":2.85,"u":"4,52 €/KG","img":"https://fd3-photos.leclercdrive.fr/image.ashx?id=2848809&use=l&cat=p&typeid=i","cat":284478},{"id":53783,"n":"Lait de coco Suzi Wan 200ml","p":1.26,"u":"6,30 €/L","img":"https://fd3-photos.leclercdrive.fr/image.ashx?id=3002177&use=l&cat=p&typeid=i","cat":288992},{"id":53816,"n":"Chocolats Ferrero Collection Assortiments x32- 359g","p":15.91,"u":"44,32 €/KG","img":"https://fd3-photos.leclercdrive.fr/image.ashx?id=2940507&use=l&cat=p&typeid=i","cat":327595},{"id":53839,"n":"Râpé 3 saveurs Président 200g","p":2.93,"u":"14,65 €/KG","img":"https://fd3-photos.leclercdrive.fr/image.ashx?id=2786006&use=l&cat=p&typeid=i","cat":314035},{"id":53899,"n":"Eau minérale gazeuse Perrier  Naturelle - 6x1L","p":3.9,"u":"0,65 €/L","img":"https://fd3-photos.leclercdrive.fr/image.ashx?id=2454463&use=l&cat=p&typeid=i","cat":284536},{"id":53902,"n":"Eau minérale gazeuse Perrier  Fines bulles - 6x1L","p":3.66,"u":"0,61 €/L","img":"https://fd3-photos.leclercdrive.fr/image.ashx?id=2830924&use=l&cat=p&typeid=i","cat":284536},{"id":53904,"n":"Barre de chocolat Toblerone Noir - 360g","p":8.2,"u":"22,78 €/KG","img":"https://fd3-photos.leclercdrive.fr/image.ashx?id=2428687&use=l&cat=p&typeid=i","cat":327595},{"id":53911,"n":"Crevettes  Eco+ Cocktail - 121g","p":3.62,"u":"29,92 €/KG","img":"https://fd3-photos.leclercdrive.fr/image.ashx?id=1710173&use=l&cat=p&typeid=i","cat":305147},{"id":53931,"n":"Fromage apéritif BoursinFromage Tomates et Basilic 20 roulés","p":3.72,"u":"37,20 €/KG","img":"https://fd3-photos.leclercdrive.fr/image.ashx?id=2918592&use=l&cat=p&typeid=i","cat":314027},{"id":53936,"n":"Dés de fromage salade Boursin Echalote ciboulette - 120g","p":2.27,"u":"18,92 €/KG","img":"https://fd3-photos.leclercdrive.fr/image.ashx?id=2865671&use=l&cat=p&typeid=i","cat":314027},{"id":53941,"n":"Fromage apéritif Boursin Echalote ciboulette 20 roulés","p":3.33,"u":"33,30 €/KG","img":"https://fd3-photos.leclercdrive.fr/image.ashx?id=2918595&use=l&cat=p&typeid=i","cat":314027},{"id":53946,"n":"Fromage à tartiner Boursin Echalote et ciboulette - 150g","p":2.27,"u":"15,13 €/KG","img":"https://fd3-photos.leclercdrive.fr/image.ashx?id=2962059&use=l&cat=p&typeid=i","cat":314029},{"id":54052,"n":"Herbe dépurative Ptit Ami 190g","p":1.98,"u":"10,42 €/KG","img":"https://fd3-photos.leclercdrive.fr/image.ashx?id=1009867&use=l&cat=p&typeid=i","cat":285286},{"id":54112,"n":"Absolut Vodka 40%vol - 1L","p":25.55,"u":"25,55 €/L","img":"https://fd3-photos.leclercdrive.fr/image.ashx?id=2550261&use=l&cat=p&typeid=i","cat":284550},{"id":54156,"n":"Lardons nature Merle 500g","p":2.7,"u":"5,40 €/KG","img":"https://fd3-photos.leclercdrive.fr/image.ashx?id=2043164&use=l&cat=p&typeid=i","cat":316011},{"id":54172,"n":"Sauce aux 3 poivres  120g","p":1.69,"u":"14,08 €/KG","img":"https://fd3-photos.leclercdrive.fr/image.ashx?id=2636242&use=l&cat=p&typeid=i","cat":284382},{"id":54175,"n":"Pâte brisée sans gluten Chaque Jour Sans Gluten - 230g","p":1.99,"u":"8,65 €/KG","img":"https://fd3-photos.leclercdrive.fr/image.ashx?id=2896027&use=l&cat=p&typeid=i","cat":333681},{"id":54177,"n":"AOP Champagne Bio Canard Duchêne - Extra Brut - 75cl","p":29.36,"u":"39,15 €/L","img":"https://fd3-photos.leclercdrive.fr/image.ashx?id=2753611&use=l&cat=p&typeid=i","cat":284542},{"id":54184,"n":"Pétillant AOC Jaillance Clairette Bio, 7%vol - 75cl","p":6.9,"u":"9,20 €/L","img":"https://fd3-photos.leclercdrive.fr/image.ashx?id=2867455&use=l&cat=p&typeid=i","cat":284544},{"id":54244,"n":"Liqueur de menthe Get 31 Edition Limitée 24° - 70cl","p":13.89,"u":"19,84 €/L","img":"https://fd3-photos.leclercdrive.fr/image.ashx?id=2989051&use=l&cat=p&typeid=i","cat":286032},{"id":54297,"n":"Désodorisant Bien Air Mèches actives, lavande - 375ml","p":1.65,"u":"4,40 €/L","img":"https://fd3-photos.leclercdrive.fr/image.ashx?id=2934721&use=l&cat=p&typeid=i","cat":311628},{"id":54298,"n":"Désodorisant Bien Air Mèche active muguet - 375ml","p":1.65,"u":"4,40 €/L","img":"https://fd3-photos.leclercdrive.fr/image.ashx?id=2777803&use=l&cat=p&typeid=i","cat":311628},{"id":54299,"n":"Désodorisant Bien Air Mèche active Fruit rouge 375ml","p":1.65,"u":"4,40 €/L","img":"https://fd3-photos.leclercdrive.fr/image.ashx?id=2777806&use=l&cat=p&typeid=i","cat":311628},{"id":54300,"n":"Désodorisant Bien Air Mèche active agrume 375ml","p":1.65,"u":"4,40 €/L","img":"https://fd3-photos.leclercdrive.fr/image.ashx?id=2777809&use=l&cat=p&typeid=i","cat":311628},{"id":54305,"n":"Crème Hydratante Nivea Men Visage Corps Mains - 150ml","p":2.93,"u":"19,53 €/L","img":"https://fd3-photos.leclercdrive.fr/image.ashx?id=3014596&use=l&cat=p&typeid=i","cat":284622},{"id":54311,"n":"Bière blonde Bio Jade 4.5%vol - 6x25cl","p":5.58,"u":"3,72 €/L","img":"https://fd3-photos.leclercdrive.fr/image.ashx?id=2511282&use=l&cat=p&typeid=i","cat":334873},{"id":54312,"n":"Bière Sans gluten Jade Bio - 4.5%vol - 6x25cl","p":5.77,"u":"3,85 €/L","img":"https://fd3-photos.leclercdrive.fr/image.ashx?id=2672161&use=l&cat=p&typeid=i","cat":334873},{"id":54314,"n":"Pur Jus de tomates NRT Du Lot-et-Garonne - 1L","p":2.09,"u":"2,09 €/L","img":"https://fd3-photos.leclercdrive.fr/image.ashx?id=2590505&use=l&cat=p&typeid=i","cat":284523},{"id":54316,"n":"AOC Coteaux du Layon vin blanc Les Caractères - 75cl","p":6.99,"u":"9,32 €/L","img":"https://fd3-photos.leclercdrive.fr/image.ashx?id=2898762&use=l&cat=p&typeid=i","cat":289557},{"id":54344,"n":"Tablette chocolat Côte d'Or Chocolat lait/Amandes - 180g","p":4.07,"u":"22,61 €/KG","img":"https://fd3-photos.leclercdrive.fr/image.ashx?id=3009143&use=l&cat=p&typeid=i","cat":284497},{"id":54346,"n":"Barre Chocolatée KINDER Country  Céréales chocolat x10 - 235g","p":3.64,"u":"15,49 €/KG","img":"https://fd3-photos.leclercdrive.fr/image.ashx?id=2231942&use=l&cat=p&typeid=i","cat":284498},{"id":54354,"n":"Crevettes décortiquées ASC Delpierre - 180g","p":7.65,"u":"42,50 €/KG","img":"https://fd3-photos.leclercdrive.fr/image.ashx?id=2867999&use=l&cat=p&typeid=i","cat":284343},{"id":54385,"n":"Coupelles Ananas DDV Sirop léger - 4x70g","p":2.79,"u":"9,96 €/KG","img":"https://fd3-photos.leclercdrive.fr/image.ashx?id=2100793&use=l&cat=p&typeid=i","cat":284507},{"id":54386,"n":"Gâteau multicouche P'tit Déli Genoise fourré chocolat - 175g","p":1.27,"u":"7,26 €/KG","img":"https://fd3-photos.leclercdrive.fr/image.ashx?id=2416538&use=l&cat=p&typeid=i","cat":284495},{"id":54387,"n":"Pains Hot Dog Epi d'Or x4 - 250g","p":1.41,"u":"5,64 €/KG","img":"https://fd3-photos.leclercdrive.fr/image.ashx?id=2147414&use=l&cat=p&typeid=i","cat":284985},{"id":54393,"n":"Spécialité de saucisse St Azay Sèche - 200g","p":3.05,"u":"15,25 €/KG","img":"https://fd3-photos.leclercdrive.fr/image.ashx?id=2982622&use=l&cat=p&typeid=i","cat":316006},{"id":54394,"n":"Spécialité au soja Nat&Vie Citron fruits mixés - 4x100g","p":1.38,"u":"3,45 €/KG","img":"https://fd3-photos.leclercdrive.fr/image.ashx?id=2901464&use=l&cat=p&typeid=i","cat":316071},{"id":54396,"n":"Salade Catalane Côté Snack Thon à la catalane - 250g","p":2.17,"u":"8,68 €/KG","img":"https://fd3-photos.leclercdrive.fr/image.ashx?id=2910589&use=l&cat=p&typeid=i","cat":284437},{"id":54404,"n":"Sauce Tomacouli Panzani - 3X200G","p":1.59,"u":"2,65 €/KG","img":"https://fd3-photos.leclercdrive.fr/image.ashx?id=2744623&use=l&cat=p&typeid=i","cat":288384},{"id":54405,"n":"Sauce Tomacouli Panzani - 700G","p":1.56,"u":"2,23 €/KG","img":"https://fd3-photos.leclercdrive.fr/image.ashx?id=2744632&use=l&cat=p&typeid=i","cat":288384},{"id":54415,"n":"Bâtonnet à mâcher Dentalife  Petit chien - x21 - 345g","p":3.94,"u":"11,42 €/KG","img":"https://fd3-photos.leclercdrive.fr/image.ashx?id=2897339&use=l&cat=p&typeid=i","cat":294527},{"id":54416,"n":"Bâtonnet à macher Dentalife Chien moyen - 345g","p":3.88,"u":"11,25 €/KG","img":"https://fd3-photos.leclercdrive.fr/image.ashx?id=2896426&use=l&cat=p&typeid=i","cat":294527},{"id":54417,"n":"Barre chocolat lait P'tit Déli x5 - 130g","p":1.5,"u":"11,54 €/KG","img":"https://fd3-photos.leclercdrive.fr/image.ashx?id=2568936&use=l&cat=p&typeid=i","cat":284488},{"id":54422,"n":"Spray automatique Bien Air + recharge - 250ml","p":5.98,"u":"23,92 €/L","img":"https://fd3-photos.leclercdrive.fr/image.ashx?id=2330493&use=l&cat=p&typeid=i","cat":311629},{"id":54423,"n":"Gel à raser Carré Homme Fraicheur - 200ml","p":1.69,"u":"8,45 €/L","img":"https://fd3-photos.leclercdrive.fr/image.ashx?id=2704726&use=l&cat=p&typeid=i","cat":284617},{"id":54425,"n":"Batônnets Surimi Pêche Océan MSC - x48 - 800g","p":4.34,"u":"5,43 €/KG","img":"https://fd3-photos.leclercdrive.fr/image.ashx?id=2953245&use=l&cat=p&typeid=i","cat":285189},{"id":54430,"n":"Salade Italienne Côté Snack Au thon - 250g","p":2.18,"u":"8,72 €/KG","img":"https://fd3-photos.leclercdrive.fr/image.ashx?id=2927910&use=l&cat=p&typeid=i","cat":284437},{"id":54447,"n":"Mister Cocktail sans alcool Fruits passion - 75cl","p":3.38,"u":"4,51 €/L","img":"https://fd3-photos.leclercdrive.fr/image.ashx?id=3003161&use=l&cat=p&typeid=i","cat":284549},{"id":54471,"n":"Madeleines longues Le Ster Marbrées choco - 250g","p":1.83,"u":"7,32 €/KG","img":"https://fd3-photos.leclercdrive.fr/image.ashx?id=2962548&use=l&cat=p&typeid=i","cat":284492},{"id":54473,"n":"Madeleines longues Le Ster Nature  - 250g","p":1.74,"u":"6,96 €/KG","img":"https://fd3-photos.leclercdrive.fr/image.ashx?id=2962545&use=l&cat=p&typeid=i","cat":284492},{"id":54492,"n":"Tortillas chips Bio village Bio Nature - 150g","p":1.75,"u":"11,67 €/KG","img":"https://fd3-photos.leclercdrive.fr/image.ashx?id=2538385&use=l&cat=p&typeid=i","cat":287899},{"id":54494,"n":"Biscuits Petit Ecolier LU Chocolat au lait - 2x150g","p":3.4,"u":"11,33 €/KG","img":"https://fd3-photos.leclercdrive.fr/image.ashx?id=3009122&use=l&cat=p&typeid=i","cat":284488},{"id":54496,"n":"Gâteaux fourrés Milka Chocolat - 175g","p":1.7,"u":"9,71 €/KG","img":"https://fd3-photos.leclercdrive.fr/image.ashx?id=3005338&use=l&cat=p&typeid=i","cat":284495},{"id":54497,"n":"Pâté aux sardines 4x22g","p":1.75,"u":"19,89 €/KG","img":"https://fd3-photos.leclercdrive.fr/image.ashx?id=2578517&use=l&cat=p&typeid=i","cat":289009},{"id":54512,"n":"Galettes épinards fromage Végé - 2x100g","p":1.99,"u":"9,95 €/KG","img":"https://fd3-photos.leclercdrive.fr/image.ashx?id=2865260&use=l&cat=p&typeid=i","cat":316036},{"id":54522,"n":"Pâte feuilletée Tablier Blanc A dérouler - x2 - 460g","p":1.48,"u":"3,22 €/KG","img":"https://fd3-photos.leclercdrive.fr/image.ashx?id=2635928&use=l&cat=p&typeid=i","cat":333681},{"id":54524,"n":"Galettes petits légumes Végé - 2x100g","p":1.99,"u":"9,95 €/KG","img":"https://fd3-photos.leclercdrive.fr/image.ashx?id=2865269&use=l&cat=p&typeid=i","cat":316036},{"id":54603,"n":"Compote Charles & Alice Panachés P.Mangues - 12x100g","p":3.97,"u":"3,31 €/KG","img":"https://fd3-photos.leclercdrive.fr/image.ashx?id=2790651&use=l&cat=p&typeid=i","cat":284416},{"id":54604,"n":"Compote Charles & Alice Panachés P.Myrtilles - 12x100g","p":4.67,"u":"3,89 €/KG","img":"https://fd3-photos.leclercdrive.fr/image.ashx?id=2790654&use=l&cat=p&typeid=i","cat":284416},{"id":54612,"n":"Corn Flakes bio Bio Village Nature - 375g","p":2.4,"u":"6,40 €/KG","img":"https://fd3-photos.leclercdrive.fr/image.ashx?id=2835226&use=l&cat=p&typeid=i","cat":309513},{"id":54639,"n":"Mini rôtis de volaille  Maître Coq Forestière - 400g","p":7.2,"u":"18,00 €/KG","img":"https://fd3-photos.leclercdrive.fr/image.ashx?id=2962497&use=l&cat=p&typeid=i","cat":327289},{"id":54656,"n":"Sauce morilles Maître Coq 120g","p":2.49,"u":"20,75 €/KG","img":"https://fd3-photos.leclercdrive.fr/image.ashx?id=2164711&use=l&cat=p&typeid=i","cat":327293},{"id":54658,"n":"Sauce foie gras Maître Coq 120g","p":2.49,"u":"20,75 €/KG","img":"https://fd3-photos.leclercdrive.fr/image.ashx?id=2164714&use=l&cat=p&typeid=i","cat":327293},{"id":54853,"n":"Mini choux Tokapi  Saumon/aneth - 60g","p":0.93,"u":"15,50 €/KG","img":"https://fd3-photos.leclercdrive.fr/image.ashx?id=2063338&use=l&cat=p&typeid=i","cat":297000},{"id":54855,"n":"Tablette chocolat Côte d'Or Lait raisin/noisettes - 2x180g","p":6.38,"u":"17,72 €/KG","img":"https://fd3-photos.leclercdrive.fr/image.ashx?id=3009128&use=l&cat=p&typeid=i","cat":284497},{"id":54857,"n":"Polenta Turini  500g","p":1.19,"u":"2,38 €/KG","img":"https://fd3-photos.leclercdrive.fr/image.ashx?id=2682792&use=l&cat=p&typeid=i","cat":284431},{"id":54865,"n":"Tablette chocolat Villars Chocolat au Lait Suisse - 100g","p":2.17,"u":"21,70 €/KG","img":"https://fd3-photos.leclercdrive.fr/image.ashx?id=2464276&use=l&cat=p&typeid=i","cat":284497},{"id":54888,"n":"Graine de chia Bio Moulin des Moines - 250g","p":4.71,"u":"18,84 €/KG","img":"https://fd3-photos.leclercdrive.fr/image.ashx?id=2379724&use=l&cat=p&typeid=i","cat":318651},{"id":54889,"n":"Graines courge Bio Moulin des moines - 250g","p":4.46,"u":"17,84 €/KG","img":"https://fd3-photos.leclercdrive.fr/image.ashx?id=2295034&use=l&cat=p&typeid=i","cat":284448},{"id":54901,"n":"Muesli Bio tradition muetra Moulin des moines - 500g","p":2.95,"u":"5,90 €/KG","img":"https://fd3-photos.leclercdrive.fr/image.ashx?id=2295019&use=l&cat=p&typeid=i","cat":309512},{"id":54926,"n":"Mousse liégeoise Viennois  Café - 4x90g","p":1.99,"u":"5,53 €/KG","img":"https://fd3-photos.leclercdrive.fr/image.ashx?id=2729788&use=l&cat=p&typeid=i","cat":284417},{"id":54944,"n":"Cône Nestlé Extrême  Café intense - 6x71g","p":3.58,"u":"8,40 €/KG","img":"https://fd3-photos.leclercdrive.fr/image.ashx?id=3000435&use=l&cat=p&typeid=i","cat":284264},{"id":54957,"n":"Cône Extrême Nestle Vanille Fraise - 6x71g","p":3.93,"u":"9,23 €/KG","img":"https://fd3-photos.leclercdrive.fr/image.ashx?id=2353113&use=l&cat=p&typeid=i","cat":284264},{"id":54958,"n":"Cône Extrême Nestle Menthe chocolat - 6x71g","p":3.65,"u":"8,57 €/KG","img":"https://fd3-photos.leclercdrive.fr/image.ashx?id=2737048&use=l&cat=p&typeid=i","cat":284264},{"id":54959,"n":"Cône Extrême Intense Nestle Pistache Chocolat - 6x71g","p":3.22,"u":"7,56 €/KG","img":"https://fd3-photos.leclercdrive.fr/image.ashx?id=2353116&use=l&cat=p&typeid=i","cat":284264},{"id":55034,"n":"Limonade Mandarine La Mortuacienne - 1L","p":2.17,"u":"2,17 €/L","img":"https://fd3-photos.leclercdrive.fr/image.ashx?id=1650083&use=l&cat=p&typeid=i","cat":284531},{"id":55037,"n":"Pontarlier à l'Ancienne 45%vol - 1L","p":25.13,"u":"25,13 €/L","img":"https://fd3-photos.leclercdrive.fr/image.ashx?id=1650053&use=l&cat=p&typeid=i","cat":284548},{"id":55039,"n":"IGP Cancoillotte Ail fines  herbes - La Belle Equipe - 200g","p":2.83,"u":"14,15 €/KG","img":"https://fd3-photos.leclercdrive.fr/image.ashx?id=2679569&use=l&cat=p&typeid=i","cat":314037},{"id":55040,"n":"Sirop Rieme Grenadine - 1L","p":4.55,"u":"4,55 €/L","img":"https://fd3-photos.leclercdrive.fr/image.ashx?id=2021268&use=l&cat=p&typeid=i","cat":295020},{"id":55051,"n":"Fondue Classic Emmi 400g","p":5.05,"u":"12,63 €/KG","img":"https://fd3-photos.leclercdrive.fr/image.ashx?id=2024906&use=l&cat=p&typeid=i","cat":314037},{"id":55069,"n":"Bière La Rousse aux 3 malts 6.5%vol - 75cl","p":4.88,"u":"6,51 €/L","img":"https://fd3-photos.leclercdrive.fr/image.ashx?id=2432964&use=l&cat=p&typeid=i","cat":334872},{"id":55071,"n":"Bière La Blonde pur malt 5.8%vol - 75cl","p":4.11,"u":"5,48 €/L","img":"https://fd3-photos.leclercdrive.fr/image.ashx?id=2432958&use=l&cat=p&typeid=i","cat":334872},{"id":55073,"n":"Bière La Blanche légère 4.7%vol - 75cl","p":4.93,"u":"6,57 €/L","img":"https://fd3-photos.leclercdrive.fr/image.ashx?id=2432961&use=l&cat=p&typeid=i","cat":334872},{"id":55090,"n":"AOP Bordeaux rouge Mouton Cadet - 75cl","p":6.95,"u":"9,27 €/L","img":"https://fd3-photos.leclercdrive.fr/image.ashx?id=2959940&use=l&cat=p&typeid=i","cat":289556},{"id":55097,"n":"Fil interdentaire Efiseptyl Antibactérien 40m","p":2.49,"img":"https://fd3-photos.leclercdrive.fr/image.ashx?id=2923477&use=l&cat=p&typeid=i","cat":285159},{"id":55101,"n":"AOP Médoc rouge Merrain - 75cl","p":7.27,"u":"9,69 €/L","img":"https://fd3-photos.leclercdrive.fr/image.ashx?id=2989282&use=l&cat=p&typeid=i","cat":289556},{"id":55102,"n":"Dentifrice expert Bionaïa Menthe Bio - 75ml","p":1.79,"u":"23,87 €/L","img":"https://fd3-photos.leclercdrive.fr/image.ashx?id=2529540&use=l&cat=p&typeid=i","cat":284612},{"id":55104,"n":"Recharge brosse à dents Dentamyl - Double zone - x2","p":6.99,"u":"3,50 €/P","img":"https://fd3-photos.leclercdrive.fr/image.ashx?id=2790988&use=l&cat=p&typeid=i","cat":297133},{"id":55107,"n":"Culottes Always Discreet  Taille M Normal - x12","p":12.62,"u":"1,05 €/P","img":"https://fd3-photos.leclercdrive.fr/image.ashx?id=2506492&use=l&cat=p&typeid=i","cat":284628},{"id":55109,"n":"Recharge brosse à dents Dentamyl Sensitive x2","p":6.99,"u":"3,50 €/P","img":"https://fd3-photos.leclercdrive.fr/image.ashx?id=2790991&use=l&cat=p&typeid=i","cat":297133},{"id":55111,"n":"AOC Côtes du Rhône rouge Celliers des Dauphins - 75cl","p":4.29,"u":"5,72 €/L","img":"https://fd3-photos.leclercdrive.fr/image.ashx?id=2830009&use=l&cat=p&typeid=i","cat":289556},{"id":55115,"n":"Lingettes Mots d'Enfants Pockets - x20","p":1.19,"u":"0,06 €/P","img":"https://fd3-photos.leclercdrive.fr/image.ashx?id=2856549&use=l&cat=p&typeid=i","cat":284738},{"id":55144,"n":"Emincés de poulet Fleury Michon Rôti sans nitrite 2x75g","p":2.72,"u":"18,13 €/KG","img":"https://fd3-photos.leclercdrive.fr/image.ashx?id=2649804&use=l&cat=p&typeid=i","cat":316011},{"id":55146,"n":"Jambon à poêler Fleury Michon 2x80g","p":2.97,"u":"18,56 €/KG","img":"https://fd3-photos.leclercdrive.fr/image.ashx?id=2975155&use=l&cat=p&typeid=i","cat":316009},{"id":55160,"n":"Brioche tréssée Pasquier Tranchée Pépite chocolat - 500g","p":2.78,"u":"5,56 €/KG","img":"https://fd3-photos.leclercdrive.fr/image.ashx?id=2971969&use=l&cat=p&typeid=i","cat":284478},{"id":55183,"n":"AOP Bourgogne Hautes Côtes de Nuits Rouge 75cl","p":8.95,"u":"11,93 €/L","img":"https://fd3-photos.leclercdrive.fr/image.ashx?id=2210506&use=l&cat=p&typeid=i","cat":289556},{"id":55197,"n":"Plat bébé soir Blédiner 12 mois Macaroni ratatouille - 2x200g","p":2.33,"u":"5,83 €/KG","img":"https://fd3-photos.leclercdrive.fr/image.ashx?id=2845826&use=l&cat=p&typeid=i","cat":312239},{"id":55206,"n":"Plat bébé Blédina 12 mois Pâtes tomate jambon - 2x200g","p":2.57,"u":"6,43 €/KG","img":"https://fd3-photos.leclercdrive.fr/image.ashx?id=2975071&use=l&cat=p&typeid=i","cat":312237},{"id":55214,"n":"Plat bébé soir Blédiner 12 mois Boulghour potiron panais-2x200g","p":2.83,"u":"7,08 €/KG","img":"https://fd3-photos.leclercdrive.fr/image.ashx?id=2921064&use=l&cat=p&typeid=i","cat":312239},{"id":55262,"n":"Pâté Campagne Supérieur L'Atelier Charcuterie - 170g","p":2.08,"u":"12,24 €/KG","img":"https://fd3-photos.leclercdrive.fr/image.ashx?id=2905862&use=l&cat=p&typeid=i","cat":316008},{"id":55265,"n":"Mousse de canard Supérieure L'Atelier Charcuterie - 170g","p":2.71,"u":"15,94 €/KG","img":"https://fd3-photos.leclercdrive.fr/image.ashx?id=2882529&use=l&cat=p&typeid=i","cat":316008},{"id":55269,"n":"Boudin noir oignons rissolés L'Atelier Charcuterie x3 - 375g","p":4.04,"u":"10,77 €/KG","img":"https://fd3-photos.leclercdrive.fr/image.ashx?id=2765825&use=l&cat=p&typeid=i","cat":316012},{"id":55272,"n":"AOC Bergerac vin rouge Bernard Cordelier - 75 cl","p":1.99,"u":"2,65 €/L","img":"https://fd3-photos.leclercdrive.fr/image.ashx?id=2726682&use=l&cat=p&typeid=i","cat":289556},{"id":55275,"n":"Bougie Bien Air Soirée d'hiver 30heures - x1","p":2.34,"img":"https://fd3-photos.leclercdrive.fr/image.ashx?id=2999610&use=l&cat=p&typeid=i","cat":284666},{"id":55276,"n":"Brosse adhésive  Mamison Textile 36 feuilles","p":2.29,"img":"https://fd3-photos.leclercdrive.fr/image.ashx?id=1063565&use=l&cat=p&typeid=i","cat":284669},{"id":55277,"n":"Corn flakes sans sucre ajouté  bio Terres et Céréales - 450g","p":3.97,"u":"8,82 €/KG","img":"https://fd3-photos.leclercdrive.fr/image.ashx?id=2471910&use=l&cat=p&typeid=i","cat":318653},{"id":55278,"n":"Café grains Bio Ethiquable  100% arabica Colombie - 500g","p":10.74,"u":"21,48 €/KG","img":"https://fd3-photos.leclercdrive.fr/image.ashx?id=2876848&use=l&cat=p&typeid=i","cat":293237},{"id":55279,"n":"Café grains Bio Ethiquable  100% arabica Honduras - 1kg","p":21.67,"u":"21,67 €/KG","img":"https://fd3-photos.leclercdrive.fr/image.ashx?id=2876857&use=l&cat=p&typeid=i","cat":293237},{"id":55343,"n":"Biscuits à thé Delacre Tea Time Assortiment Boîte Métal - 1kg","p":13.63,"u":"13,63 €/KG","img":"https://fd3-photos.leclercdrive.fr/image.ashx?id=2867969&use=l&cat=p&typeid=i","cat":284490},{"id":55356,"n":"AOP Beaumes de Venise rouge 75cl","p":6.45,"u":"8,60 €/L","img":"https://fd3-photos.leclercdrive.fr/image.ashx?id=1758325&use=l&cat=p&typeid=i","cat":289556},{"id":55381,"n":"Cacahuètes Tokapi  Grillées à sec - 120g","p":0.47,"u":"3,92 €/KG","img":"https://fd3-photos.leclercdrive.fr/image.ashx?id=2799778&use=l&cat=p&typeid=i","cat":284448},{"id":55415,"n":"Bougie Bien Air Anti-tabac 30h - x1","p":1.83,"img":"https://fd3-photos.leclercdrive.fr/image.ashx?id=2999613&use=l&cat=p&typeid=i","cat":284666},{"id":55416,"n":"Recharge adhésive Mamison  36 feuilles-  x2","p":2.22,"img":"https://fd3-photos.leclercdrive.fr/image.ashx?id=1066450&use=l&cat=p&typeid=i","cat":284669},{"id":55421,"n":"AOP Côtes du Jura Chardonnay Cave de la Muyre - 75cl","p":8.96,"u":"11,95 €/L","img":"https://fd3-photos.leclercdrive.fr/image.ashx?id=3011641&use=l&cat=p&typeid=i","cat":289557},{"id":55422,"n":"Vin blanc Arbois Pupillin Chardonnay - 75cl","p":9.14,"u":"12,19 €/L","img":"https://fd3-photos.leclercdrive.fr/image.ashx?id=3011638&use=l&cat=p&typeid=i","cat":289557},{"id":55424,"n":"AOP Crémant du Jura brut 75cl","p":8.83,"u":"11,77 €/L","img":"https://fd3-photos.leclercdrive.fr/image.ashx?id=3011644&use=l&cat=p&typeid=i","cat":284545},{"id":55435,"n":"Sardines à l'huile d'olive  Connétable - 3x55g","p":3.85,"u":"23,33 €/KG","img":"https://fd3-photos.leclercdrive.fr/image.ashx?id=2139052&use=l&cat=p&typeid=i","cat":305146},{"id":55438,"n":"Confit de canard du Sud-Ouest Pomme de terre - NRT - 1065g","p":13.99,"u":"13,14 €/KG","img":"https://fd3-photos.leclercdrive.fr/image.ashx?id=2753535&use=l&cat=p&typeid=i","cat":284440},{"id":55439,"n":"Salade Niçoise Côté Snack Au thon - 250g","p":1.8,"u":"7,20 €/KG","img":"https://fd3-photos.leclercdrive.fr/image.ashx?id=2868316&use=l&cat=p&typeid=i","cat":284437},{"id":55442,"n":"Salade Parisienne Côté Snack Au thon - 250g","p":2.49,"u":"9,96 €/KG","img":"https://fd3-photos.leclercdrive.fr/image.ashx?id=2905919&use=l&cat=p&typeid=i","cat":284437},{"id":55468,"n":"Pain brioché Bon Matin Schar Sans gluten - 4x50g","p":2.2,"u":"11,00 €/KG","img":"https://fd3-photos.leclercdrive.fr/image.ashx?id=2067580&use=l&cat=p&typeid=i","cat":284478},{"id":55471,"n":"Tartine croustillant Schar Sans gluten - 150g","p":2.14,"u":"14,27 €/KG","img":"https://fd3-photos.leclercdrive.fr/image.ashx?id=2439962&use=l&cat=p&typeid=i","cat":318654},{"id":55472,"n":"Mix Pane Schar Sans gluten - 1kg","p":6.75,"u":"6,75 €/KG","img":"https://fd3-photos.leclercdrive.fr/image.ashx?id=2439947&use=l&cat=p&typeid=i","cat":318654},{"id":55474,"n":"Mix Patisserie Schar Sans gluten - 1kg","p":4.57,"u":"4,57 €/KG","img":"https://fd3-photos.leclercdrive.fr/image.ashx?id=2439950&use=l&cat=p&typeid=i","cat":284504},{"id":55479,"n":"Céréales Chocolat  Gerblé  Sans Gluten - 300g","p":3.71,"u":"12,37 €/KG","img":"https://fd3-photos.leclercdrive.fr/image.ashx?id=2662820&use=l&cat=p&typeid=i","cat":318654},{"id":55480,"n":"Cake Fourré Fraise Gerblé  Sans Gluten - 210g","p":3.76,"u":"17,90 €/KG","img":"https://fd3-photos.leclercdrive.fr/image.ashx?id=2662808&use=l&cat=p&typeid=i","cat":318654},{"id":55486,"n":"Brownie Choco noisette Gerblé - 150g","p":4.28,"u":"28,53 €/KG","img":"https://fd3-photos.leclercdrive.fr/image.ashx?id=1713807&use=l&cat=p&typeid=i","cat":318654},{"id":55489,"n":"Cake Marbré Gerblé  Sans Gluten 200g","p":3.78,"u":"18,90 €/KG","img":"https://fd3-photos.leclercdrive.fr/image.ashx?id=2663000&use=l&cat=p&typeid=i","cat":318654},{"id":55573,"n":"Soda Coca-Cola Original Bouteille - 1L","p":1.7,"u":"1,70 €/L","img":"https://fd3-photos.leclercdrive.fr/image.ashx?id=2194409&use=l&cat=p&typeid=i","cat":284530},{"id":55633,"n":"Patés au thon Pêche Ocean 4x22g","p":1.78,"u":"20,23 €/KG","img":"https://fd3-photos.leclercdrive.fr/image.ashx?id=2578514&use=l&cat=p&typeid=i","cat":289009},{"id":55766,"n":"AOP Crémant de Loire Brut - Lacheteau - 75cL","p":6.93,"u":"9,24 €/L","img":"https://fd3-photos.leclercdrive.fr/image.ashx?id=2431911&use=l&cat=p&typeid=i","cat":284545},{"id":55816,"n":"Lingettes désinfectantes 2en1 x10 lingettes","p":1.52,"img":"https://fd3-photos.leclercdrive.fr/image.ashx?id=2832981&use=l&cat=p&typeid=i","cat":284630},{"id":55887,"n":"Bougie Bien Air Vanille Caramel 30h - x1","p":1.8,"img":"https://fd3-photos.leclercdrive.fr/image.ashx?id=2399761&use=l&cat=p&typeid=i","cat":284666},{"id":55949,"n":"Riz soja bio Céréal Bio  à l'espagnol repas express-220g","p":2.3,"u":"10,45 €/KG","img":"https://fd3-photos.leclercdrive.fr/image.ashx?id=2575093&use=l&cat=p&typeid=i","cat":287600},{"id":56119,"n":"Champagne Alfred Rothschild Demi-sec, 12%vol - 75cl","p":22.88,"u":"30,51 €/L","img":"https://fd3-photos.leclercdrive.fr/image.ashx?id=2254172&use=l&cat=p&typeid=i","cat":284542},{"id":56156,"n":"Saucisson sec des Pyrénées NRT 250g","p":4.49,"u":"17,96 €/KG","img":"https://fd3-photos.leclercdrive.fr/image.ashx?id=2917178&use=l&cat=p&typeid=i","cat":316006},{"id":56158,"n":"Jambon du Périgord NRT x4 - 100g","p":3.43,"u":"34,30 €/KG","img":"https://fd3-photos.leclercdrive.fr/image.ashx?id=2670455&use=l&cat=p&typeid=i","cat":316007},{"id":56162,"n":"Lait concentré sucré Nestlé 1kg","p":4.22,"u":"4,22 €/KG","img":"https://fd3-photos.leclercdrive.fr/image.ashx?id=2906067&use=l&cat=p&typeid=i","cat":299162},{"id":56163,"n":"Lait concentré sucré Nestlé x6 sticks - 30g","p":2.28,"u":"76,00 €/KG","img":"https://fd3-photos.leclercdrive.fr/image.ashx?id=2306528&use=l&cat=p&typeid=i","cat":299162},{"id":56213,"n":"Assiette Italienne 130g","p":5.9,"u":"45,38 €/KG","img":"https://fd3-photos.leclercdrive.fr/image.ashx?id=2025173&use=l&cat=p&typeid=i","cat":316007},{"id":56418,"n":"Vinaigre de cidre Bio Village Bio 75cl","p":2.09,"u":"2,79 €/L","img":"https://fd3-photos.leclercdrive.fr/image.ashx?id=1069902&use=l&cat=p&typeid=i","cat":298543},{"id":56435,"n":"Bouillon Kub Or Maggi  Déshydraté dégraissé - 128g","p":1.78,"u":"13,91 €/KG","img":"https://fd3-photos.leclercdrive.fr/image.ashx?id=2953977&use=l&cat=p&typeid=i","cat":288379},{"id":56440,"n":"Biscuit Citron Yuzu GERBLE  sans sucre 6 132g","p":1.89,"u":"14,32 €/KG","img":"https://fd3-photos.leclercdrive.fr/image.ashx?id=2664016&use=l&cat=p&typeid=i","cat":318653},{"id":56444,"n":"Biscuits chocolat amande GERBLE  - 4x4, 200g","p":1.77,"u":"8,85 €/KG","img":"https://fd3-photos.leclercdrive.fr/image.ashx?id=2967004&use=l&cat=p&typeid=i","cat":318651},{"id":56452,"n":"Cookie Cacao GERBLE  sans sucres - 130g","p":2.59,"u":"19,92 €/KG","img":"https://fd3-photos.leclercdrive.fr/image.ashx?id=2575057&use=l&cat=p&typeid=i","cat":318653},{"id":56456,"n":"Biscuit Coco GERBLE  sans sucre - 132g","p":1.93,"u":"14,62 €/KG","img":"https://fd3-photos.leclercdrive.fr/image.ashx?id=2662826&use=l&cat=p&typeid=i","cat":318653},{"id":56457,"n":"Biscuit Sésame Vanille GERBLE  sans sucres - 132g","p":1.77,"u":"13,41 €/KG","img":"https://fd3-photos.leclercdrive.fr/image.ashx?id=2664013&use=l&cat=p&typeid=i","cat":318653},{"id":56464,"n":"Biscuit fourré cacao GERBLE   sans sucre 6 185g","p":2.73,"u":"14,76 €/KG","img":"https://fd3-photos.leclercdrive.fr/image.ashx?id=2662832&use=l&cat=p&typeid=i","cat":318653},{"id":56465,"n":"Barre Chocolat ISOSTAR  Chocolat - 3x35g","p":3.04,"u":"28,95 €/KG","img":"https://fd3-photos.leclercdrive.fr/image.ashx?id=2323478&use=l&cat=p&typeid=i","cat":318652},{"id":56468,"n":"Goûters 4S aux pommes Gerblé 360g","p":2.05,"u":"5,69 €/KG","img":"https://fd3-photos.leclercdrive.fr/image.ashx?id=2860907&use=l&cat=p&typeid=i","cat":318651},{"id":56470,"n":"Boisson orange ISOSTAR  Poudre energétique  400 g","p":7.23,"u":"18,08 €/KG","img":"https://fd3-photos.leclercdrive.fr/image.ashx?id=2663045&use=l&cat=p&typeid=i","cat":318652},{"id":56511,"n":"Galettes sarrasin Bretagne NRT x6 - 300g","p":1.89,"u":"6,30 €/KG","img":"https://fd3-photos.leclercdrive.fr/image.ashx?id=2770268&use=l&cat=p&typeid=i","cat":333672},{"id":56517,"n":"Eau minérale naturelle Contrex 6x1.5L","p":3.0,"u":"0,33 €/L","img":"https://fd3-photos.leclercdrive.fr/image.ashx?id=2758773&use=l&cat=p&typeid=i","cat":284535},{"id":56547,"n":"Flocons d'avoine bio Bio Village - 500g","p":1.48,"u":"2,96 €/KG","img":"https://fd3-photos.leclercdrive.fr/image.ashx?id=2688243&use=l&cat=p&typeid=i","cat":309512},{"id":56571,"n":"Tomates entières pelées bio Bio Village - 240g","p":1.04,"u":"4,33 €/KG","img":"https://fd3-photos.leclercdrive.fr/image.ashx?id=2302982&use=l&cat=p&typeid=i","cat":312608},{"id":56574,"n":"Sel Fin de Table Rustica Boîte verseuse 500g","p":0.46,"u":"0,92 €/KG","img":"https://fd3-photos.leclercdrive.fr/image.ashx?id=2050681&use=l&cat=p&typeid=i","cat":284457},{"id":56609,"n":"Fromage à tartiner Madame Loïk Fouetté Nature - 320g","p":3.23,"u":"10,09 €/KG","img":"https://fd3-photos.leclercdrive.fr/image.ashx?id=2967798&use=l&cat=p&typeid=i","cat":314029},{"id":56610,"n":"Fromage à tartiner Madame Loïk Fouetté Nature - 180g","p":1.97,"u":"10,94 €/KG","img":"https://fd3-photos.leclercdrive.fr/image.ashx?id=2948015&use=l&cat=p&typeid=i","cat":314029},{"id":56613,"n":"IGP Pays d'Oc rouge Merlot Grand Sud 13.5% vol - BIB 5L","p":17.55,"u":"3,51 €/L","img":"https://fd3-photos.leclercdrive.fr/image.ashx?id=2837457&use=l&cat=p&typeid=i","cat":289556},{"id":56683,"n":"Pur jus d'ananas Bio Village  Bio - 1L","p":3.81,"u":"3,81 €/L","img":"https://fd3-photos.leclercdrive.fr/image.ashx?id=2901539&use=l&cat=p&typeid=i","cat":284916},{"id":56763,"n":"Vinaigre de vin Rustica  25cl","p":0.89,"u":"3,56 €/L","img":"https://fd3-photos.leclercdrive.fr/image.ashx?id=1072903&use=l&cat=p&typeid=i","cat":298543},{"id":56765,"n":"Vinaigre de cidre Rustica 25cl","p":0.79,"u":"3,16 €/L","img":"https://fd3-photos.leclercdrive.fr/image.ashx?id=1072906&use=l&cat=p&typeid=i","cat":298543},{"id":56767,"n":"Vinaigre balsamique Rustica De Modène - 25cl","p":1.27,"u":"5,08 €/L","img":"https://fd3-photos.leclercdrive.fr/image.ashx?id=2777812&use=l&cat=p&typeid=i","cat":298543},{"id":56770,"n":"Fleur de sel de Guérande IGP  NRT - 125g","p":2.49,"u":"19,92 €/KG","img":"https://fd3-photos.leclercdrive.fr/image.ashx?id=2644924&use=l&cat=p&typeid=i","cat":284457},{"id":56774,"n":"AOP Alsace Gewurtzraminer blanc Henri Ehrhart - 75 cl","p":6.8,"pp":5.1,"u":"6,80 €/L","img":"https://fd3-photos.leclercdrive.fr/image.ashx?id=1754404&use=l&cat=p&typeid=i","cat":289557},{"id":56831,"n":"Nuggets de poulet Maître Coq Sachet - 1kg","p":6.36,"u":"6,36 €/KG","img":"https://fd3-photos.leclercdrive.fr/image.ashx?id=2936404&use=l&cat=p&typeid=i","cat":319780},{"id":56845,"n":"Bâtonnets de poisson Findus  Colin d'Alaska MSC x16 - 448g","p":4.41,"u":"9,84 €/KG","img":"https://fd3-photos.leclercdrive.fr/image.ashx?id=2650684&use=l&cat=p&typeid=i","cat":319788},{"id":56852,"n":"Tablette de chocolat Côte d'or Lait Noisette - 4x180g","p":12.02,"u":"16,69 €/KG","img":"https://fd3-photos.leclercdrive.fr/image.ashx?id=2168660&use=l&cat=p&typeid=i","cat":284497},{"id":56853,"n":"Tablette de chocolat Côte d'or Noir noisette - 4x180g","p":12.21,"u":"16,96 €/KG","img":"https://fd3-photos.leclercdrive.fr/image.ashx?id=2167696&use=l&cat=p&typeid=i","cat":284956},{"id":56859,"n":"Pistaches Vico  230g","p":4.97,"u":"21,61 €/KG","img":"https://fd3-photos.leclercdrive.fr/image.ashx?id=2280149&use=l&cat=p&typeid=i","cat":284448},{"id":56861,"n":"Mini-flûtes Tokapi Tomate/olive/origan - 100g","p":1.59,"u":"15,90 €/KG","img":"https://fd3-photos.leclercdrive.fr/image.ashx?id=2374058&use=l&cat=p&typeid=i","cat":297000},{"id":56862,"n":"Couscous Comptoir du Grain  Fin - 1kg","p":2.17,"u":"2,17 €/KG","img":"https://fd3-photos.leclercdrive.fr/image.ashx?id=3012854&use=l&cat=p&typeid=i","cat":284429},{"id":56872,"n":"Tartiflette Côté Table  350g","p":2.9,"u":"8,29 €/KG","img":"https://fd3-photos.leclercdrive.fr/image.ashx?id=2970456&use=l&cat=p&typeid=i","cat":284953},{"id":56873,"n":"Hachis parmentier Côté Table 350g","p":2.53,"u":"7,23 €/KG","img":"https://fd3-photos.leclercdrive.fr/image.ashx?id=2393893&use=l&cat=p&typeid=i","cat":284953},{"id":56874,"n":"Lasagnes bolognaise Côté Table Barquette - 350g","p":2.39,"u":"6,83 €/KG","img":"https://fd3-photos.leclercdrive.fr/image.ashx?id=2476164&use=l&cat=p&typeid=i","cat":284953},{"id":56883,"n":"Recharge essential mist AirWick Jasmin étoile - 20ml","p":4.27,"u":"213,50 €/L","img":"https://fd3-photos.leclercdrive.fr/image.ashx?id=1596122&use=l&cat=p&typeid=i","cat":311629},{"id":56885,"n":"Gel coiffant Vitanove Effet invisible - 300ml","p":1.96,"u":"6,53 €/L","img":"https://fd3-photos.leclercdrive.fr/image.ashx?id=2879940&use=l&cat=p&typeid=i","cat":284609},{"id":56886,"n":"Gel coiffant Vitanove Effet mouillé - 300ml","p":1.53,"u":"5,10 €/L","img":"https://fd3-photos.leclercdrive.fr/image.ashx?id=2273361&use=l&cat=p&typeid=i","cat":284609},{"id":56899,"n":"Café en grains Sati  A l'italienne - 1kg","p":16.77,"u":"16,77 €/KG","img":"https://fd3-photos.leclercdrive.fr/image.ashx?id=2458307&use=l&cat=p&typeid=i","cat":293237},{"id":56919,"n":"Bière blonde Pelforth 5.8%vol - 20x25cl","p":11.73,"u":"2,35 €/L","img":"https://fd3-photos.leclercdrive.fr/image.ashx?id=2764523&use=l&cat=p&typeid=i","cat":334873},{"id":56935,"n":"Pâte à tartiner Nutella 400g","p":3.62,"u":"9,05 €/KG","img":"https://fd3-photos.leclercdrive.fr/image.ashx?id=2935645&use=l&cat=p&typeid=i","cat":284481},{"id":56953,"n":"Cordons bleus Côté Croc Au poulet x2 - 200g","p":1.59,"u":"7,95 €/KG","img":"https://fd3-photos.leclercdrive.fr/image.ashx?id=2801046&use=l&cat=p&typeid=i","cat":333683},{"id":56964,"n":"AOP Bordeaux rouge Bio Nos Racines - BIB 3L","p":18.09,"u":"6,03 €/L","img":"https://fd3-photos.leclercdrive.fr/image.ashx?id=1570321&use=l&cat=p&typeid=i","cat":289560},{"id":56967,"n":"Biscuits déli Matin P'tit Deli Pepites chocolat -  600g","p":3.31,"u":"5,52 €/KG","img":"https://fd3-photos.leclercdrive.fr/image.ashx?id=2999514&use=l&cat=p&typeid=i","cat":284491},{"id":56968,"n":"Rhum ambré Trois Rivières 40% vol - 70cl","p":13.82,"u":"19,74 €/L","img":"https://fd3-photos.leclercdrive.fr/image.ashx?id=2973670&use=l&cat=p&typeid=i","cat":284550},{"id":56980,"n":"Laque Vitanove  Maximum - 400ml","p":2.6,"u":"6,50 €/L","img":"https://fd3-photos.leclercdrive.fr/image.ashx?id=2490043&use=l&cat=p&typeid=i","cat":284609},{"id":56983,"n":"Laque Vitanove Ultra protect - 400ml","p":2.65,"u":"6,63 €/L","img":"https://fd3-photos.leclercdrive.fr/image.ashx?id=2490046&use=l&cat=p&typeid=i","cat":284609},{"id":56991,"n":"Eau de javel Clair Citron - 3x250ml","p":1.3,"u":"1,73 €/L","img":"https://fd3-photos.leclercdrive.fr/image.ashx?id=2949203&use=l&cat=p&typeid=i","cat":284661},{"id":56994,"n":"Pancakes Epi d'or x6 - 200g","p":2.63,"u":"13,15 €/KG","img":"https://fd3-photos.leclercdrive.fr/image.ashx?id=1905500&use=l&cat=p&typeid=i","cat":288858},{"id":56996,"n":"Jus de fruit Jafaden  Pur jus multifruits - 2L","p":2.59,"u":"1,30 €/L","img":"https://fd3-photos.leclercdrive.fr/image.ashx?id=2920196&use=l&cat=p&typeid=i","cat":284917},{"id":57017,"n":"Friandises chat Catisfactions Poulet - 60g","p":1.13,"u":"18,83 €/KG","img":"https://fd3-photos.leclercdrive.fr/image.ashx?id=2914762&use=l&cat=p&typeid=i","cat":285285},{"id":57030,"n":"Fromage Morbier NRT AOP  250g","p":3.55,"u":"14,20 €/KG","img":"https://fd3-photos.leclercdrive.fr/image.ashx?id=2624034&use=l&cat=p&typeid=i","cat":329184},{"id":57040,"n":"Bière blanche 1664 Blanc 5° - 6x25cl","p":4.65,"u":"3,10 €/L","img":"https://fd3-photos.leclercdrive.fr/image.ashx?id=2886699&use=l&cat=p&typeid=i","cat":334878},{"id":57041,"n":"Bière blonde 1664 5,5° - 6x33cl canettes","p":4.99,"pp":3.29,"u":"1,66 €/L","img":"https://fd3-photos.leclercdrive.fr/image.ashx?id=2887566&use=l&cat=p&typeid=i","cat":334853},{"id":57156,"n":"Yaourts Delilight Délisse Nature, 0% MG - 4x125g","p":1.09,"u":"2,18 €/KG","img":"https://fd3-photos.leclercdrive.fr/image.ashx?id=2920193&use=l&cat=p&typeid=i","cat":315000},{"id":57163,"n":"Yaourts aux fruits quartiers 16x125g","p":4.39,"u":"2,20 €/KG","img":"https://fd3-photos.leclercdrive.fr/image.ashx?id=2482890&use=l&cat=p&typeid=i","cat":284410},{"id":57186,"n":"Eau gazeuse Carola  Citron - 1.25L","p":0.92,"u":"0,74 €/L","img":"https://fd3-photos.leclercdrive.fr/image.ashx?id=2660760&use=l&cat=p&typeid=i","cat":284536},{"id":57187,"n":"Eau gazeuse Carola  Citron citron vert - 1,25L","p":1.04,"u":"0,83 €/L","img":"https://fd3-photos.leclercdrive.fr/image.ashx?id=2968220&use=l&cat=p&typeid=i","cat":284536},{"id":57188,"n":"Eau gazeuse Carola  Pample. orange sanguine - 1.25L","p":1.04,"u":"0,83 €/L","img":"https://fd3-photos.leclercdrive.fr/image.ashx?id=2660745&use=l&cat=p&typeid=i","cat":284536},{"id":57191,"n":"Fromage blanc crème brassé NRT AOP - 800g","p":3.19,"u":"3,99 €/KG","img":"https://fd3-photos.leclercdrive.fr/image.ashx?id=1946910&use=l&cat=p&typeid=i","cat":284409},{"id":57242,"n":"Lingettes multi-usages Sanytol Désinfectant Pamplemousse -x48","p":1.58,"u":"0,03 €/P","img":"https://fd3-photos.leclercdrive.fr/image.ashx?id=2511631&use=l&cat=p&typeid=i","cat":325358},{"id":57252,"n":"Crème fraîche Bridélice 18%mg Semi-épaisse 3x20cl+20cl offert","p":2.6,"u":"3,25 €/L","img":"https://fd3-photos.leclercdrive.fr/image.ashx?id=2663950&use=l&cat=p&typeid=i","cat":284381},{"id":57274,"n":"Boisson aux fruits Oasis Goût Pomme Cassis Framboise 1L","p":1.72,"u":"1,72 €/L","img":"https://fd3-photos.leclercdrive.fr/image.ashx?id=3011083&use=l&cat=p&typeid=i","cat":295018},{"id":57275,"n":"Boisson aux fruits Oasis Tropical - 1L","p":1.6,"u":"1,60 €/L","img":"https://fd3-photos.leclercdrive.fr/image.ashx?id=2666638&use=l&cat=p&typeid=i","cat":295018},{"id":57284,"n":"AOC Prosecco Riccadonna Extra Dry - 11° - 75cl","p":6.29,"u":"8,39 €/L","img":"https://fd3-photos.leclercdrive.fr/image.ashx?id=2666303&use=l&cat=p&typeid=i","cat":289461},{"id":57314,"n":"Risotto Fleury Michon Poulet et cèpes - 280g","p":3.14,"u":"11,21 €/KG","img":"https://fd3-photos.leclercdrive.fr/image.ashx?id=3003281&use=l&cat=p&typeid=i","cat":333665},{"id":57354,"n":"Duo de Sel & Poivre La Baleine Sel 50G - Poivre 18G","p":2.25,"u":"33,09 €/KG","img":"https://fd3-photos.leclercdrive.fr/image.ashx?id=1752097&use=l&cat=p&typeid=i","cat":284457},{"id":57359,"n":"Foie gras de canard Montfort A poêler - 8 à 10 pers  - 450g","p":22.49,"u":"49,98 €/KG","img":"https://fd3-photos.leclercdrive.fr/image.ashx?id=2276234&use=l&cat=p&typeid=i","cat":321330},{"id":57387,"n":"Crème Saint Agur  250g","p":3.98,"u":"15,92 €/KG","img":"https://fd3-photos.leclercdrive.fr/image.ashx?id=2414160&use=l&cat=p&typeid=i","cat":314029},{"id":57410,"n":"Croissants Croustipâte x4 - 240g","p":1.57,"u":"6,54 €/KG","img":"https://fd3-photos.leclercdrive.fr/image.ashx?id=2886100&use=l&cat=p&typeid=i","cat":333681},{"id":57627,"n":"Bacon Bio Village 10 tranches bio 100g","p":2.29,"u":"22,90 €/KG","img":"https://fd3-photos.leclercdrive.fr/image.ashx?id=2974846&use=l&cat=p&typeid=i","cat":316007},{"id":57683,"n":"Lait éveil Lactel Nature 12 mois à 36 mois - 12x25cl","p":7.62,"u":"2,54 €/L","img":"https://fd3-photos.leclercdrive.fr/image.ashx?id=2741478&use=l&cat=p&typeid=i","cat":284728},{"id":57684,"n":"Repas soir bio 12mois Babybio Panais legumes boulghour 230g","p":1.91,"u":"8,30 €/KG","img":"https://fd3-photos.leclercdrive.fr/image.ashx?id=2859359&use=l&cat=p&typeid=i","cat":312239},{"id":57685,"n":"Pots bébé bio Babybio Légumes poulet - 6 mois - 400g","p":2.88,"u":"7,20 €/KG","img":"https://fd3-photos.leclercdrive.fr/image.ashx?id=2827422&use=l&cat=p&typeid=i","cat":312236},{"id":57687,"n":"Repas du soir Babybio - 8 mois Bio Patates douces - 2x200g","p":2.94,"u":"7,35 €/KG","img":"https://fd3-photos.leclercdrive.fr/image.ashx?id=2168291&use=l&cat=p&typeid=i","cat":312239},{"id":57688,"n":"Bols soir bébé bio Babybio Purée, courgette -8 mois-2x200g","p":2.43,"u":"6,08 €/KG","img":"https://fd3-photos.leclercdrive.fr/image.ashx?id=2859365&use=l&cat=p&typeid=i","cat":312239},{"id":57690,"n":"Assiette bébé soir bio Babybio Gratin de légumes -15 mois-260g","p":2.02,"u":"7,77 €/KG","img":"https://fd3-photos.leclercdrive.fr/image.ashx?id=2827539&use=l&cat=p&typeid=i","cat":312239},{"id":57691,"n":"Gourde bébé Babybio Bio 6 mois Pomme/poire/pêche - 4x90g","p":2.89,"u":"8,03 €/KG","img":"https://fd3-photos.leclercdrive.fr/image.ashx?id=2733319&use=l&cat=p&typeid=i","cat":312393},{"id":57692,"n":"Gourde bébé Babybio - 6 mois Bio banane millet / Poire-4x90g","p":3.28,"u":"9,11 €/KG","img":"https://fd3-photos.leclercdrive.fr/image.ashx?id=2858234&use=l&cat=p&typeid=i","cat":312393},{"id":57693,"n":"Crème dessert bébé bio Babybio  Semoule cacao -8 mois- 4x85g","p":3.63,"u":"10,68 €/KG","img":"https://fd3-photos.leclercdrive.fr/image.ashx?id=2834527&use=l&cat=p&typeid=i","cat":312393},{"id":57694,"n":"Crème dessert bébé bio Babybio  Semoule vanille -6 mois- 4x85g","p":3.46,"u":"10,18 €/KG","img":"https://fd3-photos.leclercdrive.fr/image.ashx?id=2834530&use=l&cat=p&typeid=i","cat":312393},{"id":57696,"n":"Pots bébé bio Babybio - 6 mois  Légumes pâtes boeuf - 2x200g","p":3.11,"u":"7,78 €/KG","img":"https://fd3-photos.leclercdrive.fr/image.ashx?id=2838301&use=l&cat=p&typeid=i","cat":312236},{"id":57697,"n":"Pots bébé bio Babybio Panais jambon - 6 mois - 2x200g","p":3.6,"u":"9,00 €/KG","img":"https://fd3-photos.leclercdrive.fr/image.ashx?id=2838304&use=l&cat=p&typeid=i","cat":312236},{"id":57701,"n":"Petits pots Babybio 6 mois - Maïs doux - 2x130g","p":2.19,"u":"8,42 €/KG","img":"https://fd3-photos.leclercdrive.fr/image.ashx?id=2838461&use=l&cat=p&typeid=i","cat":312235},{"id":57703,"n":"Bols bébé soir bio Babybio Légumes pâtes - 8 mois - 2x200g","p":2.77,"u":"6,93 €/KG","img":"https://fd3-photos.leclercdrive.fr/image.ashx?id=2838311&use=l&cat=p&typeid=i","cat":312239},{"id":57705,"n":"Compote bébé Babybio Bio 4 mois Mirabelle Pomme - 2x130g","p":1.82,"u":"7,00 €/KG","img":"https://fd3-photos.leclercdrive.fr/image.ashx?id=2834518&use=l&cat=p&typeid=i","cat":312387},{"id":57713,"n":"Vin Union européenne blanc Lichette Alouettes - 5L","p":13.42,"u":"2,68 €/L","img":"https://fd3-photos.leclercdrive.fr/image.ashx?id=2859194&use=l&cat=p&typeid=i","cat":289557},{"id":57720,"n":"Repas bébé Babybio - 8 mois Pomme de terre/Chevre - 2x200g","p":3.1,"u":"7,75 €/KG","img":"https://fd3-photos.leclercdrive.fr/image.ashx?id=2827524&use=l&cat=p&typeid=i","cat":312235},{"id":57742,"n":"Lait croissance Guigoz Gest 3e âge - dès 12 mois - 800g","p":12.65,"u":"15,81 €/KG","img":"https://fd3-photos.leclercdrive.fr/image.ashx?id=2895023&use=l&cat=p&typeid=i","cat":290219},{"id":57760,"n":"Assiette bébé soir bio Babybio Aubergine pâtes -15 mois- 260g","p":1.77,"u":"6,81 €/KG","img":"https://fd3-photos.leclercdrive.fr/image.ashx?id=2855912&use=l&cat=p&typeid=i","cat":312239},{"id":57767,"n":"Tablette de chocolat noir Lindt Framboise intense - 100g","p":2.29,"u":"22,90 €/KG","img":"https://fd3-photos.leclercdrive.fr/image.ashx?id=2689484&use=l&cat=p&typeid=i","cat":318654},{"id":57768,"n":"Tablette de chocolat noir Lindt Sésame grillé - 100g","p":2.33,"u":"23,30 €/KG","img":"https://fd3-photos.leclercdrive.fr/image.ashx?id=2689490&use=l&cat=p&typeid=i","cat":284956},{"id":57772,"n":"Chocolat noir Lindt Création Menthe frappée - 150g","p":3.07,"u":"20,47 €/KG","img":"https://fd3-photos.leclercdrive.fr/image.ashx?id=2685817&use=l&cat=p&typeid=i","cat":284956},{"id":57775,"n":"Chocolat au lait Eco+ Noisette - 4x100g","p":3.08,"u":"7,70 €/KG","img":"https://fd3-photos.leclercdrive.fr/image.ashx?id=2775463&use=l&cat=p&typeid=i","cat":284497},{"id":57776,"n":"Chocolat au lait Eco+ Céréales - 4x100g","p":2.76,"u":"6,90 €/KG","img":"https://fd3-photos.leclercdrive.fr/image.ashx?id=2835187&use=l&cat=p&typeid=i","cat":284497},{"id":57779,"n":"Capsules café Plantation Espresso n°5 - x16 - 92g","p":2.69,"u":"29,24 €/KG","img":"https://fd3-photos.leclercdrive.fr/image.ashx?id=2649729&use=l&cat=p&typeid=i","cat":293239},{"id":57782,"n":"Capsules café Plantation Cappuccino - 2x8 - 166g","p":3.45,"u":"20,78 €/KG","img":"https://fd3-photos.leclercdrive.fr/image.ashx?id=2856558&use=l&cat=p&typeid=i","cat":293239},{"id":57783,"n":"Capsules café Plantation Espresso forte n°7 - x16 - 105g","p":2.99,"u":"28,48 €/KG","img":"https://fd3-photos.leclercdrive.fr/image.ashx?id=2649732&use=l&cat=p&typeid=i","cat":293239},{"id":57785,"n":"Capsules café Plantation Lungo n°6 - x16 - 99.2g","p":2.69,"u":"27,17 €/KG","img":"https://fd3-photos.leclercdrive.fr/image.ashx?id=2649735&use=l&cat=p&typeid=i","cat":293239},{"id":57786,"n":"Capsules café Plantation Gigante n°5 - x16 - 112g","p":2.99,"u":"26,70 €/KG","img":"https://fd3-photos.leclercdrive.fr/image.ashx?id=2649738&use=l&cat=p&typeid=i","cat":293239},{"id":57787,"n":"Céréales Jordans Country Crisp 4 Noix - 850g","p":4.18,"u":"4,92 €/KG","img":"https://fd3-photos.leclercdrive.fr/image.ashx?id=2860520&use=l&cat=p&typeid=i","cat":309512},{"id":57796,"n":"Bonbons KINDER Schoko-Bons Chocolat au lait - 300G","p":6.48,"u":"21,60 €/KG","img":"https://fd3-photos.leclercdrive.fr/image.ashx?id=2439692&use=l&cat=p&typeid=i","cat":304238},{"id":57804,"n":"Tomato Ketchup Heinz - 570g","p":2.23,"u":"3,91 €/KG","img":"https://fd3-photos.leclercdrive.fr/image.ashx?id=2924944&use=l&cat=p&typeid=i","cat":284455},{"id":57812,"n":"Petits pots bébé P'TITE RECETTE Couscous 8M+ - 2x200g","p":1.88,"u":"4,70 €/KG","img":"https://fd3-photos.leclercdrive.fr/image.ashx?id=2525696&use=l&cat=p&typeid=i","cat":312236},{"id":57813,"n":"Petits pots bébé P'TITE RECETTE Poulet Basquais 15M+ - 2 x 200g","p":2.12,"u":"5,30 €/KG","img":"https://fd3-photos.leclercdrive.fr/image.ashx?id=2737042&use=l&cat=p&typeid=i","cat":312238},{"id":57814,"n":"Petits pots bébé P'TITE RECETTE Hachis Parmentier 8M+ - 2x200g","p":1.85,"u":"4,63 €/KG","img":"https://fd3-photos.leclercdrive.fr/image.ashx?id=2629689&use=l&cat=p&typeid=i","cat":312236},{"id":57815,"n":"Petits pots bébé P'TITE RECETTE Spaghetti bolognaise 8m -2x200g","p":1.73,"u":"4,33 €/KG","img":"https://fd3-photos.leclercdrive.fr/image.ashx?id=2629683&use=l&cat=p&typeid=i","cat":312236},{"id":57821,"n":"Petits pots bébé PTIT SOUPER pâtes courgettes 6M+ - 2x200g","p":2.05,"u":"5,13 €/KG","img":"https://fd3-photos.leclercdrive.fr/image.ashx?id=2526523&use=l&cat=p&typeid=i","cat":312239},{"id":57823,"n":"Petits pots bébé P'TIT SOUPER Carottes semoule 6M+ - 2x200g","p":1.77,"u":"4,43 €/KG","img":"https://fd3-photos.leclercdrive.fr/image.ashx?id=2527109&use=l&cat=p&typeid=i","cat":312239},{"id":57824,"n":"Petits pots bébé P'TIT SOUPER Risotto carottes 12M+ - 2x200g","p":2.07,"u":"5,18 €/KG","img":"https://fd3-photos.leclercdrive.fr/image.ashx?id=2526526&use=l&cat=p&typeid=i","cat":312239},{"id":57953,"n":"Papier cuisson Albal x16 feuilles","p":3.17,"img":"https://fd3-photos.leclercdrive.fr/image.ashx?id=2551447&use=l&cat=p&typeid=i","cat":334134},{"id":57956,"n":"Serviettes fuites urinaires  TENA Discreet - Mini - x20","p":3.57,"u":"0,18 €/P","img":"https://fd3-photos.leclercdrive.fr/image.ashx?id=2597241&use=l&cat=p&typeid=i","cat":284628},{"id":57957,"n":"Serviette Tena Lady Discreet - Normal - x12","p":3.68,"u":"0,31 €/P","img":"https://fd3-photos.leclercdrive.fr/image.ashx?id=2597235&use=l&cat=p&typeid=i","cat":284628},{"id":57958,"n":"Eau de toilette Alix De Faure Nature de feu - 100ml","p":4.55,"u":"45,50 €/L","img":"https://fd3-photos.leclercdrive.fr/image.ashx?id=2741300&use=l&cat=p&typeid=i","cat":287740},{"id":57983,"n":"Râpe Électrique Velvet Smooth Exfoliante et Contour des Pieds","p":23.9,"img":"https://fd3-photos.leclercdrive.fr/image.ashx?id=2465143&use=l&cat=p&typeid=i","cat":325354},{"id":57984,"n":"Râpe Électrique 2 en 1 Exfoliante et Lissante Pieds","p":24.39,"u":"Dont 0,17 € d'éco-part.","img":"https://fd3-photos.leclercdrive.fr/image.ashx?id=2457473&use=l&cat=p&typeid=i","cat":325354},{"id":58119,"n":"Madeleines longue pépites sucre Le Ster x20 - 250g","p":1.66,"u":"6,64 €/KG","img":"https://fd3-photos.leclercdrive.fr/image.ashx?id=2962566&use=l&cat=p&typeid=i","cat":284492},{"id":58122,"n":"Colin d'Alaska Findus Façon meuniere - x2 - 250g","p":3.43,"u":"13,72 €/KG","img":"https://fd3-photos.leclercdrive.fr/image.ashx?id=2654914&use=l&cat=p&typeid=i","cat":319788},{"id":58125,"n":"flan dany chocolat 4x100g","p":1.5,"u":"3,75 €/KG","img":"https://fd3-photos.leclercdrive.fr/image.ashx?id=2132316&use=l&cat=p&typeid=i","cat":284414},{"id":58133,"n":"Tablette de chocolat Côte d'Or Lait/amande  - 2x180g","p":7.0,"u":"19,44 €/KG","img":"https://fd3-photos.leclercdrive.fr/image.ashx?id=2938004&use=l&cat=p&typeid=i","cat":284497},{"id":58138,"n":"Chocolat Noir Bio village Aux éclats d'amandes Bio - 100g","p":2.19,"u":"21,90 €/KG","img":"https://fd3-photos.leclercdrive.fr/image.ashx?id=2891896&use=l&cat=p&typeid=i","cat":284956},{"id":58139,"n":"Chocolat noir Bio Village Bio Écorce d'oranges - 100g","p":2.15,"u":"21,50 €/KG","img":"https://fd3-photos.leclercdrive.fr/image.ashx?id=2913769&use=l&cat=p&typeid=i","cat":284956},{"id":58141,"n":"Lentilles corail Bio Village Bio - 450g","p":1.97,"u":"4,38 €/KG","img":"https://fd3-photos.leclercdrive.fr/image.ashx?id=3002665&use=l&cat=p&typeid=i","cat":284430},{"id":58142,"n":"Confiture extra bio Bio Village Cassis - 370g","p":2.59,"u":"7,00 €/KG","img":"https://fd3-photos.leclercdrive.fr/image.ashx?id=2459587&use=l&cat=p&typeid=i","cat":284480},{"id":58143,"n":"Soin de jour L'Oréal Paris Age Perfect anti-âge - 50ml","p":11.97,"pp":7.9,"u":"158,00 €/L","img":"https://fd3-photos.leclercdrive.fr/image.ashx?id=2769744&use=l&cat=p&typeid=i","cat":325345},{"id":58201,"n":"Désodorisant Bien Air  Senteur muguet - 300ml","p":1.09,"u":"3,63 €/L","img":"https://fd3-photos.leclercdrive.fr/image.ashx?id=2607942&use=l&cat=p&typeid=i","cat":311626},{"id":58202,"n":"Désodorisant Bien Air Floral - 300ml","p":1.09,"u":"3,63 €/L","img":"https://fd3-photos.leclercdrive.fr/image.ashx?id=2614573&use=l&cat=p&typeid=i","cat":311626},{"id":58203,"n":"Désodorisant Bien Air  Fruits rouges - 300ml","p":1.35,"u":"4,50 €/L","img":"https://fd3-photos.leclercdrive.fr/image.ashx?id=2613723&use=l&cat=p&typeid=i","cat":311626},{"id":58205,"n":"Désodorisant Bien Air Vanille - 300ml","p":1.09,"u":"3,63 €/L","img":"https://fd3-photos.leclercdrive.fr/image.ashx?id=2613726&use=l&cat=p&typeid=i","cat":311626},{"id":58210,"n":"Galettes de céréales Céréal Bio Sarrasin & Comté Bio - 200g","p":2.1,"u":"10,50 €/KG","img":"https://fd3-photos.leclercdrive.fr/image.ashx?id=2624281&use=l&cat=p&typeid=i","cat":316036},{"id":58214,"n":"Carré gourmand Garden Gourmet Tomates et mozzarella 160g","p":2.6,"u":"16,25 €/KG","img":"https://fd3-photos.leclercdrive.fr/image.ashx?id=3009107&use=l&cat=p&typeid=i","cat":316036},{"id":58365,"n":"Tartelettes Chocolat P'tit Déli Fourrées au lait - 225g","p":1.39,"u":"6,18 €/KG","img":"https://fd3-photos.leclercdrive.fr/image.ashx?id=2523715&use=l&cat=p&typeid=i","cat":284488},{"id":58428,"n":"Sachet fraicheur chat Sheba Boeuf poulet en sauce - 6x50g","p":2.45,"u":"8,17 €/KG","img":"https://fd3-photos.leclercdrive.fr/image.ashx?id=2895927&use=l&cat=p&typeid=i","cat":285286},{"id":58444,"n":"Cacahuètes Benenuts-Twinuts Nature format familial - 260g","p":1.92,"u":"7,38 €/KG","img":"https://fd3-photos.leclercdrive.fr/image.ashx?id=2967744&use=l&cat=p&typeid=i","cat":284448},{"id":58449,"n":"Tomates pelées entières D'aucy 238g","p":1.03,"u":"4,33 €/KG","img":"https://fd3-photos.leclercdrive.fr/image.ashx?id=2503425&use=l&cat=p&typeid=i","cat":312608},{"id":58450,"n":"Tomates pelées entières D'aucy 476g","p":1.6,"u":"3,36 €/KG","img":"https://fd3-photos.leclercdrive.fr/image.ashx?id=2751996&use=l&cat=p&typeid=i","cat":312608},{"id":58451,"n":"Sachets repas chats Gourmet Mon Petit - Poisson - 6x50g","p":2.73,"u":"9,10 €/KG","img":"https://fd3-photos.leclercdrive.fr/image.ashx?id=2899686&use=l&cat=p&typeid=i","cat":285286},{"id":58457,"n":"Sachet repas chats Gourmet 12x85g","p":7.44,"u":"7,29 €/KG","img":"https://fd3-photos.leclercdrive.fr/image.ashx?id=2901124&use=l&cat=p&typeid=i","cat":285286},{"id":58459,"n":"Croquettes chat Purina One Adulte - Boeuf/Céréales - 1.5Kg","p":6.73,"u":"4,49 €/KG","img":"https://fd3-photos.leclercdrive.fr/image.ashx?id=2433548&use=l&cat=p&typeid=i","cat":284680},{"id":58460,"n":"Croquettes chat Purina One Boules de poils - Poulet -1.5Kg","p":8.02,"u":"5,35 €/KG","img":"https://fd3-photos.leclercdrive.fr/image.ashx?id=2868527&use=l&cat=p&typeid=i","cat":284680},{"id":58463,"n":"Gâche tranchée La Fournée Dorée 500g","p":2.17,"u":"4,34 €/KG","img":"https://fd3-photos.leclercdrive.fr/image.ashx?id=2277956&use=l&cat=p&typeid=i","cat":284478},{"id":58487,"n":"Croquettes chat Purina One Poulet - 11 ans et + - 1,5Kg","p":6.97,"u":"4,65 €/KG","img":"https://fd3-photos.leclercdrive.fr/image.ashx?id=2433575&use=l&cat=p&typeid=i","cat":284680},{"id":58502,"n":"Croquettes chat Purina One Stérilisé Adulte-Dinde/Blé -3kg","p":16.06,"u":"5,35 €/KG","img":"https://fd3-photos.leclercdrive.fr/image.ashx?id=2488055&use=l&cat=p&typeid=i","cat":284680},{"id":58505,"n":"Bière blonde Heineken Sans alcool - 6x25cl","p":4.31,"u":"2,87 €/L","img":"https://fd3-photos.leclercdrive.fr/image.ashx?id=2948528&use=l&cat=p&typeid=i","cat":334877},{"id":58510,"n":"Jambon cru fumé Eco+ 14 tranches - 200g","p":1.96,"u":"9,80 €/KG","img":"https://fd3-photos.leclercdrive.fr/image.ashx?id=2779172&use=l&cat=p&typeid=i","cat":316007},{"id":58518,"n":"Tortellini à la viande Eco+ 500g","p":1.74,"u":"3,48 €/KG","img":"https://fd3-photos.leclercdrive.fr/image.ashx?id=2606795&use=l&cat=p&typeid=i","cat":333682},{"id":58525,"n":"Salade choux rouge  Menu fraîcheur - 300g","p":1.81,"u":"6,03 €/KG","img":"https://fd3-photos.leclercdrive.fr/image.ashx?id=2901458&use=l&cat=p&typeid=i","cat":333657},{"id":58529,"n":"Pâte à tartiner L.Georgelin Cacao noisettes - 400g","p":3.95,"u":"9,88 €/KG","img":"https://fd3-photos.leclercdrive.fr/image.ashx?id=1557088&use=l&cat=p&typeid=i","cat":284481},{"id":58548,"n":"Sachets repas chats Purina One Sauce boeuf poulet x4 - 340g","p":1.93,"u":"5,68 €/KG","img":"https://fd3-photos.leclercdrive.fr/image.ashx?id=2468239&use=l&cat=p&typeid=i","cat":285286},{"id":58570,"n":"Friandises chien Pedigree  Récompense bœuf volaille - 155g","p":1.91,"u":"12,32 €/KG","img":"https://fd3-photos.leclercdrive.fr/image.ashx?id=2924779&use=l&cat=p&typeid=i","cat":294527},{"id":58577,"n":"Dessert bébé lacté Blédina 6m Abricot - 6x55g","p":2.43,"u":"7,36 €/KG","img":"https://fd3-photos.leclercdrive.fr/image.ashx?id=2952448&use=l&cat=p&typeid=i","cat":312392},{"id":58578,"n":"Dessert bébé lacté Blédina 6m Fraise - 6x55g","p":2.48,"u":"7,52 €/KG","img":"https://fd3-photos.leclercdrive.fr/image.ashx?id=2952451&use=l&cat=p&typeid=i","cat":312392},{"id":58582,"n":"Dessert bébé lacté Blédina 6m Poire - 6x55g","p":2.69,"u":"8,15 €/KG","img":"https://fd3-photos.leclercdrive.fr/image.ashx?id=2310680&use=l&cat=p&typeid=i","cat":312392},{"id":58610,"n":"Brocolis cuits Notre Jardin 750g","p":1.79,"u":"2,39 €/KG","img":"https://fd3-photos.leclercdrive.fr/image.ashx?id=2873153&use=l&cat=p&typeid=i","cat":319805},{"id":58618,"n":"Tarte Côté Table Saumon Poireau - 400g","p":3.09,"u":"7,73 €/KG","img":"https://fd3-photos.leclercdrive.fr/image.ashx?id=2791821&use=l&cat=p&typeid=i","cat":284257},{"id":58620,"n":"Tarte aux poireaux Côté Table 8x100g","p":6.08,"u":"7,60 €/KG","img":"https://fd3-photos.leclercdrive.fr/image.ashx?id=2426779&use=l&cat=p&typeid=i","cat":284257},{"id":58625,"n":"Cœurs de palmiers Géant Vert - 220g","p":3.53,"u":"16,05 €/KG","img":"https://fd3-photos.leclercdrive.fr/image.ashx?id=2840560&use=l&cat=p&typeid=i","cat":312611},{"id":58626,"n":"Coeurs d'artichauts Géant Vert - 240g","p":2.74,"u":"11,42 €/KG","img":"https://fd3-photos.leclercdrive.fr/image.ashx?id=2840566&use=l&cat=p&typeid=i","cat":312611},{"id":58628,"n":"Galettes riz bio bjorg  Complet  - 130g","p":1.25,"u":"9,62 €/KG","img":"https://fd3-photos.leclercdrive.fr/image.ashx?id=2978002&use=l&cat=p&typeid=i","cat":318651},{"id":58629,"n":"galettes de maïs bio bjorg Extra fines - 130g","p":1.37,"u":"10,54 €/KG","img":"https://fd3-photos.leclercdrive.fr/image.ashx?id=2978005&use=l&cat=p&typeid=i","cat":318651},{"id":58634,"n":"Soupe 12 légumes Knorr Fromage frais  - 1L","p":2.88,"u":"2,88 €/L","img":"https://fd3-photos.leclercdrive.fr/image.ashx?id=2656249&use=l&cat=p&typeid=i","cat":284462},{"id":58635,"n":"Soupe Douceur automne Knorr Crème fraîche - 1L","p":2.22,"u":"2,22 €/L","img":"https://fd3-photos.leclercdrive.fr/image.ashx?id=2212824&use=l&cat=p&typeid=i","cat":284462},{"id":58636,"n":"Soupe Douceur potiron Knorr Chataigne - 1L","p":2.84,"u":"2,84 €/L","img":"https://fd3-photos.leclercdrive.fr/image.ashx?id=2420033&use=l&cat=p&typeid=i","cat":284462},{"id":58648,"n":"Comté AOP  15 mois - 200g","p":5.43,"u":"27,15 €/KG","img":"https://fd3-photos.leclercdrive.fr/image.ashx?id=2692575&use=l&cat=p&typeid=i","cat":314034},{"id":58650,"n":"Pizza Merveillosa Turini 4 fromages - 340g","p":2.11,"u":"6,21 €/KG","img":"https://fd3-photos.leclercdrive.fr/image.ashx?id=2815244&use=l&cat=p&typeid=i","cat":284256},{"id":58652,"n":"Pizza à partager Turini 3 fromages - 500g","p":2.79,"u":"5,58 €/KG","img":"https://fd3-photos.leclercdrive.fr/image.ashx?id=2816588&use=l&cat=p&typeid=i","cat":284256},{"id":58655,"n":"Poêlée fermière Notre Jardin 750g","p":2.89,"u":"3,85 €/KG","img":"https://fd3-photos.leclercdrive.fr/image.ashx?id=2878597&use=l&cat=p&typeid=i","cat":319823},{"id":58674,"n":"Saucisse de veau x6 - 330g","p":4.48,"u":"13,58 €/KG","img":"https://fd3-photos.leclercdrive.fr/image.ashx?id=2831284&use=l&cat=p&typeid=i","cat":284334},{"id":58681,"n":"Légumes potage potiron carottes Notre jardin - 1 kg","p":1.91,"u":"1,91 €/KG","img":"https://fd3-photos.leclercdrive.fr/image.ashx?id=2046493&use=l&cat=p&typeid=i","cat":319805},{"id":58682,"n":"Myrtilles Fruistar 650g","p":5.99,"u":"9,22 €/KG","img":"https://fd3-photos.leclercdrive.fr/image.ashx?id=2072620&use=l&cat=p&typeid=i","cat":284268},{"id":58693,"n":"Galettes de pommes de terre NRT à l'Alsacienne - 670g","p":2.99,"u":"4,46 €/KG","img":"https://fd3-photos.leclercdrive.fr/image.ashx?id=2699822&use=l&cat=p&typeid=i","cat":319792},{"id":58716,"n":"Duo de Courgettes Notre Jardin Tomates - 900g","p":2.45,"u":"2,72 €/KG","img":"https://fd3-photos.leclercdrive.fr/image.ashx?id=2404290&use=l&cat=p&typeid=i","cat":319823},{"id":58952,"n":"Yaourts à boire Actimel framboise fruit rouge - 12x100g","p":5.46,"u":"4,55 €/KG","img":"https://fd3-photos.leclercdrive.fr/image.ashx?id=2996476&use=l&cat=p&typeid=i","cat":284415},{"id":58970,"n":"Crémant Bourgogne Veuve Ambal AOP Brut millésimé - 75cl","p":8.38,"u":"11,17 €/L","img":"https://fd3-photos.leclercdrive.fr/image.ashx?id=2887815&use=l&cat=p&typeid=i","cat":284544},{"id":58974,"n":"Amer Preiss 15° - 1L","p":7.6,"u":"7,60 €/L","img":"https://fd3-photos.leclercdrive.fr/image.ashx?id=2178722&use=l&cat=p&typeid=i","cat":286032},{"id":59025,"n":"Pur beurre cacahuète Jardin Bio Bio - 350g","p":4.17,"u":"11,91 €/KG","img":"https://fd3-photos.leclercdrive.fr/image.ashx?id=3000312&use=l&cat=p&typeid=i","cat":284481},{"id":59027,"n":"Dessert fruitier bio Jardin Bio Pomme nature - 680g","p":2.83,"u":"4,16 €/KG","img":"https://fd3-photos.leclercdrive.fr/image.ashx?id=2999297&use=l&cat=p&typeid=i","cat":284508},{"id":59037,"n":"Saumon fumé de Norvège Vici 10 tranches - 400g","p":14.51,"u":"36,28 €/KG","img":"https://fd3-photos.leclercdrive.fr/image.ashx?id=2023568&use=l&cat=p&typeid=i","cat":285188},{"id":59038,"n":"Café moulu L'Or Intense 100% Arabica - 2x250g","p":9.28,"u":"18,56 €/KG","img":"https://fd3-photos.leclercdrive.fr/image.ashx?id=2020062&use=l&cat=p&typeid=i","cat":284750},{"id":59041,"n":"Céréales Extra Kellogg's Chocolat au lait - 800g","p":4.87,"u":"6,09 €/KG","img":"https://fd3-photos.leclercdrive.fr/image.ashx?id=2694941&use=l&cat=p&typeid=i","cat":309512},{"id":59043,"n":"Lait en poudre Régilait Entier - 300g","p":2.99,"u":"9,97 €/KG","img":"https://fd3-photos.leclercdrive.fr/image.ashx?id=2110074&use=l&cat=p&typeid=i","cat":293236},{"id":59235,"n":"Café dosettes Tassimo L'Or Café Long Classique x24","p":6.62,"u":"42,44 €/KG","img":"https://fd3-photos.leclercdrive.fr/image.ashx?id=2100356&use=l&cat=p&typeid=i","cat":293240},{"id":59242,"n":"Gourde bébé Babybio Bio 6 mois Abricot/banane/pomme - 360g","p":2.96,"u":"8,22 €/KG","img":"https://fd3-photos.leclercdrive.fr/image.ashx?id=2850548&use=l&cat=p&typeid=i","cat":312393},{"id":59249,"n":"Huile de coco Jardin Bio Bio - 200ml","p":3.75,"u":"18,75 €/L","img":"https://fd3-photos.leclercdrive.fr/image.ashx?id=2790135&use=l&cat=p&typeid=i","cat":284453},{"id":59251,"n":"Ravioli Jardin Bio  Bio légumes - 250g","p":2.48,"u":"9,92 €/KG","img":"https://fd3-photos.leclercdrive.fr/image.ashx?id=2535568&use=l&cat=p&typeid=i","cat":287600},{"id":59252,"n":"Café dosettes Tassimo Maxwell House - caramel x8","p":6.03,"u":"22,50 €/KG","img":"https://fd3-photos.leclercdrive.fr/image.ashx?id=2100254&use=l&cat=p&typeid=i","cat":293240},{"id":59253,"n":"Café dosettes Tassimo L'Or Petit Déjeuner Classique x24","p":7.35,"u":"36,93 €/KG","img":"https://fd3-photos.leclercdrive.fr/image.ashx?id=2100365&use=l&cat=p&typeid=i","cat":293240},{"id":59257,"n":"Café dosettes Tassimo Grand-mère - petit déjeuner x16","p":3.94,"u":"29,62 €/KG","img":"https://fd3-photos.leclercdrive.fr/image.ashx?id=2100359&use=l&cat=p&typeid=i","cat":293240},{"id":59271,"n":"Sauce tomate cuisinée Panzani Ail et oignon - 500g","p":1.8,"u":"3,60 €/KG","img":"https://fd3-photos.leclercdrive.fr/image.ashx?id=2884303&use=l&cat=p&typeid=i","cat":288384},{"id":59277,"n":"Bonbons acidulés têtes brûlées Fraise/framboise-kitache-135g","p":1.84,"u":"13,63 €/KG","img":"https://fd3-photos.leclercdrive.fr/image.ashx?id=3008650&use=l&cat=p&typeid=i","cat":304250},{"id":59284,"n":"Maoam Mixx Haribo Sachet bonbons - 250g","p":2.07,"u":"8,28 €/KG","img":"https://fd3-photos.leclercdrive.fr/image.ashx?id=2876956&use=l&cat=p&typeid=i","cat":304250},{"id":59285,"n":"Chewing-gum sans sucre Airwaves Menthol Extrême 5x10 - 70g","p":2.17,"u":"31,00 €/KG","img":"https://fd3-photos.leclercdrive.fr/image.ashx?id=2024399&use=l&cat=p&typeid=i","cat":304251},{"id":59287,"n":"Cornichons Rustica 6 épices - 360g","p":2.31,"u":"6,42 €/KG","img":"https://fd3-photos.leclercdrive.fr/image.ashx?id=2916710&use=l&cat=p&typeid=i","cat":284458},{"id":59288,"n":"IGP Gros sel - Le Guérandais Sachet - 800g","p":1.32,"u":"1,65 €/KG","img":"https://fd3-photos.leclercdrive.fr/image.ashx?id=2458622&use=l&cat=p&typeid=i","cat":284457},{"id":59291,"n":"Sauce bolognaise Bio Village  Bio - 350g","p":1.69,"u":"4,83 €/KG","img":"https://fd3-photos.leclercdrive.fr/image.ashx?id=2753381&use=l&cat=p&typeid=i","cat":287599},{"id":59292,"n":"Œufs au plat Haribo Sachet bonbons - 300g","p":1.58,"u":"5,27 €/KG","img":"https://fd3-photos.leclercdrive.fr/image.ashx?id=2984892&use=l&cat=p&typeid=i","cat":304250},{"id":59293,"n":"Sauce provençale Bio Village  Bio - 350g","p":1.63,"u":"4,66 €/KG","img":"https://fd3-photos.leclercdrive.fr/image.ashx?id=2712995&use=l&cat=p&typeid=i","cat":287599},{"id":59296,"n":"Sauce tomate Bio Village  Basilic bio - 350g","p":1.63,"u":"4,66 €/KG","img":"https://fd3-photos.leclercdrive.fr/image.ashx?id=2696289&use=l&cat=p&typeid=i","cat":287599},{"id":59305,"n":"Sauce American Burger Heinz - 230g","p":1.73,"u":"7,52 €/KG","img":"https://fd3-photos.leclercdrive.fr/image.ashx?id=2973354&use=l&cat=p&typeid=i","cat":318431},{"id":59307,"n":"Miami Pik Haribo Sachet bonbons acidulés - 200g","p":1.46,"u":"7,30 €/KG","img":"https://fd3-photos.leclercdrive.fr/image.ashx?id=2984895&use=l&cat=p&typeid=i","cat":304250},{"id":59311,"n":"Olives Apéro Tramier  À l'Ail 150g","p":2.38,"u":"15,87 €/KG","img":"https://fd3-photos.leclercdrive.fr/image.ashx?id=2639299&use=l&cat=p&typeid=i","cat":284458},{"id":59318,"n":"Caserecce Tradizioni d'Italia N°168 - 500g","p":1.69,"u":"3,38 €/KG","img":"https://fd3-photos.leclercdrive.fr/image.ashx?id=2657313&use=l&cat=p&typeid=i","cat":284427},{"id":59319,"n":"Penne rigate Tradizioni Italia N°133 - 500g","p":1.52,"u":"3,04 €/KG","img":"https://fd3-photos.leclercdrive.fr/image.ashx?id=2657316&use=l&cat=p&typeid=i","cat":284427},{"id":59324,"n":"Pipe rigate Tradizioni d'Italia N°179 - 500g","p":1.59,"u":"3,18 €/KG","img":"https://fd3-photos.leclercdrive.fr/image.ashx?id=2657319&use=l&cat=p&typeid=i","cat":284427},{"id":59327,"n":"Pâtes de fruits St Siffrein  4 saisons - 720g","p":6.73,"u":"9,35 €/KG","img":"https://fd3-photos.leclercdrive.fr/image.ashx?id=2504176&use=l&cat=p&typeid=i","cat":304249},{"id":59336,"n":"Barquette chien Cesar Terrine poulet - 300g","p":1.79,"u":"5,97 €/KG","img":"https://fd3-photos.leclercdrive.fr/image.ashx?id=2091323&use=l&cat=p&typeid=i","cat":284673},{"id":59339,"n":"Barquette chien sénior Cesar Terrine en gelée - 4x150g","p":3.93,"u":"6,55 €/KG","img":"https://fd3-photos.leclercdrive.fr/image.ashx?id=2091320&use=l&cat=p&typeid=i","cat":284673},{"id":59340,"n":"Barquette chien Cesar Terrine cœur légumes - 4x150g","p":3.93,"u":"6,55 €/KG","img":"https://fd3-photos.leclercdrive.fr/image.ashx?id=2091317&use=l&cat=p&typeid=i","cat":284673},{"id":59343,"n":"Pâtes Tradizioni d'Italia Linguine n°121 - 500g","p":1.52,"u":"3,04 €/KG","img":"https://fd3-photos.leclercdrive.fr/image.ashx?id=2657322&use=l&cat=p&typeid=i","cat":284427},{"id":59344,"n":"Barquette chien Cesar Terrine du jardin - 4x300g","p":6.64,"u":"5,53 €/KG","img":"https://fd3-photos.leclercdrive.fr/image.ashx?id=2091308&use=l&cat=p&typeid=i","cat":284673},{"id":59345,"n":"Rigatoni Tradizioni d'Italia N°124 - 500g","p":1.69,"u":"3,38 €/KG","img":"https://fd3-photos.leclercdrive.fr/image.ashx?id=2657325&use=l&cat=p&typeid=i","cat":284427},{"id":59348,"n":"Taralli pouille Huile d'olive - 400g","p":3.08,"u":"7,70 €/KG","img":"https://fd3-photos.leclercdrive.fr/image.ashx?id=2670524&use=l&cat=p&typeid=i","cat":297000},{"id":59382,"n":"Grissini Grangrissi 300g","p":2.61,"u":"8,70 €/KG","img":"https://fd3-photos.leclercdrive.fr/image.ashx?id=2743927&use=l&cat=p&typeid=i","cat":297000},{"id":59398,"n":"Café moulu L'Or Intense 100% Arabica - 3x250g","p":13.9,"u":"18,53 €/KG","img":"https://fd3-photos.leclercdrive.fr/image.ashx?id=2802377&use=l&cat=p&typeid=i","cat":284750},{"id":59407,"n":"Biscuits Choc&Choc Milka  175g","p":1.83,"u":"10,46 €/KG","img":"https://fd3-photos.leclercdrive.fr/image.ashx?id=2314599&use=l&cat=p&typeid=i","cat":284495},{"id":59499,"n":"Bière Chouffe Blonde 75cl","p":4.76,"u":"6,35 €/L","img":"https://fd3-photos.leclercdrive.fr/image.ashx?id=2959199&use=l&cat=p&typeid=i","cat":334872},{"id":59508,"n":"Bière Delirium Tremens Blonde 75cl","p":5.97,"u":"7,96 €/L","img":"https://fd3-photos.leclercdrive.fr/image.ashx?id=1868263&use=l&cat=p&typeid=i","cat":334872},{"id":59539,"n":"Pêches Douceur du Verger Sirop léger - 230 g","p":1.26,"u":"5,48 €/KG","img":"https://fd3-photos.leclercdrive.fr/image.ashx?id=2666468&use=l&cat=p&typeid=i","cat":284507},{"id":59563,"n":"Galette de maïs GERBLE Chocolat au lait - 124g","p":1.71,"u":"13,79 €/KG","img":"https://fd3-photos.leclercdrive.fr/image.ashx?id=2664034&use=l&cat=p&typeid=i","cat":318651},{"id":59564,"n":"Galette riz chocolat Gerblé   Chocolat noir - 130,4g","p":1.7,"u":"13,08 €/KG","img":"https://fd3-photos.leclercdrive.fr/image.ashx?id=2664037&use=l&cat=p&typeid=i","cat":318651},{"id":59565,"n":"Pâte à tartiner Nustikao 1kg","p":4.25,"u":"4,25 €/KG","img":"https://fd3-photos.leclercdrive.fr/image.ashx?id=2958041&use=l&cat=p&typeid=i","cat":284481},{"id":59586,"n":"Boisson énergisante Dark Dog Bouteille - 1L","p":2.59,"u":"2,59 €/L","img":"https://fd3-photos.leclercdrive.fr/image.ashx?id=2678269&use=l&cat=p&typeid=i","cat":284533},{"id":59591,"n":"Boisson base vodka Eristoff Black 18° - 70cl","p":12.9,"u":"18,43 €/L","img":"https://fd3-photos.leclercdrive.fr/image.ashx?id=2842882&use=l&cat=p&typeid=i","cat":284550},{"id":59601,"n":"Bière blonde 3 Monts 6x33cl","p":7.87,"u":"3,97 €/L","img":"https://fd3-photos.leclercdrive.fr/image.ashx?id=2548189&use=l&cat=p&typeid=i","cat":334852},{"id":59608,"n":"Crémant d'Alsace P. Mittnacht Brut AOC - 75cl","p":5.45,"u":"7,27 €/L","img":"https://fd3-photos.leclercdrive.fr/image.ashx?id=1758202&use=l&cat=p&typeid=i","cat":284545},{"id":59618,"n":"Soupe Knorr Tomates/mozza - 1L","p":2.7,"u":"2,70 €/L","img":"https://fd3-photos.leclercdrive.fr/image.ashx?id=2408258&use=l&cat=p&typeid=i","cat":284462},{"id":59655,"n":"Dentifrice Email Diamant Rouge - 75ml","p":4.25,"u":"56,67 €/L","img":"https://fd3-photos.leclercdrive.fr/image.ashx?id=1781297&use=l&cat=p&typeid=i","cat":284612},{"id":59676,"n":"Biscuits Mini BN  Goûter à la fraise - 350g","p":2.62,"u":"7,49 €/KG","img":"https://fd3-photos.leclercdrive.fr/image.ashx?id=2748215&use=l&cat=p&typeid=i","cat":284489},{"id":59678,"n":"Sardines Saupiquet  Entières au piment  - 120g","p":1.33,"u":"11,08 €/KG","img":"https://fd3-photos.leclercdrive.fr/image.ashx?id=2332216&use=l&cat=p&typeid=i","cat":305146},{"id":59685,"n":"Salade Saupiquet Les Saladières Parisiennes-220g","p":2.7,"u":"12,27 €/KG","img":"https://fd3-photos.leclercdrive.fr/image.ashx?id=2907578&use=l&cat=p&typeid=i","cat":284437},{"id":59687,"n":"Sardines Connetable Olive/citron - 135g","p":2.67,"u":"19,78 €/KG","img":"https://fd3-photos.leclercdrive.fr/image.ashx?id=2618951&use=l&cat=p&typeid=i","cat":305146},{"id":59713,"n":"Gros cornichons Rustica  Aigre doux - 850g","p":2.69,"u":"3,16 €/KG","img":"https://fd3-photos.leclercdrive.fr/image.ashx?id=2916707&use=l&cat=p&typeid=i","cat":284458},{"id":59714,"n":"Cacahuètes Tokapi  Grillées à sec - 200g","p":0.78,"u":"3,90 €/KG","img":"https://fd3-photos.leclercdrive.fr/image.ashx?id=2799781&use=l&cat=p&typeid=i","cat":284448},{"id":59717,"n":"Saucisse grillée Purée pomme de terre La Cuisine d'Océane 300g","p":2.73,"u":"9,10 €/KG","img":"https://fd3-photos.leclercdrive.fr/image.ashx?id=2962338&use=l&cat=p&typeid=i","cat":284953},{"id":59718,"n":"Saumon tagliatelles D'Aucy Micro-ondes - 300g","p":2.51,"u":"8,37 €/KG","img":"https://fd3-photos.leclercdrive.fr/image.ashx?id=2117168&use=l&cat=p&typeid=i","cat":284953},{"id":59722,"n":"Crème légère semi-épaisse  Bridélice 18%mg - 3x20cl","p":2.5,"u":"4,17 €/L","img":"https://fd3-photos.leclercdrive.fr/image.ashx?id=2904733&use=l&cat=p&typeid=i","cat":284381},{"id":59730,"n":"Blinis Cocktail Blini  x16 - 135g","p":1.37,"u":"10,15 €/KG","img":"https://fd3-photos.leclercdrive.fr/image.ashx?id=2971020&use=l&cat=p&typeid=i","cat":285191},{"id":59735,"n":"Bâtonnets surimi Ciepe Arôme Crabe x12 - 200g","p":1.84,"u":"9,20 €/KG","img":"https://fd3-photos.leclercdrive.fr/image.ashx?id=2973126&use=l&cat=p&typeid=i","cat":285189},{"id":59760,"n":"Lingettes liniment Biolane Oleo calcaire - x64","p":3.38,"img":"https://fd3-photos.leclercdrive.fr/image.ashx?id=2875378&use=l&cat=p&typeid=i","cat":284738},{"id":59761,"n":"Lingettes Lotus Baby Peau nette - x64","p":2.06,"u":"0,03 €/P","img":"https://fd3-photos.leclercdrive.fr/image.ashx?id=2904431&use=l&cat=p&typeid=i","cat":284738},{"id":59774,"n":"Sérum physiologique Biolane 30x5ml","p":4.17,"u":"27,80 €/L","img":"https://fd3-photos.leclercdrive.fr/image.ashx?id=2733232&use=l&cat=p&typeid=i","cat":284741},{"id":59779,"n":"Tablette chocolat Côte d'Or Chocolat noir/pistaches - 180g","p":3.92,"u":"21,78 €/KG","img":"https://fd3-photos.leclercdrive.fr/image.ashx?id=1885680&use=l&cat=p&typeid=i","cat":284497},{"id":59935,"n":"IGP Cancoillotte ail mini La Belle Etoile - 4x30g","p":1.81,"u":"15,08 €/KG","img":"https://fd3-photos.leclercdrive.fr/image.ashx?id=2284421&use=l&cat=p&typeid=i","cat":314037},{"id":60000,"n":"Biscuits Karelea Palmier - 100g","p":2.47,"u":"24,70 €/KG","img":"https://fd3-photos.leclercdrive.fr/image.ashx?id=2896357&use=l&cat=p&typeid=i","cat":284487},{"id":60015,"n":"Pancakes Pasquier x10 - 350g","p":1.97,"u":"5,63 €/KG","img":"https://fd3-photos.leclercdrive.fr/image.ashx?id=2688878&use=l&cat=p&typeid=i","cat":284495},{"id":60029,"n":"Brioche Harrys Mini Tressée Nature au sucre perlé - 210g","p":1.97,"u":"9,38 €/KG","img":"https://fd3-photos.leclercdrive.fr/image.ashx?id=2667742&use=l&cat=p&typeid=i","cat":284478},{"id":60051,"n":"Gâteaux Lulu L'Ourson Fraise - 150g","p":1.42,"u":"9,47 €/KG","img":"https://fd3-photos.leclercdrive.fr/image.ashx?id=3008050&use=l&cat=p&typeid=i","cat":284495},{"id":60060,"n":"AOC Pinot Gris Vin blanc A. Schoech cuvée Prestige- 75cl","p":6.45,"u":"8,60 €/L","img":"https://fd3-photos.leclercdrive.fr/image.ashx?id=2332213&use=l&cat=p&typeid=i","cat":289557},{"id":60115,"n":"Tofu aux herbes Céréal Bio Bio - 250g","p":2.67,"u":"10,68 €/KG","img":"https://fd3-photos.leclercdrive.fr/image.ashx?id=2624284&use=l&cat=p&typeid=i","cat":316036},{"id":60118,"n":"Ratatouille niçoise D'aucy  750g","p":2.05,"u":"2,73 €/KG","img":"https://fd3-photos.leclercdrive.fr/image.ashx?id=2665904&use=l&cat=p&typeid=i","cat":312612},{"id":60124,"n":"Compotes Pom'Potes Gourdes  Pomme Nature - 4x90g","p":1.69,"u":"4,69 €/KG","img":"https://fd3-photos.leclercdrive.fr/image.ashx?id=2983003&use=l&cat=p&typeid=i","cat":284508},{"id":60127,"n":"Pruneaux d'Agen dénoyautés Bio Maître Prunille IGP - 250g","p":5.4,"u":"21,60 €/KG","img":"https://fd3-photos.leclercdrive.fr/image.ashx?id=2090210&use=l&cat=p&typeid=i","cat":284357},{"id":60138,"n":"Bûche de chèvre Bio Soignon 180g","p":3.12,"u":"17,33 €/KG","img":"https://fd3-photos.leclercdrive.fr/image.ashx?id=2676741&use=l&cat=p&typeid=i","cat":314031},{"id":60140,"n":"Falafels Céréal Bio  Pois chiches épinards Bio- 180g","p":2.81,"u":"15,61 €/KG","img":"https://fd3-photos.leclercdrive.fr/image.ashx?id=2657430&use=l&cat=p&typeid=i","cat":316036},{"id":60150,"n":"Fromage l'Ortolan Bio Fromagerie Milleret - 250g","p":3.18,"u":"12,72 €/KG","img":"https://fd3-photos.leclercdrive.fr/image.ashx?id=2732866&use=l&cat=p&typeid=i","cat":314033},{"id":60151,"n":"Cordon bleu Nature de France  Emmental Bio - 200g","p":5.51,"u":"27,55 €/KG","img":"https://fd3-photos.leclercdrive.fr/image.ashx?id=2967827&use=l&cat=p&typeid=i","cat":333683},{"id":60158,"n":"Pâtes Spaghetti Valfleuri 250g","p":1.54,"u":"6,16 €/KG","img":"https://fd3-photos.leclercdrive.fr/image.ashx?id=2414828&use=l&cat=p&typeid=i","cat":284427},{"id":60161,"n":"Pâtes Coquillettes Valfleuri 250g","p":1.43,"u":"5,72 €/KG","img":"https://fd3-photos.leclercdrive.fr/image.ashx?id=1893217&use=l&cat=p&typeid=i","cat":284427},{"id":60165,"n":"Boisson végétale Alpro noisette - 1l","p":2.17,"u":"2,17 €/L","img":"https://fd3-photos.leclercdrive.fr/image.ashx?id=2849602&use=l&cat=p&typeid=i","cat":316067},{"id":60171,"n":"boisson végétale lait d'amande grillée alpro -1l","p":2.09,"u":"2,09 €/L","img":"https://fd3-photos.leclercdrive.fr/image.ashx?id=2988671&use=l&cat=p&typeid=i","cat":316067},{"id":60174,"n":"Madeleine Bonne Maman  Chocolat au lait x10 - 300g","p":3.38,"u":"11,27 €/KG","img":"https://fd3-photos.leclercdrive.fr/image.ashx?id=2949940&use=l&cat=p&typeid=i","cat":284492},{"id":60175,"n":"Madeleines St Michel  Oeuf en plein air - 1kg","p":4.31,"u":"4,31 €/KG","img":"https://fd3-photos.leclercdrive.fr/image.ashx?id=2936194&use=l&cat=p&typeid=i","cat":284492},{"id":60186,"n":"Gaufres Bonne Maman  x6 - 300g","p":3.13,"u":"10,43 €/KG","img":"https://fd3-photos.leclercdrive.fr/image.ashx?id=1927452&use=l&cat=p&typeid=i","cat":294777},{"id":60197,"n":"IGP Pâtes Ondine Valfleuri 500g","p":2.97,"u":"5,94 €/KG","img":"https://fd3-photos.leclercdrive.fr/image.ashx?id=2939535&use=l&cat=p&typeid=i","cat":284427},{"id":60204,"n":"Crêpes de landerneau Le Ster Le pâtissier x12 - 300g","p":2.13,"u":"7,10 €/KG","img":"https://fd3-photos.leclercdrive.fr/image.ashx?id=2962860&use=l&cat=p&typeid=i","cat":284494},{"id":60258,"n":"AOP Côteaux Varois en Provence Rosé Estandon Lumière - 75cl","p":6.0,"u":"8,00 €/L","img":"https://fd3-photos.leclercdrive.fr/image.ashx?id=2889460&use=l&cat=p&typeid=i","cat":289558},{"id":60276,"n":"Champagne Canard Duchêne Réserve Brut - 75cl","p":25.99,"u":"34,65 €/L","img":"https://fd3-photos.leclercdrive.fr/image.ashx?id=2757256&use=l&cat=p&typeid=i","cat":284542},{"id":60289,"n":"IGP Pays d'Oc rosé Syrah by Haussmann - 75cl","p":3.57,"u":"4,76 €/L","img":"https://fd3-photos.leclercdrive.fr/image.ashx?id=2478324&use=l&cat=p&typeid=i","cat":289558},{"id":60291,"n":"IGP Vin Rouge Pays d'Oc By Haussmann - 75cl","p":3.53,"u":"4,71 €/L","img":"https://fd3-photos.leclercdrive.fr/image.ashx?id=2107603&use=l&cat=p&typeid=i","cat":289556},{"id":60293,"n":"IGP Pays d'Oc Merlot Vin rouge By Haussmann - 75cl","p":3.56,"u":"4,75 €/L","img":"https://fd3-photos.leclercdrive.fr/image.ashx?id=2478321&use=l&cat=p&typeid=i","cat":289556},{"id":60382,"n":"Soin de jour L'Oréal Paris Age Perfect anti-rides - 50ml","p":11.97,"pp":7.9,"u":"158,00 €/L","img":"https://fd3-photos.leclercdrive.fr/image.ashx?id=2860355&use=l&cat=p&typeid=i","cat":325345},{"id":60537,"n":"Purée surgelé  Bonduelle 4 saveurs  - 780g","p":3.2,"u":"4,10 €/KG","img":"https://fd3-photos.leclercdrive.fr/image.ashx?id=2996518&use=l&cat=p&typeid=i","cat":319805},{"id":60539,"n":"Purée delice Bonduelle  Courgette Céleri Brocoli - 780g","p":3.2,"u":"4,10 €/KG","img":"https://fd3-photos.leclercdrive.fr/image.ashx?id=2910043&use=l&cat=p&typeid=i","cat":319805},{"id":60587,"n":"Bûche de chèvre Président 180g","p":2.01,"u":"11,17 €/KG","img":"https://fd3-photos.leclercdrive.fr/image.ashx?id=2454088&use=l&cat=p&typeid=i","cat":314031},{"id":60588,"n":"Emmental Président 250g","p":2.81,"u":"11,24 €/KG","img":"https://fd3-photos.leclercdrive.fr/image.ashx?id=2752942&use=l&cat=p&typeid=i","cat":314034},{"id":60637,"n":"Matière grasse St Hubert 41 à tartiner - 38% MG - 500g","p":2.78,"u":"5,56 €/KG","img":"https://fd3-photos.leclercdrive.fr/image.ashx?id=2734147&use=l&cat=p&typeid=i","cat":315229},{"id":60656,"n":"Pâtes Alpina Savoie Coquillettes bio - 500g","p":1.97,"u":"3,94 €/KG","img":"https://fd3-photos.leclercdrive.fr/image.ashx?id=2844557&use=l&cat=p&typeid=i","cat":284427},{"id":60774,"n":"Bière blonde Leffe 6,6% - 6x25cl","p":4.69,"u":"3,13 €/L","img":"https://fd3-photos.leclercdrive.fr/image.ashx?id=2995421&use=l&cat=p&typeid=i","cat":334852},{"id":60775,"n":"Dés de jambon Herta  2x75g","p":2.23,"u":"14,87 €/KG","img":"https://fd3-photos.leclercdrive.fr/image.ashx?id=2877133&use=l&cat=p&typeid=i","cat":316011},{"id":60777,"n":"Brique de brebis Lou Pérac Fromage de brebis - 150g","p":3.16,"u":"21,07 €/KG","img":"https://fd3-photos.leclercdrive.fr/image.ashx?id=2785154&use=l&cat=p&typeid=i","cat":314031},{"id":60778,"n":"Tranche Salakis Fromage de brebis - 200g","p":2.65,"u":"13,25 €/KG","img":"https://fd3-photos.leclercdrive.fr/image.ashx?id=2729710&use=l&cat=p&typeid=i","cat":314026},{"id":60831,"n":"Jus de citron vert Baltic 20cl","p":1.0,"u":"5,00 €/L","img":"https://fd3-photos.leclercdrive.fr/image.ashx?id=2469133&use=l&cat=p&typeid=i","cat":288383},{"id":60886,"n":"Mozzarella Galbani 125g","p":1.09,"u":"8,72 €/KG","img":"https://fd3-photos.leclercdrive.fr/image.ashx?id=2765381&use=l&cat=p&typeid=i","cat":314026},{"id":60891,"n":"Camembert Président 250g","p":1.79,"u":"7,16 €/KG","img":"https://fd3-photos.leclercdrive.fr/image.ashx?id=2878873&use=l&cat=p&typeid=i","cat":314033},{"id":60893,"n":"Brique fondante Président Fondante - 200g","p":2.42,"u":"12,10 €/KG","img":"https://fd3-photos.leclercdrive.fr/image.ashx?id=2652840&use=l&cat=p&typeid=i","cat":314033},{"id":60930,"n":"Thé Earl Grey Twinings x25 sachets - 50g","p":2.27,"u":"45,40 €/KG","img":"https://fd3-photos.leclercdrive.fr/image.ashx?id=2889817&use=l&cat=p&typeid=i","cat":293233},{"id":60931,"n":"Thé Ceylan Scotland Twinings x20 - 40g","p":2.51,"u":"62,75 €/KG","img":"https://fd3-photos.leclercdrive.fr/image.ashx?id=2893024&use=l&cat=p&typeid=i","cat":293233},{"id":60957,"n":"Boisson énergisante Red Bull Goût Myrtille, 250ml","p":1.26,"u":"5,04 €/L","img":"https://fd3-photos.leclercdrive.fr/image.ashx?id=2174528&use=l&cat=p&typeid=i","cat":284533},{"id":61019,"n":"Camembert de Campagne Président 250g","p":2.71,"u":"10,84 €/KG","img":"https://fd3-photos.leclercdrive.fr/image.ashx?id=2892559&use=l&cat=p&typeid=i","cat":314033},{"id":61021,"n":"Risotto champignon poulet Marie 900g","p":4.56,"u":"5,07 €/KG","img":"https://fd3-photos.leclercdrive.fr/image.ashx?id=2996755&use=l&cat=p&typeid=i","cat":284254},{"id":61022,"n":"Tranches panés Findus Cabillaud MSC - x20 - 1.020kg","p":14.17,"u":"13,89 €/KG","img":"https://fd3-photos.leclercdrive.fr/image.ashx?id=2865860&use=l&cat=p&typeid=i","cat":319788},{"id":61166,"n":"Mousse Maronsui's La Laitière Crème de marrons 8x68,8g","p":3.76,"u":"6,84 €/KG","img":"https://fd3-photos.leclercdrive.fr/image.ashx?id=3010969&use=l&cat=p&typeid=i","cat":284417},{"id":61167,"n":"Crème légère épaisse Bridélice 15%mg - 497g","p":1.9,"u":"3,82 €/KG","img":"https://fd3-photos.leclercdrive.fr/image.ashx?id=2996578&use=l&cat=p&typeid=i","cat":284381},{"id":61169,"n":"Petit suisse NESQUIK Chocolat 6x60g","p":1.56,"u":"4,33 €/KG","img":"https://fd3-photos.leclercdrive.fr/image.ashx?id=3007933&use=l&cat=p&typeid=i","cat":284414},{"id":61172,"n":"Yaourts à la Grecque Délisse Citron - 4x150g","p":2.38,"u":"3,97 €/KG","img":"https://fd3-photos.leclercdrive.fr/image.ashx?id=2699714&use=l&cat=p&typeid=i","cat":314999},{"id":61293,"n":"Boisson Jafaden Orange carotte citron - 1L","p":1.89,"u":"1,89 €/L","img":"https://fd3-photos.leclercdrive.fr/image.ashx?id=2956753&use=l&cat=p&typeid=i","cat":284917},{"id":61594,"n":"Tomato Ketchup Heinz - 910g","p":2.93,"u":"3,22 €/KG","img":"https://fd3-photos.leclercdrive.fr/image.ashx?id=2923420&use=l&cat=p&typeid=i","cat":284455},{"id":61596,"n":"Sauce au poivre Rustica Pot - 245g","p":1.13,"u":"4,61 €/KG","img":"https://fd3-photos.leclercdrive.fr/image.ashx?id=2954373&use=l&cat=p&typeid=i","cat":318430},{"id":61597,"n":"Sauce bourguignonne Rustica Pot - 250g","p":1.01,"u":"4,04 €/KG","img":"https://fd3-photos.leclercdrive.fr/image.ashx?id=2954376&use=l&cat=p&typeid=i","cat":318430},{"id":61605,"n":"Sauce barbecue Rustica Flacon souple - 280g","p":1.39,"u":"4,96 €/KG","img":"https://fd3-photos.leclercdrive.fr/image.ashx?id=2559704&use=l&cat=p&typeid=i","cat":318431},{"id":61607,"n":"Sauce andalousie Rustica Flacon souple - 249g","p":1.68,"u":"6,75 €/KG","img":"https://fd3-photos.leclercdrive.fr/image.ashx?id=2459153&use=l&cat=p&typeid=i","cat":318431},{"id":61609,"n":"Sauce Aïoli Bénédicta - 260g","p":1.41,"u":"5,42 €/KG","img":"https://fd3-photos.leclercdrive.fr/image.ashx?id=2689934&use=l&cat=p&typeid=i","cat":318430},{"id":61613,"n":"Sauce Pommes frites  Amora 448g","p":2.55,"u":"5,69 €/KG","img":"https://fd3-photos.leclercdrive.fr/image.ashx?id=2738227&use=l&cat=p&typeid=i","cat":318431},{"id":61626,"n":"Cocktail Douceur du Verger 4 fruits - Sirop léger - 250 g","p":1.5,"u":"6,00 €/KG","img":"https://fd3-photos.leclercdrive.fr/image.ashx?id=2531301&use=l&cat=p&typeid=i","cat":284507},{"id":61628,"n":"Fruits au sirop St Mamet Pêches - 245g","p":1.86,"u":"7,59 €/KG","img":"https://fd3-photos.leclercdrive.fr/image.ashx?id=2628428&use=l&cat=p&typeid=i","cat":284507},{"id":61631,"n":"Cocktail Douceur du Verger 4 fruits - Sirop léger- 500g","p":1.99,"u":"3,98 €/KG","img":"https://fd3-photos.leclercdrive.fr/image.ashx?id=2783023&use=l&cat=p&typeid=i","cat":284507},{"id":61634,"n":"Poires Douceur du Verger Sirop léger - 455 g","p":1.95,"u":"4,29 €/KG","img":"https://fd3-photos.leclercdrive.fr/image.ashx?id=2783020&use=l&cat=p&typeid=i","cat":284507},{"id":61638,"n":"Lentilles Préparées Cassegrain Tendres et Fondantes 460g","p":2.68,"u":"5,83 €/KG","img":"https://fd3-photos.leclercdrive.fr/image.ashx?id=3011047&use=l&cat=p&typeid=i","cat":312609},{"id":61641,"n":"Sirop d'érable Le Québécois Bio - 189ml","p":4.89,"u":"25,87 €/L","img":"https://fd3-photos.leclercdrive.fr/image.ashx?id=1601087&use=l&cat=p&typeid=i","cat":287643},{"id":61697,"n":"Eponges Spontex Multicolore - x3","p":1.37,"u":"0,46 €/P","img":"https://fd3-photos.leclercdrive.fr/image.ashx?id=2972847&use=l&cat=p&typeid=i","cat":284667},{"id":61704,"n":"Burger La Fournée Dorée Sésame x4 -250g","p":1.83,"u":"7,32 €/KG","img":"https://fd3-photos.leclercdrive.fr/image.ashx?id=2735275&use=l&cat=p&typeid=i","cat":325067},{"id":61728,"n":"Tartelettes apéritives Kauffer's x36 - 500g","p":4.82,"u":"9,64 €/KG","img":"https://fd3-photos.leclercdrive.fr/image.ashx?id=1657834&use=l&cat=p&typeid=i","cat":319774},{"id":61874,"n":"Gel shampooing douche Fa Men Perfect wave flacon - 250ml","p":1.85,"u":"7,40 €/L","img":"https://fd3-photos.leclercdrive.fr/image.ashx?id=2995091&use=l&cat=p&typeid=i","cat":284619},{"id":61968,"n":"AOP Petit Reblochon Le Pochat 240g","p":4.32,"u":"18,00 €/KG","img":"https://fd3-photos.leclercdrive.fr/image.ashx?id=2102764&use=l&cat=p&typeid=i","cat":314037},{"id":61976,"n":"Coeurs de palmiers Bio Village Bio - 250g","p":4.02,"u":"16,08 €/KG","img":"https://fd3-photos.leclercdrive.fr/image.ashx?id=2077463&use=l&cat=p&typeid=i","cat":312611},{"id":61983,"n":"Sachet repas Gourmet  Terrine coffret - 4x85g","p":1.96,"u":"5,76 €/KG","img":"https://fd3-photos.leclercdrive.fr/image.ashx?id=2901118&use=l&cat=p&typeid=i","cat":285286},{"id":61984,"n":"Sachet repas chat Gourmet  Perle duo de la mer - 4x85g","p":2.51,"u":"7,38 €/KG","img":"https://fd3-photos.leclercdrive.fr/image.ashx?id=2859866&use=l&cat=p&typeid=i","cat":285286},{"id":62001,"n":"Jus de citron jaune 1L","p":3.31,"u":"3,31 €/L","img":"https://fd3-photos.leclercdrive.fr/image.ashx?id=2656991&use=l&cat=p&typeid=i","cat":288383},{"id":62004,"n":"Cornichons Maille  Mini classique - 370g","p":3.83,"u":"10,35 €/KG","img":"https://fd3-photos.leclercdrive.fr/image.ashx?id=2916567&use=l&cat=p&typeid=i","cat":284458},{"id":62007,"n":"Sardines Huile Olive PARMENTIER Vierge Extra - 135g","p":1.56,"u":"11,56 €/KG","img":"https://fd3-photos.leclercdrive.fr/image.ashx?id=3014410&use=l&cat=p&typeid=i","cat":305146},{"id":62042,"n":"Haricots rouges D'aucy  500g","p":2.22,"u":"4,44 €/KG","img":"https://fd3-photos.leclercdrive.fr/image.ashx?id=2491190&use=l&cat=p&typeid=i","cat":312606},{"id":62043,"n":"Lentilles préparées D'aucy  265g","p":0.97,"u":"3,66 €/KG","img":"https://fd3-photos.leclercdrive.fr/image.ashx?id=2560600&use=l&cat=p&typeid=i","cat":312609},{"id":62045,"n":"Haricots verts Jardin Bio étic Bio sans sel - 345g","p":3.96,"u":"11,48 €/KG","img":"https://fd3-photos.leclercdrive.fr/image.ashx?id=2535010&use=l&cat=p&typeid=i","cat":312606},{"id":62053,"n":"Haricots Coco Cuisinés Cassegrain Tomate, Laurier 435g","p":1.78,"u":"7,12 €/KG","img":"https://fd3-photos.leclercdrive.fr/image.ashx?id=2952466&use=l&cat=p&typeid=i","cat":312606},{"id":62054,"n":"Courgettes Cuisinées Cassegrain à la Provençale 185g","p":2.41,"u":"13,03 €/KG","img":"https://fd3-photos.leclercdrive.fr/image.ashx?id=2913022&use=l&cat=p&typeid=i","cat":312612},{"id":62055,"n":"Aubergines Cuisinées Cassegrain à la Provençale 185g","p":2.34,"u":"12,65 €/KG","img":"https://fd3-photos.leclercdrive.fr/image.ashx?id=2913019&use=l&cat=p&typeid=i","cat":312612},{"id":62057,"n":"Champignons Eco+ Entiers - 230g","p":1.11,"u":"4,83 €/KG","img":"https://fd3-photos.leclercdrive.fr/image.ashx?id=2782999&use=l&cat=p&typeid=i","cat":312610},{"id":62066,"n":"Lentilles cuisinées façon Sud-Ouest Cassegrain 410g","p":2.27,"u":"5,54 €/KG","img":"https://fd3-photos.leclercdrive.fr/image.ashx?id=2862131&use=l&cat=p&typeid=i","cat":312609},{"id":62067,"n":"Flageolets Préparés Cassegrain Extra Fins 130g","p":1.1,"u":"8,46 €/KG","img":"https://fd3-photos.leclercdrive.fr/image.ashx?id=2912980&use=l&cat=p&typeid=i","cat":312606},{"id":62094,"n":"Sauce fajitas Old El Paso à cuisiner doux - 395g","p":2.53,"u":"6,41 €/KG","img":"https://fd3-photos.leclercdrive.fr/image.ashx?id=2950852&use=l&cat=p&typeid=i","cat":288993},{"id":62095,"n":"Chips Tortilla Old El Paso Fajita - 185g","p":2.29,"u":"12,38 €/KG","img":"https://fd3-photos.leclercdrive.fr/image.ashx?id=2444522&use=l&cat=p&typeid=i","cat":288993},{"id":62101,"n":"Miel l'Apiculteur liquide   et savoureux - 500g","p":6.93,"u":"13,86 €/KG","img":"https://fd3-photos.leclercdrive.fr/image.ashx?id=3008077&use=l&cat=p&typeid=i","cat":287643},{"id":62112,"n":"Compotes Pom'Potes Gourdes  Pomme Nature - 12x90g","p":4.88,"u":"4,52 €/KG","img":"https://fd3-photos.leclercdrive.fr/image.ashx?id=3010927&use=l&cat=p&typeid=i","cat":284508},{"id":62120,"n":"Cookies Choco Sensation Milka Chocolat au lait - 312g","p":3.96,"u":"12,69 €/KG","img":"https://fd3-photos.leclercdrive.fr/image.ashx?id=3002279&use=l&cat=p&typeid=i","cat":325066},{"id":62121,"n":"Brownie Milka Chocolat - 180g","p":2.36,"u":"13,11 €/KG","img":"https://fd3-photos.leclercdrive.fr/image.ashx?id=2339807&use=l&cat=p&typeid=i","cat":294776},{"id":62123,"n":"Mini brownie Brossard Chocolat/noisette x8 - 240g","p":2.49,"u":"10,38 €/KG","img":"https://fd3-photos.leclercdrive.fr/image.ashx?id=2976830&use=l&cat=p&typeid=i","cat":294776},{"id":62128,"n":"Biscuits fourrés Prince Tout chocolat - 300g","p":1.48,"u":"4,93 €/KG","img":"https://fd3-photos.leclercdrive.fr/image.ashx?id=2528801&use=l&cat=p&typeid=i","cat":284488},{"id":62130,"n":"Cookies extra moelleux Granola Pépites de chocolat - 312g","p":3.49,"u":"11,19 €/KG","img":"https://fd3-photos.leclercdrive.fr/image.ashx?id=2306723&use=l&cat=p&typeid=i","cat":325066},{"id":62142,"n":"Biscottes Braisor Heudebert  Nature - 500g","p":3.26,"u":"6,52 €/KG","img":"https://fd3-photos.leclercdrive.fr/image.ashx?id=2680176&use=l&cat=p&typeid=i","cat":284479},{"id":62146,"n":"Brioche La Fournée Dorée Tranchée crème fraiche - 500g","p":2.27,"u":"4,54 €/KG","img":"https://fd3-photos.leclercdrive.fr/image.ashx?id=2415365&use=l&cat=p&typeid=i","cat":284478},{"id":62148,"n":"Brioch'burger La fournée Dorée x4 - 250g","p":1.67,"u":"6,68 €/KG","img":"https://fd3-photos.leclercdrive.fr/image.ashx?id=2765261&use=l&cat=p&typeid=i","cat":325067},{"id":62161,"n":"Cake aux fruits Brossard 300g","p":2.97,"u":"9,90 €/KG","img":"https://fd3-photos.leclercdrive.fr/image.ashx?id=2964998&use=l&cat=p&typeid=i","cat":284493},{"id":62162,"n":"Donuts Curly 100g","p":1.25,"u":"12,50 €/KG","img":"https://fd3-photos.leclercdrive.fr/image.ashx?id=2446836&use=l&cat=p&typeid=i","cat":284449},{"id":62164,"n":"Madeleines Ker Cadélac Pépites sucre extra - 600g","p":3.83,"u":"6,38 €/KG","img":"https://fd3-photos.leclercdrive.fr/image.ashx?id=3008269&use=l&cat=p&typeid=i","cat":284492},{"id":62169,"n":"Croquettes chiens Purina One Minis chiens - 1.5kg","p":5.07,"u":"3,38 €/KG","img":"https://fd3-photos.leclercdrive.fr/image.ashx?id=2899677&use=l&cat=p&typeid=i","cat":294526},{"id":62173,"n":"Friandises chat Catisfactions  Canard - 60g","p":1.17,"u":"19,50 €/KG","img":"https://fd3-photos.leclercdrive.fr/image.ashx?id=2912611&use=l&cat=p&typeid=i","cat":285285},{"id":62226,"n":"Soda Coca-Cola Sans Sucres Bouteille - 1L","p":1.47,"u":"1,47 €/L","img":"https://fd3-photos.leclercdrive.fr/image.ashx?id=2194418&use=l&cat=p&typeid=i","cat":284530},{"id":62238,"n":"Bière blonde Grimbergen Triple d'Abbaye -8° - 6x25cl","p":5.59,"u":"3,73 €/L","img":"https://fd3-photos.leclercdrive.fr/image.ashx?id=2317363&use=l&cat=p&typeid=i","cat":334852},{"id":62246,"n":"Soda au cola Pepsi La bouteille de 1.5L","p":1.17,"u":"0,78 €/L","img":"https://fd3-photos.leclercdrive.fr/image.ashx?id=2896318&use=l&cat=p&typeid=i","cat":284530},{"id":62252,"n":"Soda 7UP Citron et citron vert - 1.5L","p":1.2,"u":"0,80 €/L","img":"https://fd3-photos.leclercdrive.fr/image.ashx?id=2748545&use=l&cat=p&typeid=i","cat":284531},{"id":62268,"n":"Purée de Sésame Demie Complète  Bio Moulin des Moines","p":3.91,"u":"11,17 €/KG","img":"https://fd3-photos.leclercdrive.fr/image.ashx?id=2460961&use=l&cat=p&typeid=i","cat":284504},{"id":62305,"n":"Yaourt nature Bio village Bio Sucre de canne - 4x125g","p":1.58,"u":"3,16 €/KG","img":"https://fd3-photos.leclercdrive.fr/image.ashx?id=1946889&use=l&cat=p&typeid=i","cat":284409},{"id":62340,"n":"Jus d'oranges pressées Andros 1.5L","p":4.25,"u":"2,83 €/L","img":"https://fd3-photos.leclercdrive.fr/image.ashx?id=2904272&use=l&cat=p&typeid=i","cat":285435},{"id":62359,"n":"Jus d'oranges pressées  Sans pulpe Andros - 1.5L","p":4.24,"u":"2,83 €/L","img":"https://fd3-photos.leclercdrive.fr/image.ashx?id=2876104&use=l&cat=p&typeid=i","cat":285435},{"id":62417,"n":"Jus de pamplemousse rose pressé Andros - 1L","p":3.18,"u":"3,18 €/L","img":"https://fd3-photos.leclercdrive.fr/image.ashx?id=2928423&use=l&cat=p&typeid=i","cat":285435},{"id":62418,"n":"Jus d'oranges douces Andros 1L","p":3.48,"u":"3,48 €/L","img":"https://fd3-photos.leclercdrive.fr/image.ashx?id=2882638&use=l&cat=p&typeid=i","cat":285435},{"id":62454,"n":"Boisson aux fruits Fruit shoot Multivitamine - 12x20cl","p":4.72,"u":"1,97 €/L","img":"https://fd3-photos.leclercdrive.fr/image.ashx?id=2915733&use=l&cat=p&typeid=i","cat":295018},{"id":62481,"n":"Coton disque Bio Bionaïa x70","p":0.97,"u":"0,01 €/P","img":"https://fd3-photos.leclercdrive.fr/image.ashx?id=2434942&use=l&cat=p&typeid=i","cat":285593},{"id":62482,"n":"Coton-tige Bio Bionaïa x200 bâtonnets ouatés","p":0.86,"img":"https://fd3-photos.leclercdrive.fr/image.ashx?id=2598704&use=l&cat=p&typeid=i","cat":285593},{"id":62496,"n":"Biscuit bébé Blédina 12 mois Petit beurre - 133g","p":2.08,"u":"15,64 €/KG","img":"https://fd3-photos.leclercdrive.fr/image.ashx?id=2974288&use=l&cat=p&typeid=i","cat":312227},{"id":62497,"n":"Biscuit bébé Blédina 12 mois  Petit beurre pépites choco-133g","p":2.13,"u":"16,02 €/KG","img":"https://fd3-photos.leclercdrive.fr/image.ashx?id=2639344&use=l&cat=p&typeid=i","cat":312227},{"id":62555,"n":"Boissons aux fruits Fruit Shoot Tropical - 12x20cl","p":4.08,"u":"1,70 €/L","img":"https://fd3-photos.leclercdrive.fr/image.ashx?id=2915736&use=l&cat=p&typeid=i","cat":295018},{"id":62561,"n":"Rasoirs jetables Carré Homme 3 lames - x8","p":2.66,"u":"0,33 €/P","img":"https://fd3-photos.leclercdrive.fr/image.ashx?id=2869859&use=l&cat=p&typeid=i","cat":284616},{"id":62562,"n":"Dattes Deglet Nour Branchées - 1kg","p":4.55,"u":"4,55 €/KG","img":"https://fd3-photos.leclercdrive.fr/image.ashx?id=1747865&use=l&cat=p&typeid=i","cat":284357},{"id":62567,"n":"Papier toilette Mimosa Humide x50","p":1.29,"u":"0,03 €/P","img":"https://fd3-photos.leclercdrive.fr/image.ashx?id=2823126&use=l&cat=p&typeid=i","cat":284634},{"id":62568,"n":"Papier toilette Mimosa Humide douceur x50","p":1.29,"u":"0,03 €/P","img":"https://fd3-photos.leclercdrive.fr/image.ashx?id=3013615&use=l&cat=p&typeid=i","cat":284634},{"id":62571,"n":"Soda à l'orange Orangina 1L","p":1.72,"u":"1,72 €/L","img":"https://fd3-photos.leclercdrive.fr/image.ashx?id=2668413&use=l&cat=p&typeid=i","cat":284532},{"id":62574,"n":"Bière ambrée Grimbergen 6,5° - 6x25cl","p":5.81,"u":"3,87 €/L","img":"https://fd3-photos.leclercdrive.fr/image.ashx?id=2293483&use=l&cat=p&typeid=i","cat":334852},{"id":62576,"n":"Bière blanche Grimbergen 6° - 6x25cl","p":5.28,"u":"3,52 €/L","img":"https://fd3-photos.leclercdrive.fr/image.ashx?id=2294375&use=l&cat=p&typeid=i","cat":334878},{"id":62579,"n":"Bière blonde Leffe Triple 8,5% - 6x25cl","p":5.97,"u":"23,88 €/L","img":"https://fd3-photos.leclercdrive.fr/image.ashx?id=2548282&use=l&cat=p&typeid=i","cat":334852},{"id":62581,"n":"Bière aromatisée Grimbergen Cerise 5,5° - 6x25cl","p":5.73,"u":"3,82 €/L","img":"https://fd3-photos.leclercdrive.fr/image.ashx?id=2312798&use=l&cat=p&typeid=i","cat":334878},{"id":62614,"n":"Pâte à tartiner Ovomaltine Crunchy - 360g","p":3.15,"u":"8,75 €/KG","img":"https://fd3-photos.leclercdrive.fr/image.ashx?id=2428645&use=l&cat=p&typeid=i","cat":284481},{"id":62619,"n":"Biscuits nappés Pépito Chocolat au lait - 2x192g","p":2.63,"u":"6,85 €/KG","img":"https://fd3-photos.leclercdrive.fr/image.ashx?id=2989444&use=l&cat=p&typeid=i","cat":284488},{"id":62635,"n":"Eponge Nicols Magique Magico - x3","p":1.58,"u":"0,53 €/P","img":"https://fd3-photos.leclercdrive.fr/image.ashx?id=2554424&use=l&cat=p&typeid=i","cat":284667},{"id":62668,"n":"Brosse à dents Sensodyne Extra souple x1","p":2.07,"pp":1.45,"img":"https://fd3-photos.leclercdrive.fr/image.ashx?id=2923633&use=l&cat=p&typeid=i","cat":284614},{"id":62673,"n":"Dentifrice Sensodyne Rapide action blancheur - 75ml","p":5.27,"u":"70,27 €/L","img":"https://fd3-photos.leclercdrive.fr/image.ashx?id=2556303&use=l&cat=p&typeid=i","cat":284612},{"id":62676,"n":"Gel douche bio So Bio Etic  Karité sans sulfate - 650ml","p":5.61,"u":"8,63 €/L","img":"https://fd3-photos.leclercdrive.fr/image.ashx?id=2850593&use=l&cat=p&typeid=i","cat":284594},{"id":62677,"n":"Gel douche bio So Bio Etic Aloe vera sans sulfate 650ml","p":5.66,"u":"8,71 €/L","img":"https://fd3-photos.leclercdrive.fr/image.ashx?id=2850596&use=l&cat=p&typeid=i","cat":284594},{"id":62678,"n":"Crème douche bio So Bio Etic Lait d'anesse - 650ml","p":5.93,"u":"9,12 €/L","img":"https://fd3-photos.leclercdrive.fr/image.ashx?id=2862515&use=l&cat=p&typeid=i","cat":284594},{"id":62681,"n":"Eau de javel Clair Parfum citron - 2L","p":0.98,"u":"0,49 €/L","img":"https://fd3-photos.leclercdrive.fr/image.ashx?id=2949206&use=l&cat=p&typeid=i","cat":284661},{"id":62682,"n":"Javel en gel Clair  Citron vert - 750ml","p":1.18,"u":"1,57 €/L","img":"https://fd3-photos.leclercdrive.fr/image.ashx?id=2843881&use=l&cat=p&typeid=i","cat":284661},{"id":62687,"n":"Spray nasal Primoplast 100% eau de mer - 150ml","p":4.45,"u":"29,67 €/L","img":"https://fd3-photos.leclercdrive.fr/image.ashx?id=2955758&use=l&cat=p&typeid=i","cat":284630},{"id":62697,"n":"Nappe damassée Homeside Blanche - 8m","p":1.61,"img":"https://fd3-photos.leclercdrive.fr/image.ashx?id=1659708&use=l&cat=p&typeid=i","cat":334134},{"id":62722,"n":"Biscuits fourrés Prince Chocolat lait - 300g","p":1.47,"u":"4,90 €/KG","img":"https://fd3-photos.leclercdrive.fr/image.ashx?id=2349070&use=l&cat=p&typeid=i","cat":284488},{"id":62723,"n":"Biscuits fourrés Prince Multi céréales - 293g","p":1.52,"u":"5,19 €/KG","img":"https://fd3-photos.leclercdrive.fr/image.ashx?id=2350993&use=l&cat=p&typeid=i","cat":284488},{"id":62724,"n":"Biscuits Double Crème Oreo Vanille - 157g","p":1.23,"u":"7,83 €/KG","img":"https://fd3-photos.leclercdrive.fr/image.ashx?id=2160198&use=l&cat=p&typeid=i","cat":284488},{"id":62725,"n":"Saucisson sec Saint-Azay  Maxi format - 600g","p":7.35,"u":"12,25 €/KG","img":"https://fd3-photos.leclercdrive.fr/image.ashx?id=2548133&use=l&cat=p&typeid=i","cat":316006},{"id":62727,"n":"Compote bio Bio Village Bocal pomme poire - 625g","p":2.1,"u":"3,36 €/KG","img":"https://fd3-photos.leclercdrive.fr/image.ashx?id=1948039&use=l&cat=p&typeid=i","cat":284508},{"id":62730,"n":"Fruits au sirop St Mamet Poires williams - 235g","p":2.04,"u":"8,68 €/KG","img":"https://fd3-photos.leclercdrive.fr/image.ashx?id=2630220&use=l&cat=p&typeid=i","cat":284507},{"id":62731,"n":"Abricots Douceur du Verger Sirop léger - 475 g","p":2.42,"u":"5,09 €/KG","img":"https://fd3-photos.leclercdrive.fr/image.ashx?id=2618235&use=l&cat=p&typeid=i","cat":284507},{"id":62740,"n":"Lait de coco Suzi Wan  Allégé - 200ml","p":1.47,"u":"7,35 €/L","img":"https://fd3-photos.leclercdrive.fr/image.ashx?id=2892922&use=l&cat=p&typeid=i","cat":288992},{"id":62741,"n":"Quinoa/boulgour Bio Village  Bio - 400g","p":2.56,"u":"6,40 €/KG","img":"https://fd3-photos.leclercdrive.fr/image.ashx?id=2518556&use=l&cat=p&typeid=i","cat":284429},{"id":62742,"n":"Gressins sésames bio Bio Village - 125g","p":1.52,"u":"12,16 €/KG","img":"https://fd3-photos.leclercdrive.fr/image.ashx?id=1944640&use=l&cat=p&typeid=i","cat":297000},{"id":62749,"n":"Crackers Heudebert  Nature - 250g","p":1.42,"u":"5,68 €/KG","img":"https://fd3-photos.leclercdrive.fr/image.ashx?id=2670785&use=l&cat=p&typeid=i","cat":284479},{"id":62753,"n":"Noix de cajou Bio Village  Bio Grillées - 100g","p":2.1,"u":"21,00 €/KG","img":"https://fd3-photos.leclercdrive.fr/image.ashx?id=2664590&use=l&cat=p&typeid=i","cat":284448},{"id":62858,"n":"Biscuit Nature GERBLE  sans sucres ajoutés - 132g","p":1.77,"u":"13,41 €/KG","img":"https://fd3-photos.leclercdrive.fr/image.ashx?id=2662835&use=l&cat=p&typeid=i","cat":318653},{"id":62875,"n":"Confiture fraise Gerblé Sans sucres ajoutés - 320g","p":2.35,"u":"7,34 €/KG","img":"https://fd3-photos.leclercdrive.fr/image.ashx?id=2676678&use=l&cat=p&typeid=i","cat":318653},{"id":62880,"n":"Moelleux Citron GERBLE   sans sucre - 196g","p":2.67,"u":"13,62 €/KG","img":"https://fd3-photos.leclercdrive.fr/image.ashx?id=2575087&use=l&cat=p&typeid=i","cat":318653},{"id":62937,"n":"Thon mariné Petit Navire Tomate séchée - 2x110g","p":3.22,"u":"14,64 €/KG","img":"https://fd3-photos.leclercdrive.fr/image.ashx?id=2522560&use=l&cat=p&typeid=i","cat":303867},{"id":63009,"n":"Sardine entière Pêche Océan Nature - 95g","p":1.37,"u":"14,42 €/KG","img":"https://fd3-photos.leclercdrive.fr/image.ashx?id=2692964&use=l&cat=p&typeid=i","cat":305146},{"id":63170,"n":"Sucre de canne Daddy Petits morceaux - 1kg","p":2.56,"u":"2,56 €/KG","img":"https://fd3-photos.leclercdrive.fr/image.ashx?id=2276420&use=l&cat=p&typeid=i","cat":284502},{"id":63240,"n":"Pain Burger Harrys Pavot et sarrasin - x4 - 340g","p":2.18,"u":"6,41 €/KG","img":"https://fd3-photos.leclercdrive.fr/image.ashx?id=2532544&use=l&cat=p&typeid=i","cat":325067},{"id":63248,"n":"Biscuits fourrés Prince Maxi Chocolat - 2X250g","p":3.36,"u":"6,72 €/KG","img":"https://fd3-photos.leclercdrive.fr/image.ashx?id=2347308&use=l&cat=p&typeid=i","cat":284488},{"id":63284,"n":"AOP Champagne Canard Duchêne Charles VII Brut - 75cl","p":29.5,"pp":26.55,"u":"35,40 €/L","img":"https://fd3-photos.leclercdrive.fr/image.ashx?id=2174390&use=l&cat=p&typeid=i","cat":284542},{"id":63287,"n":"AOP Crémant de Bordeaux Malesan brut - 75cl","p":6.9,"pp":4.55,"u":"6,07 €/L","img":"https://fd3-photos.leclercdrive.fr/image.ashx?id=2497193&use=l&cat=p&typeid=i","cat":284545},{"id":63304,"n":"Pizza Crust Sodebo Classic Jambon Emmental - 600g","p":5.38,"u":"8,97 €/KG","img":"https://fd3-photos.leclercdrive.fr/image.ashx?id=3008254&use=l&cat=p&typeid=i","cat":333679},{"id":63308,"n":"Flammekueche Kauffer's Au saumon - 2x270g","p":5.62,"u":"10,41 €/KG","img":"https://fd3-photos.leclercdrive.fr/image.ashx?id=2504686&use=l&cat=p&typeid=i","cat":284257},{"id":63320,"n":"Rhum Vieux Agricole AOC  Martinique 40%vol - 70cl","p":19.84,"u":"28,34 €/L","img":"https://fd3-photos.leclercdrive.fr/image.ashx?id=2731075&use=l&cat=p&typeid=i","cat":284550},{"id":63435,"n":"Yaourt brassé lait de chèvre Soignon Citron - 4x125g","p":2.77,"u":"5,54 €/KG","img":"https://fd3-photos.leclercdrive.fr/image.ashx?id=2518274&use=l&cat=p&typeid=i","cat":314998},{"id":63503,"n":"Fromage Pavé d'Affinois Mini Mix 3 variétés - 160g","p":2.95,"u":"18,44 €/KG","img":"https://fd3-photos.leclercdrive.fr/image.ashx?id=3002066&use=l&cat=p&typeid=i","cat":314030},{"id":63505,"n":"Fromage Pavé d'Affinois 200g","p":2.86,"u":"14,30 €/KG","img":"https://fd3-photos.leclercdrive.fr/image.ashx?id=3002081&use=l&cat=p&typeid=i","cat":314033},{"id":63521,"n":"Penne au saumon Marie Crème d'épinard - 280g","p":3.17,"u":"11,32 €/KG","img":"https://fd3-photos.leclercdrive.fr/image.ashx?id=2317519&use=l&cat=p&typeid=i","cat":333665},{"id":63528,"n":"Boisson énergisante Crazy Tiger Canette - 50cl","p":1.16,"u":"2,32 €/L","img":"https://fd3-photos.leclercdrive.fr/image.ashx?id=2859641&use=l&cat=p&typeid=i","cat":284533},{"id":63541,"n":"Sauce barbecue Rustica 560g","p":1.78,"u":"3,18 €/KG","img":"https://fd3-photos.leclercdrive.fr/image.ashx?id=2092948&use=l&cat=p&typeid=i","cat":318431},{"id":63632,"n":"Tartinade de poivrons confits Sud & Sol - 150g","p":2.0,"u":"13,33 €/KG","img":"https://fd3-photos.leclercdrive.fr/image.ashx?id=2986642&use=l&cat=p&typeid=i","cat":315999},{"id":63633,"n":"Tartinade d'olives noires  Sud & Sol - 150g","p":2.97,"u":"19,80 €/KG","img":"https://fd3-photos.leclercdrive.fr/image.ashx?id=2937316&use=l&cat=p&typeid=i","cat":315999},{"id":63634,"n":"Tartinade tomates cerise  confites Sud & Sol - 150g","p":1.91,"u":"12,73 €/KG","img":"https://fd3-photos.leclercdrive.fr/image.ashx?id=2937334&use=l&cat=p&typeid=i","cat":315999},{"id":63635,"n":"Tomates confites à l'origan  Sud & Sol - 125g","p":2.22,"u":"17,76 €/KG","img":"https://fd3-photos.leclercdrive.fr/image.ashx?id=2937322&use=l&cat=p&typeid=i","cat":316002},{"id":63676,"n":"Poivre blanc moulu Ducros 36g","p":2.89,"u":"80,28 €/KG","img":"https://fd3-photos.leclercdrive.fr/image.ashx?id=2203745&use=l&cat=p&typeid=i","cat":284457},{"id":63698,"n":"Gel entretien canalisations Tarax Action Biologique - 1L","p":3.03,"u":"3,03 €/L","img":"https://fd3-photos.leclercdrive.fr/image.ashx?id=2057587&use=l&cat=p&typeid=i","cat":284908},{"id":63712,"n":"AOC Martinique Rhum blanc  Agricole HSE 40° - 1L","p":13.84,"u":"13,84 €/L","img":"https://fd3-photos.leclercdrive.fr/image.ashx?id=2902019&use=l&cat=p&typeid=i","cat":284550},{"id":63718,"n":"Rhum Vieux agricole HSE 40° - 70cl","p":24.3,"u":"34,71 €/L","img":"https://fd3-photos.leclercdrive.fr/image.ashx?id=2475753&use=l&cat=p&typeid=i","cat":284550},{"id":63722,"n":"Liqueur Herbes Jagermeister 35° - 70cl","p":17.66,"u":"25,23 €/L","img":"https://fd3-photos.leclercdrive.fr/image.ashx?id=2474740&use=l&cat=p&typeid=i","cat":286032},{"id":63756,"n":"Pur jus Tropicana Orange Pure Premium Avec pulpe - 1L","p":2.57,"u":"2,57 €/L","img":"https://fd3-photos.leclercdrive.fr/image.ashx?id=2605668&use=l&cat=p&typeid=i","cat":284521},{"id":63759,"n":"Pur Jus Jafaden Mutlifruits - 2L","p":2.75,"u":"1,38 €/L","img":"https://fd3-photos.leclercdrive.fr/image.ashx?id=2762955&use=l&cat=p&typeid=i","cat":284917},{"id":63762,"n":"Boisson aux fruits Oasis Tropical - 6x33cl","p":3.6,"u":"1,82 €/L","img":"https://fd3-photos.leclercdrive.fr/image.ashx?id=2900812&use=l&cat=p&typeid=i","cat":295018},{"id":63765,"n":"Boisson aux fruits Oasis Orange - 6x33cl","p":4.14,"u":"2,09 €/L","img":"https://fd3-photos.leclercdrive.fr/image.ashx?id=2681718&use=l&cat=p&typeid=i","cat":295018},{"id":63768,"n":"Boisson aux fruits Oasis Pomme Cassis Framboise - 6x33cl","p":3.96,"u":"2,00 €/L","img":"https://fd3-photos.leclercdrive.fr/image.ashx?id=3014449&use=l&cat=p&typeid=i","cat":295018},{"id":63794,"n":"Soda Schweppes Saveur Citron - 6x33cl","p":4.08,"u":"2,06 €/L","img":"https://fd3-photos.leclercdrive.fr/image.ashx?id=2852743&use=l&cat=p&typeid=i","cat":284532},{"id":63795,"n":"Soda Schweppes Indian Tonic - 6x33cl","p":3.66,"u":"1,85 €/L","img":"https://fd3-photos.leclercdrive.fr/image.ashx?id=2852423&use=l&cat=p&typeid=i","cat":284531},{"id":63797,"n":"Soda Schweppes Saveur Agrumes - 6x33cl","p":3.54,"u":"1,79 €/L","img":"https://fd3-photos.leclercdrive.fr/image.ashx?id=2852737&use=l&cat=p&typeid=i","cat":284532},{"id":63798,"n":"Soda Schweppes Saveur Agrumes Zero - 6x33cl","p":3.06,"u":"1,55 €/L","img":"https://fd3-photos.leclercdrive.fr/image.ashx?id=2852740&use=l&cat=p&typeid=i","cat":284532},{"id":63814,"n":"Pur jus Tropicana Orange Pure Premium avec pulpe - 2x1L","p":5.14,"u":"2,57 €/L","img":"https://fd3-photos.leclercdrive.fr/image.ashx?id=2592690&use=l&cat=p&typeid=i","cat":284521},{"id":63828,"n":"Concentré à diluer Pulco Citron Vert Menthe - 70cl","p":2.73,"u":"3,90 €/L","img":"https://fd3-photos.leclercdrive.fr/image.ashx?id=2687791&use=l&cat=p&typeid=i","cat":295020},{"id":63837,"n":"Champignons Eco+ Pieds et morceaux - 230g","p":0.95,"u":"4,13 €/KG","img":"https://fd3-photos.leclercdrive.fr/image.ashx?id=2783002&use=l&cat=p&typeid=i","cat":312610},{"id":63847,"n":"Champagne A.Rothschild & Cie Rosé - 75cl","p":27.47,"u":"36,63 €/L","img":"https://fd3-photos.leclercdrive.fr/image.ashx?id=2628470&use=l&cat=p&typeid=i","cat":284542},{"id":63892,"n":"Capsules café L'Or Espresso Forza N°9 x10","p":3.14,"u":"60,38 €/KG","img":"https://fd3-photos.leclercdrive.fr/image.ashx?id=2393753&use=l&cat=p&typeid=i","cat":284749},{"id":63971,"n":"Escalope cordon bleu Père dodu Poulet x4 - 400g - Familial","p":4.6,"u":"11,50 €/KG","img":"https://fd3-photos.leclercdrive.fr/image.ashx?id=2957173&use=l&cat=p&typeid=i","cat":333683},{"id":63980,"n":"Langoustines Rondes des Mers Entières crues 21/30 - 800g","p":15.98,"u":"19,98 €/KG","img":"https://fd3-photos.leclercdrive.fr/image.ashx?id=2177322&use=l&cat=p&typeid=i","cat":319787},{"id":63986,"n":"Glace twist sorbet Smicy Multifruits x5 - 375g","p":2.49,"u":"6,64 €/KG","img":"https://fd3-photos.leclercdrive.fr/image.ashx?id=2759825&use=l&cat=p&typeid=i","cat":285250},{"id":63987,"n":"Mini bâtonnets Trium Vanille fruits x8 - 300g","p":2.7,"u":"9,00 €/KG","img":"https://fd3-photos.leclercdrive.fr/image.ashx?id=2911696&use=l&cat=p&typeid=i","cat":284265},{"id":63989,"n":"Mascarpone Bio Village Bio - 250g","p":2.98,"u":"11,92 €/KG","img":"https://fd3-photos.leclercdrive.fr/image.ashx?id=1947561&use=l&cat=p&typeid=i","cat":314026},{"id":63990,"n":"Fromage Cantal jeune râpé NRT  AOP - 150g","p":2.39,"u":"15,93 €/KG","img":"https://fd3-photos.leclercdrive.fr/image.ashx?id=2494172&use=l&cat=p&typeid=i","cat":314035},{"id":63993,"n":"Crème glacée Eskiss  Douceur de vanille - 500g","p":3.91,"u":"7,82 €/KG","img":"https://fd3-photos.leclercdrive.fr/image.ashx?id=2982634&use=l&cat=p&typeid=i","cat":284263},{"id":63996,"n":"Glace gourmande Eskiss  Coco passion - 488g","p":3.16,"u":"6,48 €/KG","img":"https://fd3-photos.leclercdrive.fr/image.ashx?id=3002623&use=l&cat=p&typeid=i","cat":284263},{"id":64000,"n":"Nectar de poire Williams NRT Du Roussillon - 1L","p":3.05,"u":"3,05 €/L","img":"https://fd3-photos.leclercdrive.fr/image.ashx?id=2988150&use=l&cat=p&typeid=i","cat":284915},{"id":64020,"n":"Soda pomme cerise Sprink's 1.5L","p":1.67,"u":"1,11 €/L","img":"https://fd3-photos.leclercdrive.fr/image.ashx?id=2913754&use=l&cat=p&typeid=i","cat":284532},{"id":64023,"n":"Soda cerise Sprink's 1.5L","p":1.69,"u":"1,13 €/L","img":"https://fd3-photos.leclercdrive.fr/image.ashx?id=2957563&use=l&cat=p&typeid=i","cat":284532},{"id":64024,"n":"Soda pomme Sprink's 1.5L","p":1.48,"u":"0,99 €/L","img":"https://fd3-photos.leclercdrive.fr/image.ashx?id=2913748&use=l&cat=p&typeid=i","cat":284532},{"id":64029,"n":"Boisson au thé vert Fresh Tea Menthe - 1.5L","p":1.82,"u":"1,21 €/L","img":"https://fd3-photos.leclercdrive.fr/image.ashx?id=2622269&use=l&cat=p&typeid=i","cat":295019},{"id":64032,"n":"Pur jus d'orange Tropicana Sans pulpe - 2x1L","p":5.09,"u":"2,55 €/L","img":"https://fd3-photos.leclercdrive.fr/image.ashx?id=2605671&use=l&cat=p&typeid=i","cat":284521},{"id":64050,"n":"Bière blonde IPA Castelain Fleur de houblon - 6.5° - 75cl","p":3.41,"u":"4,55 €/L","img":"https://fd3-photos.leclercdrive.fr/image.ashx?id=2868957&use=l&cat=p&typeid=i","cat":334872},{"id":64052,"n":"Bière blonde Castelain Grand cru 8.5% - 75cl","p":3.33,"u":"4,44 €/L","img":"https://fd3-photos.leclercdrive.fr/image.ashx?id=2139097&use=l&cat=p&typeid=i","cat":334872},{"id":64061,"n":"Petits feuilletés Atelier Blini Coffret de nos régions - 485g","p":5.3,"u":"10,93 €/KG","img":"https://fd3-photos.leclercdrive.fr/image.ashx?id=1596371&use=l&cat=p&typeid=i","cat":319774},{"id":64462,"n":"Dos de Colin d'Alaska MSC Gimbert Océan 400g","p":4.23,"u":"10,58 €/KG","img":"https://fd3-photos.leclercdrive.fr/image.ashx?id=2875438&use=l&cat=p&typeid=i","cat":319786},{"id":64620,"n":"Pop Corn Rigopop Mushroom Caramel - 400g","p":3.78,"u":"9,45 €/KG","img":"https://fd3-photos.leclercdrive.fr/image.ashx?id=2505510&use=l&cat=p&typeid=i","cat":304249},{"id":64630,"n":"Coquilles Saint Jacques Tipiak Fond de poireaux - 4x90g","p":7.15,"u":"19,86 €/KG","img":"https://fd3-photos.leclercdrive.fr/image.ashx?id=2560978&use=l&cat=p&typeid=i","cat":319775},{"id":64637,"n":"Donuts de poulet Maître Coq Fromage fondu - 800g","p":5.98,"u":"7,48 €/KG","img":"https://fd3-photos.leclercdrive.fr/image.ashx?id=2939484&use=l&cat=p&typeid=i","cat":319780},{"id":64666,"n":"Gâteaux moelleux Kinder Délice Coeur lait enrobé Cacao - x10","p":3.33,"u":"8,54 €/KG","img":"https://fd3-photos.leclercdrive.fr/image.ashx?id=2832476&use=l&cat=p&typeid=i","cat":284495},{"id":64680,"n":"Soupe liquide Liebig Potiron Kiri Brique - 2x30cl","p":2.61,"u":"4,35 €/L","img":"https://fd3-photos.leclercdrive.fr/image.ashx?id=2892136&use=l&cat=p&typeid=i","cat":284462},{"id":64684,"n":"Soupe liquide brique Liebig  Légumes façon Poêlée - 2x30cl","p":2.43,"u":"4,05 €/L","img":"https://fd3-photos.leclercdrive.fr/image.ashx?id=2598073&use=l&cat=p&typeid=i","cat":284462},{"id":64685,"n":"Soupe liquide Liebig  Potiron - 2x30cl","p":2.05,"u":"3,42 €/L","img":"https://fd3-photos.leclercdrive.fr/image.ashx?id=2369915&use=l&cat=p&typeid=i","cat":284462},{"id":64686,"n":"Soupe liquide brique Liebig  Velouté légumes soleil - 2x30cl","p":1.84,"u":"3,07 €/L","img":"https://fd3-photos.leclercdrive.fr/image.ashx?id=2203382&use=l&cat=p&typeid=i","cat":284462},{"id":64692,"n":"Chocolat Pâtissier Nestlé Dessert - Noir corsé - 200g","p":3.17,"u":"15,85 €/KG","img":"https://fd3-photos.leclercdrive.fr/image.ashx?id=2889895&use=l&cat=p&typeid=i","cat":285562},{"id":64694,"n":"Culottes Confort Protect Depend Homme - L/XL - x9","p":8.38,"u":"0,93 €/P","img":"https://fd3-photos.leclercdrive.fr/image.ashx?id=2057755&use=l&cat=p&typeid=i","cat":291514},{"id":64695,"n":"Culotte Homme Confort Depend Taille 40-46 (S / M) - x10","p":7.97,"u":"0,80 €/P","img":"https://fd3-photos.leclercdrive.fr/image.ashx?id=2046870&use=l&cat=p&typeid=i","cat":291514},{"id":64696,"n":"Culotte femme Confort Depend Taille 44-52 (L) - x9","p":7.12,"u":"0,79 €/P","img":"https://fd3-photos.leclercdrive.fr/image.ashx?id=2109695&use=l&cat=p&typeid=i","cat":284628},{"id":64697,"n":"Culotte femme Confort Depend Taille  S/M 38-44 - x10","p":7.13,"u":"0,71 €/P","img":"https://fd3-photos.leclercdrive.fr/image.ashx?id=2046867&use=l&cat=p&typeid=i","cat":284628},{"id":64710,"n":"Poire Rochas 1p","p":0.4,"img":"https://fd3-photos.leclercdrive.fr/image.ashx?id=1628259&use=l&cat=p&typeid=i","cat":284356},{"id":64890,"n":"Bouchée Grillée Garden Gourmet Soja et Blé 175g","p":3.18,"u":"18,17 €/KG","img":"https://fd3-photos.leclercdrive.fr/image.ashx?id=2971392&use=l&cat=p&typeid=i","cat":316036},{"id":64910,"n":"Secret de mousse La Laitière Citron - 4x59g","p":1.65,"u":"6,99 €/KG","img":"https://fd3-photos.leclercdrive.fr/image.ashx?id=2616532&use=l&cat=p&typeid=i","cat":284417},{"id":64929,"n":"Collants Body Touch Dim Voile noir - Taille 1","p":8.2,"img":"https://fd3-photos.leclercdrive.fr/image.ashx?id=2862077&use=l&cat=p&typeid=i","cat":334130},{"id":64934,"n":"Collants Body Touch Dim Voile noir - Taille 2","p":8.2,"img":"https://fd3-photos.leclercdrive.fr/image.ashx?id=3008041&use=l&cat=p&typeid=i","cat":334130},{"id":64935,"n":"Collants Body Touch Dim Voile noir - Taille 3","p":8.2,"img":"https://fd3-photos.leclercdrive.fr/image.ashx?id=3008044&use=l&cat=p&typeid=i","cat":334130},{"id":64936,"n":"Collants Body Touch Dim Voile noir - Taille 4","p":8.2,"img":"https://fd3-photos.leclercdrive.fr/image.ashx?id=2876086&use=l&cat=p&typeid=i","cat":334130},{"id":64940,"n":"Collants Sublim brillant Dim Gazelle - Taille 1","p":5.4,"img":"https://fd3-photos.leclercdrive.fr/image.ashx?id=2018589&use=l&cat=p&typeid=i","cat":334130},{"id":64941,"n":"Collants Sublim brillant Dim Gazelle - Taille 2","p":5.4,"img":"https://fd3-photos.leclercdrive.fr/image.ashx?id=2183440&use=l&cat=p&typeid=i","cat":334130},{"id":64942,"n":"Colllants Sublim brillant Dim Gazelle - Taille 3","p":5.4,"img":"https://fd3-photos.leclercdrive.fr/image.ashx?id=2183443&use=l&cat=p&typeid=i","cat":334130},{"id":64947,"n":"Collants Diam's Dim Voile galbe Noir - Taille 2","p":6.3,"img":"https://fd3-photos.leclercdrive.fr/image.ashx?id=2497079&use=l&cat=p&typeid=i","cat":334130},{"id":64948,"n":"Collants Diam's Dim Voile galbe Noir - Taille 3","p":6.3,"img":"https://fd3-photos.leclercdrive.fr/image.ashx?id=2497082&use=l&cat=p&typeid=i","cat":334130},{"id":64949,"n":"Collants Diam's Dim Voile galbe Noir - Taille 4","p":6.3,"img":"https://fd3-photos.leclercdrive.fr/image.ashx?id=2534656&use=l&cat=p&typeid=i","cat":334130},{"id":64950,"n":"Collants Diam's Dim Voile galbe Noir - Taille 5","p":4.73,"img":"https://fd3-photos.leclercdrive.fr/image.ashx?id=2177707&use=l&cat=p&typeid=i","cat":334130},{"id":64951,"n":"Collants Diam's Dim Voile galbe Noir - Taille 6","p":4.73,"img":"https://fd3-photos.leclercdrive.fr/image.ashx?id=2177710&use=l&cat=p&typeid=i","cat":334130},{"id":64964,"n":"Eau minérale gazeuse Quezac 6x1.15L","p":2.88,"u":"0,42 €/L","img":"https://fd3-photos.leclercdrive.fr/image.ashx?id=2975341&use=l&cat=p&typeid=i","cat":284536},{"id":64969,"n":"Cornets La Basquaise Assortis - 14x60g","p":2.32,"u":"2,76 €/KG","img":"https://fd3-photos.leclercdrive.fr/image.ashx?id=2542351&use=l&cat=p&typeid=i","cat":284487},{"id":64980,"n":"Parmentier de canard  Maison Tino - 750g","p":9.99,"u":"13,32 €/KG","img":"https://fd3-photos.leclercdrive.fr/image.ashx?id=2554656&use=l&cat=p&typeid=i","cat":333666},{"id":64984,"n":"Lasagne de Boeuf  Maison Tino - 900g","p":9.99,"u":"11,10 €/KG","img":"https://fd3-photos.leclercdrive.fr/image.ashx?id=2681829&use=l&cat=p&typeid=i","cat":333666},{"id":65003,"n":"Panais  1P","p":0.45,"img":"https://fd3-photos.leclercdrive.fr/image.ashx?id=1632713&use=l&cat=p&typeid=i","cat":284352},{"id":65013,"n":"AIRWICK Spray Désodorisant  Pure Rafraichissant - 250ml","p":3.37,"u":"13,48 €/L","img":"https://fd3-photos.leclercdrive.fr/image.ashx?id=2962011&use=l&cat=p&typeid=i","cat":311626},{"id":65033,"n":"Dosettes Café Carte Noire  Arabica Corsé n°7 - x60 - 420g","p":9.3,"u":"22,14 €/KG","img":"https://fd3-photos.leclercdrive.fr/image.ashx?id=2922176&use=l&cat=p&typeid=i","cat":293238},{"id":65044,"n":"Biscuits petit déjeuner Belvita Miel & pépites chocolat - 435g","p":2.94,"u":"6,76 €/KG","img":"https://fd3-photos.leclercdrive.fr/image.ashx?id=2989441&use=l&cat=p&typeid=i","cat":284491},{"id":65048,"n":"Barres céréales Grany Fraises framboises - 108g","p":1.93,"u":"17,87 €/KG","img":"https://fd3-photos.leclercdrive.fr/image.ashx?id=2834350&use=l&cat=p&typeid=i","cat":285869},{"id":65061,"n":"Eau aromatisée Volvic zest  citron vert citron - 1,5L","p":1.08,"u":"0,72 €/L","img":"https://fd3-photos.leclercdrive.fr/image.ashx?id=2730259&use=l&cat=p&typeid=i","cat":284537},{"id":65251,"n":"Collants Diam's Dim Ventre plat Noir - Taille 1","p":9.85,"img":"https://fd3-photos.leclercdrive.fr/image.ashx?id=2636796&use=l&cat=p&typeid=i","cat":334130},{"id":65253,"n":"Collants Diam's Dim Ventre plat Noir - Taille 2","p":9.85,"img":"https://fd3-photos.leclercdrive.fr/image.ashx?id=2636799&use=l&cat=p&typeid=i","cat":334130},{"id":65255,"n":"Collants Diam's Dim Ventre plat Noir - Taille 3","p":9.85,"img":"https://fd3-photos.leclercdrive.fr/image.ashx?id=2636802&use=l&cat=p&typeid=i","cat":334130},{"id":65257,"n":"Collants Diam's Dim Ventre plat Noir - Taille 4","p":9.85,"img":"https://fd3-photos.leclercdrive.fr/image.ashx?id=2636808&use=l&cat=p&typeid=i","cat":334130},{"id":65276,"n":"Mi-bas sublim Dim Voile brillant noir T35/41 x2","p":3.85,"img":"https://fd3-photos.leclercdrive.fr/image.ashx?id=2840856&use=l&cat=p&typeid=i","cat":334130},{"id":65278,"n":"Mi-bas sublim Dim  Voile brillant capri T35/41 x2","p":3.57,"img":"https://fd3-photos.leclercdrive.fr/image.ashx?id=1650275&use=l&cat=p&typeid=i","cat":334130},{"id":65281,"n":"Mi-bas sublim Dim Gazelle T35/41 x2","p":3.57,"img":"https://fd3-photos.leclercdrive.fr/image.ashx?id=2176647&use=l&cat=p&typeid=i","cat":334130},{"id":65286,"n":"Socquettes sublim Dim Noir T35/41 x2","p":3.85,"img":"https://fd3-photos.leclercdrive.fr/image.ashx?id=2534653&use=l&cat=p&typeid=i","cat":334130},{"id":65290,"n":"Socquettes sublim Dim  Capri T35/41 x2","p":3.9,"img":"https://fd3-photos.leclercdrive.fr/image.ashx?id=2176653&use=l&cat=p&typeid=i","cat":334130},{"id":65292,"n":"Collants Well Elastivoile Affinant Ibiza T1","p":5.5,"img":"https://fd3-photos.leclercdrive.fr/image.ashx?id=2056455&use=l&cat=p&typeid=i","cat":334130},{"id":65293,"n":"Collants Well Elastivoile Affinant Ibiza  T2","p":5.5,"img":"https://fd3-photos.leclercdrive.fr/image.ashx?id=2056458&use=l&cat=p&typeid=i","cat":334130},{"id":65294,"n":"Collants Well Elastivoile Affinant Ibiza T3","p":5.5,"img":"https://fd3-photos.leclercdrive.fr/image.ashx?id=2056461&use=l&cat=p&typeid=i","cat":334130},{"id":65295,"n":"Collants Well Elastivoile Affinant Ibiza T4","p":5.5,"img":"https://fd3-photos.leclercdrive.fr/image.ashx?id=2056464&use=l&cat=p&typeid=i","cat":334130},{"id":65299,"n":"Collants Well Morphologie Form Opaque noir / -1m65","p":5.79,"img":"https://fd3-photos.leclercdrive.fr/image.ashx?id=2193236&use=l&cat=p&typeid=i","cat":334130},{"id":65303,"n":"Collant Well Morphologie  Regular Opaque noir / +1m65","p":5.79,"img":"https://fd3-photos.leclercdrive.fr/image.ashx?id=2254739&use=l&cat=p&typeid=i","cat":334130},{"id":65304,"n":"Collant Well Morphologie Form Opaque noir / +1m65","p":5.79,"img":"https://fd3-photos.leclercdrive.fr/image.ashx?id=2193236&use=l&cat=p&typeid=i","cat":334130},{"id":65306,"n":"Collants Modacolors Le Bourget  Opaque noir T3/4","p":5.95,"img":"https://fd3-photos.leclercdrive.fr/image.ashx?id=2056569&use=l&cat=p&typeid=i","cat":334130},{"id":65307,"n":"Collants Modacolors Le Bourget Opaque noir T5/6","p":5.95,"img":"https://fd3-photos.leclercdrive.fr/image.ashx?id=2559526&use=l&cat=p&typeid=i","cat":334130},{"id":65308,"n":"Collants Modacolors Le Bourget Opaque Noir T7/8","p":5.95,"img":"https://fd3-photos.leclercdrive.fr/image.ashx?id=2056596&use=l&cat=p&typeid=i","cat":334130},{"id":65336,"n":"Café dosettes Tassimo L'Or Espresso Splendente x16","p":5.36,"u":"47,86 €/KG","img":"https://fd3-photos.leclercdrive.fr/image.ashx?id=2853404&use=l&cat=p&typeid=i","cat":293240},{"id":65337,"n":"Epices pour fajitas Old El Paso doux - 30g","p":1.4,"u":"46,67 €/KG","img":"https://fd3-photos.leclercdrive.fr/image.ashx?id=2737702&use=l&cat=p&typeid=i","cat":288993},{"id":65341,"n":"Bonbons LUTTI Koala Guimauve Chocolat - 185g","p":1.5,"u":"8,11 €/KG","img":"https://fd3-photos.leclercdrive.fr/image.ashx?id=2806147&use=l&cat=p&typeid=i","cat":304250},{"id":65342,"n":"Bonbons LUTTI Surffizz Piquants Fruits - 200g","p":1.17,"u":"5,85 €/KG","img":"https://fd3-photos.leclercdrive.fr/image.ashx?id=2806144&use=l&cat=p&typeid=i","cat":304250},{"id":65424,"n":"Olives entières Croc Frais A la provençale - 550g","p":4.99,"u":"9,07 €/KG","img":"https://fd3-photos.leclercdrive.fr/image.ashx?id=2589425&use=l&cat=p&typeid=i","cat":316002},{"id":65426,"n":"Olives dénoyautées Croc Frais Méditerranéenne - 500g","p":4.74,"u":"9,48 €/KG","img":"https://fd3-photos.leclercdrive.fr/image.ashx?id=2589416&use=l&cat=p&typeid=i","cat":316002},{"id":65768,"n":"Croûtons crispy oignons   - 80g","p":2.07,"u":"25,88 €/KG","img":"https://fd3-photos.leclercdrive.fr/image.ashx?id=2800666&use=l&cat=p&typeid=i","cat":284464},{"id":65769,"n":"Croûtons  Original - 80g","p":2.27,"u":"28,38 €/KG","img":"https://fd3-photos.leclercdrive.fr/image.ashx?id=2800672&use=l&cat=p&typeid=i","cat":284464},{"id":65770,"n":"Croûtons  mediterraneens - 80g","p":2.27,"u":"28,38 €/KG","img":"https://fd3-photos.leclercdrive.fr/image.ashx?id=2774030&use=l&cat=p&typeid=i","cat":284464},{"id":65772,"n":"Croûtons  Caesar  - 80g","p":1.9,"u":"23,75 €/KG","img":"https://fd3-photos.leclercdrive.fr/image.ashx?id=2774706&use=l&cat=p&typeid=i","cat":284464},{"id":65902,"n":"Semelles Gel Soft Homme Quotidiennes - 1 paire","p":14.54,"img":"https://fd3-photos.leclercdrive.fr/image.ashx?id=2470291&use=l&cat=p&typeid=i","cat":325354},{"id":65926,"n":"Guacamole Extra l'Atelier Blini 175g","p":3.5,"u":"20,00 €/KG","img":"https://fd3-photos.leclercdrive.fr/image.ashx?id=2852504&use=l&cat=p&typeid=i","cat":315999},{"id":65944,"n":"IGP Pruneaux d'Agen  Maison Roucadil - 500g","p":5.15,"u":"10,30 €/KG","img":"https://fd3-photos.leclercdrive.fr/image.ashx?id=2213859&use=l&cat=p&typeid=i","cat":284357},{"id":65945,"n":"Olives dénoyautées Légumes croquants - 200g","p":2.76,"u":"13,80 €/KG","img":"https://fd3-photos.leclercdrive.fr/image.ashx?id=2589413&use=l&cat=p&typeid=i","cat":316002},{"id":65950,"n":"Gel toilette intime Doulys 200ml","p":2.47,"u":"12,35 €/L","img":"https://fd3-photos.leclercdrive.fr/image.ashx?id=1703245&use=l&cat=p&typeid=i","cat":284627},{"id":65970,"n":"Crème légère fluide Bridélice 12%MG - 3x20cl","p":2.52,"u":"4,20 €/L","img":"https://fd3-photos.leclercdrive.fr/image.ashx?id=2904736&use=l&cat=p&typeid=i","cat":284381},{"id":65972,"n":"Poires Douceur du Verger Sirop léger - 225 g","p":1.32,"u":"5,87 €/KG","img":"https://fd3-photos.leclercdrive.fr/image.ashx?id=2783017&use=l&cat=p&typeid=i","cat":284507},{"id":65973,"n":"Abricots Douceur du Verger Sirop léger - 235 g","p":1.44,"u":"6,13 €/KG","img":"https://fd3-photos.leclercdrive.fr/image.ashx?id=2622891&use=l&cat=p&typeid=i","cat":284507},{"id":65977,"n":"Bière aromatisée Mûre Myrtille  4,5°- 6x25cl","p":4.63,"u":"3,09 €/L","img":"https://fd3-photos.leclercdrive.fr/image.ashx?id=2164213&use=l&cat=p&typeid=i","cat":334878},{"id":66076,"n":"Bière ambrée Bio Jade  4.5%vol - 6x25cl","p":5.73,"u":"3,82 €/L","img":"https://fd3-photos.leclercdrive.fr/image.ashx?id=2518154&use=l&cat=p&typeid=i","cat":334852},{"id":66245,"n":"Bougies d'anniversaire Vahiné Roses - blister de 16 bougies","p":1.17,"u":"0,07 €/P","img":"https://fd3-photos.leclercdrive.fr/image.ashx?id=1209488&use=l&cat=p&typeid=i","cat":284504},{"id":66266,"n":"Brioche tranchée Pasquier Tranches gourmandes - 450g","p":2.18,"u":"4,84 €/KG","img":"https://fd3-photos.leclercdrive.fr/image.ashx?id=2850940&use=l&cat=p&typeid=i","cat":284478},{"id":66279,"n":"Roquefort AOP Les croisés - 32%mg - 100g","p":2.15,"u":"21,50 €/KG","img":"https://fd3-photos.leclercdrive.fr/image.ashx?id=2562885&use=l&cat=p&typeid=i","cat":314032},{"id":66282,"n":"Bresaola Saint-Azay 7 tranches - 70g","p":2.99,"u":"42,71 €/KG","img":"https://fd3-photos.leclercdrive.fr/image.ashx?id=2710816&use=l&cat=p&typeid=i","cat":316007},{"id":66284,"n":"Saucisson sec Saint-Azay 30 tranches - 100g","p":1.43,"u":"14,30 €/KG","img":"https://fd3-photos.leclercdrive.fr/image.ashx?id=2907213&use=l&cat=p&typeid=i","cat":316007},{"id":66293,"n":"Eau aromatisée Volvic juicy jus de fraise - 6x50cl","p":4.8,"u":"1,60 €/L","img":"https://fd3-photos.leclercdrive.fr/image.ashx?id=2961996&use=l&cat=p&typeid=i","cat":284537},{"id":66356,"n":"Café Soluble Nescafé  Cappuccino Classique - 280g","p":4.45,"u":"15,89 €/KG","img":"https://fd3-photos.leclercdrive.fr/image.ashx?id=2918044&use=l&cat=p&typeid=i","cat":284843},{"id":66359,"n":"Café moulu Jacques Vabre Colombie 100% Arabica - 250g","p":4.39,"u":"17,56 €/KG","img":"https://fd3-photos.leclercdrive.fr/image.ashx?id=2570754&use=l&cat=p&typeid=i","cat":284750},{"id":66365,"n":"Rasoir jetable Wilkinson Extra 3 Essentials - x8","p":4.33,"u":"0,54 €/P","img":"https://fd3-photos.leclercdrive.fr/image.ashx?id=2414421&use=l&cat=p&typeid=i","cat":284616},{"id":66366,"n":"Déodorant compressé Sanex  Zéro % Extra control - 100ml","p":3.5,"u":"35,00 €/L","img":"https://fd3-photos.leclercdrive.fr/image.ashx?id=2664274&use=l&cat=p&typeid=i","cat":284618},{"id":66417,"n":"Biscuits Mikado LU Chocolat au lait - 300g","p":4.81,"u":"16,03 €/KG","img":"https://fd3-photos.leclercdrive.fr/image.ashx?id=2347284&use=l&cat=p&typeid=i","cat":284488},{"id":66418,"n":"Biscuits Oreo Vanille - 220g","p":2.12,"u":"9,64 €/KG","img":"https://fd3-photos.leclercdrive.fr/image.ashx?id=2324285&use=l&cat=p&typeid=i","cat":284488},{"id":66527,"n":"Fromage Le Vieux Pané Finement typé - 200g","p":3.28,"u":"16,40 €/KG","img":"https://fd3-photos.leclercdrive.fr/image.ashx?id=2770380&use=l&cat=p&typeid=i","cat":329558},{"id":66555,"n":"Café moulu Bio Village Bio Ethiopie - 250g","p":4.35,"u":"17,40 €/KG","img":"https://fd3-photos.leclercdrive.fr/image.ashx?id=2468876&use=l&cat=p&typeid=i","cat":284750},{"id":66603,"n":"Nectar Douceur Cidou Multifruits - 1.75L","p":2.98,"u":"1,70 €/L","img":"https://fd3-photos.leclercdrive.fr/image.ashx?id=2342502&use=l&cat=p&typeid=i","cat":284917},{"id":66651,"n":"Doonuts nappés St Michel 180g","p":1.76,"u":"9,78 €/KG","img":"https://fd3-photos.leclercdrive.fr/image.ashx?id=2928495&use=l&cat=p&typeid=i","cat":284495},{"id":66652,"n":"Doonuts marbrés St Michel 180g","p":1.77,"u":"9,83 €/KG","img":"https://fd3-photos.leclercdrive.fr/image.ashx?id=2962299&use=l&cat=p&typeid=i","cat":284495},{"id":66740,"n":"P'tite Recette Nestlé Lentilles Vertes Jambon 12 mois - 2x200g","p":2.17,"u":"5,43 €/KG","img":"https://fd3-photos.leclercdrive.fr/image.ashx?id=2525690&use=l&cat=p&typeid=i","cat":312237},{"id":66746,"n":"Tomme de brebis Lou Pérac Fromage de brebis - 200g","p":4.12,"u":"20,60 €/KG","img":"https://fd3-photos.leclercdrive.fr/image.ashx?id=2758840&use=l&cat=p&typeid=i","cat":329184},{"id":66751,"n":"Boisson à l'amande Végé 1L Végé - 200g","p":1.85,"u":"1,85 €/L","img":"https://fd3-photos.leclercdrive.fr/image.ashx?id=2874699&use=l&cat=p&typeid=i","cat":316067},{"id":66752,"n":"Boisson au riz Végé 1L Végé - 200g","p":1.55,"u":"1,55 €/L","img":"https://fd3-photos.leclercdrive.fr/image.ashx?id=2896030&use=l&cat=p&typeid=i","cat":316067},{"id":66754,"n":"Boisson a l'avoine Végé 1L Végé - 200g","p":1.47,"u":"1,47 €/L","img":"https://fd3-photos.leclercdrive.fr/image.ashx?id=2869501&use=l&cat=p&typeid=i","cat":316067},{"id":66755,"n":"Boisson à la noisette Végé 1L Végé - 200g","p":1.79,"u":"1,79 €/L","img":"https://fd3-photos.leclercdrive.fr/image.ashx?id=2869504&use=l&cat=p&typeid=i","cat":316067},{"id":66757,"n":"Soja cuisine Bio Bio Village Végétal - 25cl","p":0.95,"u":"3,80 €/L","img":"https://fd3-photos.leclercdrive.fr/image.ashx?id=2791060&use=l&cat=p&typeid=i","cat":316069},{"id":66761,"n":"Mini gratins Côté Table Légumes du soleil - 400g","p":3.69,"u":"9,23 €/KG","img":"https://fd3-photos.leclercdrive.fr/image.ashx?id=2059098&use=l&cat=p&typeid=i","cat":319802},{"id":66785,"n":"Biscuits Nat&Vie Soja/figue 200g","p":1.26,"u":"6,30 €/KG","img":"https://fd3-photos.leclercdrive.fr/image.ashx?id=2460619&use=l&cat=p&typeid=i","cat":318651},{"id":66787,"n":"Biscuits Nat&Vie  Chocolat - 200g","p":1.07,"u":"5,35 €/KG","img":"https://fd3-photos.leclercdrive.fr/image.ashx?id=2460616&use=l&cat=p&typeid=i","cat":318651},{"id":66791,"n":"Cossettes mozzarella  Délices d'Amélie - 400g","p":5.17,"u":"12,93 €/KG","img":"https://fd3-photos.leclercdrive.fr/image.ashx?id=2855085&use=l&cat=p&typeid=i","cat":314035},{"id":66793,"n":"Biscuits Nat&Vie Sésame - 200g","p":1.15,"u":"5,75 €/KG","img":"https://fd3-photos.leclercdrive.fr/image.ashx?id=1199039&use=l&cat=p&typeid=i","cat":318651},{"id":66794,"n":"Biscuits Nat&Vie Soja/orange - 200g","p":0.96,"u":"4,80 €/KG","img":"https://fd3-photos.leclercdrive.fr/image.ashx?id=2460613&use=l&cat=p&typeid=i","cat":318651},{"id":66803,"n":"Biscuits Nutella B-ready Cacao noisettes - 330g","p":3.94,"u":"11,94 €/KG","img":"https://fd3-photos.leclercdrive.fr/image.ashx?id=2770599&use=l&cat=p&typeid=i","cat":284488},{"id":66804,"n":"Biscuits Nutella B-ready Cacao Noisettes - 220g","p":2.81,"u":"12,77 €/KG","img":"https://fd3-photos.leclercdrive.fr/image.ashx?id=2630784&use=l&cat=p&typeid=i","cat":284488},{"id":66809,"n":"Gousses vanille Vahiné  3g","p":4.19,"img":"https://fd3-photos.leclercdrive.fr/image.ashx?id=2524314&use=l&cat=p&typeid=i","cat":284504},{"id":66811,"n":"Tablette de chocolat Côte d'Or Lait Noisettes - 2x180g","p":6.85,"u":"19,03 €/KG","img":"https://fd3-photos.leclercdrive.fr/image.ashx?id=2850231&use=l&cat=p&typeid=i","cat":284497},{"id":66823,"n":"Biscuits petit déjeuner Belvita Miel & pépites chocolat - 650g","p":4.18,"u":"6,43 €/KG","img":"https://fd3-photos.leclercdrive.fr/image.ashx?id=2345487&use=l&cat=p&typeid=i","cat":284491},{"id":66834,"n":"Gel coiffant Vitanove Fixation extrême - 250ml","p":1.62,"u":"6,48 €/L","img":"https://fd3-photos.leclercdrive.fr/image.ashx?id=2824704&use=l&cat=p&typeid=i","cat":284609},{"id":66838,"n":"Gel coiffant Vitanove  Fixation béton - 250ml","p":1.61,"u":"6,44 €/L","img":"https://fd3-photos.leclercdrive.fr/image.ashx?id=2823087&use=l&cat=p&typeid=i","cat":284609},{"id":66843,"n":"Bandes de cire froide Siliss Visage - x32","p":2.19,"u":"0,07 €/P","img":"https://fd3-photos.leclercdrive.fr/image.ashx?id=2699708&use=l&cat=p&typeid=i","cat":325351},{"id":66849,"n":"Dessert bébé lacté Blédina 6m Banane - 6x55g","p":2.22,"u":"6,73 €/KG","img":"https://fd3-photos.leclercdrive.fr/image.ashx?id=2952454&use=l&cat=p&typeid=i","cat":312392},{"id":66965,"n":"Matière grasse Primevere Oméga 3 - 55% - 500g","p":2.96,"u":"5,92 €/KG","img":"https://fd3-photos.leclercdrive.fr/image.ashx?id=2939328&use=l&cat=p&typeid=i","cat":315229},{"id":66967,"n":"Matière grasse Primevere 63%MG - oméga 3 - 500g","p":3.33,"u":"6,66 €/KG","img":"https://fd3-photos.leclercdrive.fr/image.ashx?id=2936044&use=l&cat=p&typeid=i","cat":315229},{"id":66968,"n":"Beurre tendre Président Doux - 82% MG - 250g","p":3.17,"u":"12,68 €/KG","img":"https://fd3-photos.leclercdrive.fr/image.ashx?id=2811944&use=l&cat=p&typeid=i","cat":284379},{"id":66974,"n":"Quart de jambon sec Saint Azay 18 tranches - 220g","p":2.84,"u":"12,91 €/KG","img":"https://fd3-photos.leclercdrive.fr/image.ashx?id=2874386&use=l&cat=p&typeid=i","cat":316007},{"id":66978,"n":"Poire bio Bio Village Barquette x4","p":2.99,"u":"0,75 €/P","img":"https://fd3-photos.leclercdrive.fr/image.ashx?id=2552002&use=l&cat=p&typeid=i","cat":284356},{"id":66985,"n":"Roulés au fromage Côté Table x2 - 260g","p":2.32,"u":"8,92 €/KG","img":"https://fd3-photos.leclercdrive.fr/image.ashx?id=2794838&use=l&cat=p&typeid=i","cat":333671},{"id":66989,"n":"Yaourt bifidus Activia céréales noix - 4x120g","p":2.35,"u":"4,90 €/KG","img":"https://fd3-photos.leclercdrive.fr/image.ashx?id=2901623&use=l&cat=p&typeid=i","cat":315000},{"id":67010,"n":"Protège-slip Nana Voile Si Discret x32 2+1 offert","p":2.59,"u":"0,08 €/P","img":"https://fd3-photos.leclercdrive.fr/image.ashx?id=1645581&use=l&cat=p&typeid=i","cat":284625},{"id":67090,"n":"Soupe Doux Plaisir Liebig  Légumes et kiri - 1L","p":2.41,"u":"2,41 €/L","img":"https://fd3-photos.leclercdrive.fr/image.ashx?id=2186706&use=l&cat=p&typeid=i","cat":284462},{"id":67091,"n":"Soupe Liquide Bio Liebig Mouliné de Légumes Brique - 1L","p":2.79,"u":"2,79 €/L","img":"https://fd3-photos.leclercdrive.fr/image.ashx?id=2939202&use=l&cat=p&typeid=i","cat":284462},{"id":67143,"n":"Quatro de graines Daco Bello Grillées - Non salées - 175g","p":4.23,"u":"24,17 €/KG","img":"https://fd3-photos.leclercdrive.fr/image.ashx?id=2298544&use=l&cat=p&typeid=i","cat":284357},{"id":67150,"n":"Croustilles Belin Emmental - 4x138g","p":5.02,"u":"9,09 €/KG","img":"https://fd3-photos.leclercdrive.fr/image.ashx?id=2539025&use=l&cat=p&typeid=i","cat":284449},{"id":67152,"n":"Tablette de chocolat noir Lindt Zestes de citron vert - 2x100g","p":3.81,"u":"19,05 €/KG","img":"https://fd3-photos.leclercdrive.fr/image.ashx?id=2230887&use=l&cat=p&typeid=i","cat":284956},{"id":67153,"n":"Tablette de chocolat noir Lindt Noir : 70% cacao - 2x100g","p":4.9,"u":"24,50 €/KG","img":"https://fd3-photos.leclercdrive.fr/image.ashx?id=2153267&use=l&cat=p&typeid=i","cat":284956},{"id":67154,"n":"Tablette de chocolat noir Lindt Noir 85% cacao - 2x100g","p":4.67,"u":"23,35 €/KG","img":"https://fd3-photos.leclercdrive.fr/image.ashx?id=2153270&use=l&cat=p&typeid=i","cat":284956},{"id":67155,"n":"Tablette de chocolat noir Lindt Orange intense - 2x100g","p":4.88,"u":"24,40 €/KG","img":"https://fd3-photos.leclercdrive.fr/image.ashx?id=2153273&use=l&cat=p&typeid=i","cat":284956},{"id":67156,"n":"Tablette de chocolat noir Lindt Caramel Pointe de sel - 2x100g","p":4.66,"u":"23,30 €/KG","img":"https://fd3-photos.leclercdrive.fr/image.ashx?id=2153276&use=l&cat=p&typeid=i","cat":284956},{"id":67305,"n":"Cordon de poulet Maître Coq A la Normande - 800g","p":7.15,"u":"8,94 €/KG","img":"https://fd3-photos.leclercdrive.fr/image.ashx?id=2426935&use=l&cat=p&typeid=i","cat":333683},{"id":67378,"n":"Sirop Eco+ Grenadine - 1L","p":1.71,"u":"1,71 €/L","img":"https://fd3-photos.leclercdrive.fr/image.ashx?id=2901419&use=l&cat=p&typeid=i","cat":295020},{"id":67393,"n":"Beurre gastronomique Président Doux - 82% MG - 250g","p":2.79,"u":"11,16 €/KG","img":"https://fd3-photos.leclercdrive.fr/image.ashx?id=3011104&use=l&cat=p&typeid=i","cat":284379},{"id":67459,"n":"Haricots blancs Eco+ 530g","p":0.95,"u":"1,79 €/KG","img":"https://fd3-photos.leclercdrive.fr/image.ashx?id=2729248&use=l&cat=p&typeid=i","cat":312606},{"id":67460,"n":"Champignons Pieds morceaux - 460g","p":1.42,"u":"3,09 €/KG","img":"https://fd3-photos.leclercdrive.fr/image.ashx?id=1959981&use=l&cat=p&typeid=i","cat":312610},{"id":67461,"n":"Patafix Uhu Blanc - 80 pastilles","p":2.39,"img":"https://fd3-photos.leclercdrive.fr/image.ashx?id=1551440&use=l&cat=p&typeid=i","cat":334133},{"id":67522,"n":"Chili con carne Côté Table Au piment de Cayenne - 400g","p":1.65,"u":"4,13 €/KG","img":"https://fd3-photos.leclercdrive.fr/image.ashx?id=1648359&use=l&cat=p&typeid=i","cat":325094},{"id":67564,"n":"Ruban correcteur UHU Mini - 2x6m","p":4.34,"img":"https://fd3-photos.leclercdrive.fr/image.ashx?id=2057665&use=l&cat=p&typeid=i","cat":334133},{"id":67568,"n":"Curry moulu Rustica 42g","p":0.55,"u":"13,10 €/KG","img":"https://fd3-photos.leclercdrive.fr/image.ashx?id=2772975&use=l&cat=p&typeid=i","cat":298297},{"id":67569,"n":"Oignon semoule Rustica Déshydraté - 30g","p":0.99,"u":"33,00 €/KG","img":"https://fd3-photos.leclercdrive.fr/image.ashx?id=2772978&use=l&cat=p&typeid=i","cat":298297},{"id":67570,"n":"Poivre noir moulu Rustica Indonésie - 38g","p":0.81,"u":"21,32 €/KG","img":"https://fd3-photos.leclercdrive.fr/image.ashx?id=2797793&use=l&cat=p&typeid=i","cat":284457},{"id":67572,"n":"Ciboulette Rustica 4g","p":0.43,"u":"107,50 €/KG","img":"https://fd3-photos.leclercdrive.fr/image.ashx?id=2772990&use=l&cat=p&typeid=i","cat":298297},{"id":67573,"n":"Cumin moulu Rustica 32g","p":0.59,"u":"18,44 €/KG","img":"https://fd3-photos.leclercdrive.fr/image.ashx?id=2772963&use=l&cat=p&typeid=i","cat":298297},{"id":67575,"n":"Saucisse fumée de Savoie Socopa Façon charcutière x4 - 320g","p":3.29,"u":"10,28 €/KG","img":"https://fd3-photos.leclercdrive.fr/image.ashx?id=2264686&use=l&cat=p&typeid=i","cat":284334},{"id":67585,"n":"Baby Carottes 450g","p":3.97,"u":"8,82 €/KG","img":"https://fd3-photos.leclercdrive.fr/image.ashx?id=2786498&use=l&cat=p&typeid=i","cat":284352},{"id":67620,"n":"Persil Rustica 5g","p":0.39,"u":"78,00 €/KG","img":"https://fd3-photos.leclercdrive.fr/image.ashx?id=2772969&use=l&cat=p&typeid=i","cat":298297},{"id":67622,"n":"Thym Rustica 14g","p":0.4,"u":"28,57 €/KG","img":"https://fd3-photos.leclercdrive.fr/image.ashx?id=2797784&use=l&cat=p&typeid=i","cat":298297},{"id":67651,"n":"Poivre Noir moulu Bio Village Bio  - 38g","p":1.99,"u":"52,37 €/KG","img":"https://fd3-photos.leclercdrive.fr/image.ashx?id=2706538&use=l&cat=p&typeid=i","cat":284457},{"id":67652,"n":"Poivre gris moulu Flacon - 36g","p":1.11,"u":"30,83 €/KG","img":"https://fd3-photos.leclercdrive.fr/image.ashx?id=2797778&use=l&cat=p&typeid=i","cat":284457},{"id":67653,"n":"Gingembre moulu Rustica 27g","p":1.19,"u":"44,07 €/KG","img":"https://fd3-photos.leclercdrive.fr/image.ashx?id=2797796&use=l&cat=p&typeid=i","cat":298297},{"id":67654,"n":"Ail semoule Bio Village Bio 56g","p":1.99,"u":"35,54 €/KG","img":"https://fd3-photos.leclercdrive.fr/image.ashx?id=2991461&use=l&cat=p&typeid=i","cat":298297},{"id":67667,"n":"Purée de tomate Panzani Tomacouli nature - 500g","p":0.93,"u":"1,86 €/KG","img":"https://fd3-photos.leclercdrive.fr/image.ashx?id=2979623&use=l&cat=p&typeid=i","cat":288384},{"id":67678,"n":"Curcuma moulu Rustica 37g","p":0.66,"u":"17,84 €/KG","img":"https://fd3-photos.leclercdrive.fr/image.ashx?id=2772981&use=l&cat=p&typeid=i","cat":298297},{"id":67679,"n":"Estragon Rustica 7g","p":0.79,"u":"112,86 €/KG","img":"https://fd3-photos.leclercdrive.fr/image.ashx?id=2772993&use=l&cat=p&typeid=i","cat":298297},{"id":67680,"n":"Herbes de provence Rustica 120g","p":2.6,"u":"21,67 €/KG","img":"https://fd3-photos.leclercdrive.fr/image.ashx?id=2907228&use=l&cat=p&typeid=i","cat":298297},{"id":67681,"n":"Herbes de Provence Rustica 18g","p":0.41,"u":"22,78 €/KG","img":"https://fd3-photos.leclercdrive.fr/image.ashx?id=2772972&use=l&cat=p&typeid=i","cat":298297},{"id":67682,"n":"Noix de Muscade Rustica Moulue - 32g","p":1.36,"u":"42,50 €/KG","img":"https://fd3-photos.leclercdrive.fr/image.ashx?id=2772996&use=l&cat=p&typeid=i","cat":298297},{"id":67683,"n":"Persillade Rustica 95g","p":1.74,"u":"18,32 €/KG","img":"https://fd3-photos.leclercdrive.fr/image.ashx?id=2932668&use=l&cat=p&typeid=i","cat":298297},{"id":67693,"n":"Piment de Cayenne Rustica 38g","p":1.09,"u":"28,68 €/KG","img":"https://fd3-photos.leclercdrive.fr/image.ashx?id=2932671&use=l&cat=p&typeid=i","cat":298297},{"id":67698,"n":"Boisson Lactée Mars 350ml","p":1.87,"u":"5,34 €/L","img":"https://fd3-photos.leclercdrive.fr/image.ashx?id=1210291&use=l&cat=p&typeid=i","cat":295246},{"id":67726,"n":"AOC Crémant de Bourgogne Veuve Ambal Rosé brut - 75cl","p":7.99,"u":"10,65 €/L","img":"https://fd3-photos.leclercdrive.fr/image.ashx?id=2021286&use=l&cat=p&typeid=i","cat":284545},{"id":67866,"n":"Aiguillette de poulet 200g","p":2.65,"u":"13,25 €/KG","img":"https://fd3-photos.leclercdrive.fr/image.ashx?id=2095863&use=l&cat=p&typeid=i","cat":284336},{"id":67875,"n":"The Pik Box Haribo Boîte bonbons acidulés - 550g","p":4.81,"u":"8,75 €/KG","img":"https://fd3-photos.leclercdrive.fr/image.ashx?id=2805219&use=l&cat=p&typeid=i","cat":304250},{"id":67885,"n":"Crème fraîche épaisse Président Entière 30%mg - 45cl","p":2.27,"u":"5,04 €/L","img":"https://fd3-photos.leclercdrive.fr/image.ashx?id=2971948&use=l&cat=p&typeid=i","cat":284381},{"id":67890,"n":"Mélange de fruits de mer Costa - 360g","p":8.65,"u":"24,03 €/KG","img":"https://fd3-photos.leclercdrive.fr/image.ashx?id=2741132&use=l&cat=p&typeid=i","cat":319787},{"id":67915,"n":"Baby carottes Florette 250g","p":2.27,"u":"9,08 €/KG","img":"https://fd3-photos.leclercdrive.fr/image.ashx?id=2786492&use=l&cat=p&typeid=i","cat":284352},{"id":67916,"n":"Croq' Radis Florette Sachet 200g","p":2.47,"u":"12,35 €/KG","img":"https://fd3-photos.leclercdrive.fr/image.ashx?id=2859344&use=l&cat=p&typeid=i","cat":284352},{"id":68009,"n":"Yaourt Enfant Petits Filous Fruits Mixés Panaché - 18x50g","p":3.08,"u":"3,42 €/KG","img":"https://fd3-photos.leclercdrive.fr/image.ashx?id=2767362&use=l&cat=p&typeid=i","cat":284414},{"id":68015,"n":"Poire Comice 1p","p":0.59,"img":"https://fd3-photos.leclercdrive.fr/image.ashx?id=1628451&use=l&cat=p&typeid=i","cat":284356},{"id":68090,"n":"Champignons Bio Village Bio Emincés - 170g","p":2.25,"u":"13,24 €/KG","img":"https://fd3-photos.leclercdrive.fr/image.ashx?id=2613294&use=l&cat=p&typeid=i","cat":312610},{"id":68093,"n":"Champignons Paris Notre Jardin Entiers - 2x115g","p":1.85,"u":"8,04 €/KG","img":"https://fd3-photos.leclercdrive.fr/image.ashx?id=2991139&use=l&cat=p&typeid=i","cat":312610},{"id":68094,"n":"Poivre blanc Rustica Moulu - 36g","p":1.89,"u":"52,50 €/KG","img":"https://fd3-photos.leclercdrive.fr/image.ashx?id=2772987&use=l&cat=p&typeid=i","cat":284457},{"id":68097,"n":"Yaourt à la grecque YAOS Citron - 4x125g","p":2.77,"u":"5,54 €/KG","img":"https://fd3-photos.leclercdrive.fr/image.ashx?id=2578672&use=l&cat=p&typeid=i","cat":314999},{"id":68158,"n":"Lardons fumés 1kg","p":8.49,"u":"8,49 €/KG","img":"https://fd3-photos.leclercdrive.fr/image.ashx?id=1227792&use=l&cat=p&typeid=i","cat":316011},{"id":68172,"n":"Fromage à raclette Ermitage nature, fumé, poivres - 800g","p":14.95,"u":"18,69 €/KG","img":"https://fd3-photos.leclercdrive.fr/image.ashx?id=2732464&use=l&cat=p&typeid=i","cat":314036},{"id":68214,"n":"Biscuits Petits Cœurs LU Chocolat - 125g","p":1.15,"u":"9,20 €/KG","img":"https://fd3-photos.leclercdrive.fr/image.ashx?id=3002021&use=l&cat=p&typeid=i","cat":284488},{"id":68215,"n":"Biscuits Kango LU Chocolat - 225g","p":2.19,"u":"9,73 €/KG","img":"https://fd3-photos.leclercdrive.fr/image.ashx?id=2941508&use=l&cat=p&typeid=i","cat":284488},{"id":68217,"n":"Biscuits Croc Sablé Pépito  Chocolat - 294g","p":1.17,"u":"3,98 €/KG","img":"https://fd3-photos.leclercdrive.fr/image.ashx?id=2347254&use=l&cat=p&typeid=i","cat":284488},{"id":68275,"n":"Déodorant Carré homme Musc séduction - 100ml","p":1.12,"u":"11,20 €/L","img":"https://fd3-photos.leclercdrive.fr/image.ashx?id=2440745&use=l&cat=p&typeid=i","cat":284618},{"id":68276,"n":"Déodorant Carré Homme Marine Ice boost - 100ml","p":1.12,"u":"11,20 €/L","img":"https://fd3-photos.leclercdrive.fr/image.ashx?id=2440748&use=l&cat=p&typeid=i","cat":284618},{"id":68278,"n":"Recharge gel lavant Manava Hypoallergénique - 250ml","p":0.66,"u":"2,64 €/L","img":"https://fd3-photos.leclercdrive.fr/image.ashx?id=2935537&use=l&cat=p&typeid=i","cat":284597},{"id":68355,"n":"Compote pomme poire Bio Bio Village - 4x100g","p":1.99,"u":"4,98 €/KG","img":"https://fd3-photos.leclercdrive.fr/image.ashx?id=2454638&use=l&cat=p&typeid=i","cat":284416},{"id":68399,"n":"Poisson pané Double délice   Findus x8 - 600g","p":5.61,"u":"9,35 €/KG","img":"https://fd3-photos.leclercdrive.fr/image.ashx?id=2679594&use=l&cat=p&typeid=i","cat":319788},{"id":68432,"n":"Gel WC Syphon Activ'Effect Fraîcheur pin - 750ml","p":0.74,"u":"0,99 €/L","img":"https://fd3-photos.leclercdrive.fr/image.ashx?id=2388382&use=l&cat=p&typeid=i","cat":284662},{"id":68445,"n":"Recharge crème lavante Manava Framboise pivoine - 250ml","p":0.57,"u":"2,28 €/L","img":"https://fd3-photos.leclercdrive.fr/image.ashx?id=2935510&use=l&cat=p&typeid=i","cat":284597},{"id":68449,"n":"Perles désodorisantes Bien Air Japon","p":2.25,"img":"https://fd3-photos.leclercdrive.fr/image.ashx?id=2939070&use=l&cat=p&typeid=i","cat":311628},{"id":68451,"n":"Lingettes Inell Rafraichissantes - x10","p":1.08,"u":"0,11 €/P","img":"https://fd3-photos.leclercdrive.fr/image.ashx?id=2658132&use=l&cat=p&typeid=i","cat":284603},{"id":68452,"n":"Lingettes hygiène intime Doulys Individuelles - x16","p":1.59,"u":"0,10 €/P","img":"https://fd3-photos.leclercdrive.fr/image.ashx?id=2671825&use=l&cat=p&typeid=i","cat":284627},{"id":68453,"n":"Gel lavant Manava Hypoallergénique - 300ml","p":1.05,"u":"3,50 €/L","img":"https://fd3-photos.leclercdrive.fr/image.ashx?id=2935528&use=l&cat=p&typeid=i","cat":284597},{"id":68454,"n":"Savon noir Clair Mou - 1kg","p":4.3,"u":"4,30 €/KG","img":"https://fd3-photos.leclercdrive.fr/image.ashx?id=2874383&use=l&cat=p&typeid=i","cat":284907},{"id":68457,"n":"Nettoyant Clair Parquets modernes - 1L","p":2.45,"u":"2,45 €/L","img":"https://fd3-photos.leclercdrive.fr/image.ashx?id=2652909&use=l&cat=p&typeid=i","cat":284907},{"id":68459,"n":"Nettoyant Clair Parquets classiques - 1L","p":2.45,"u":"2,45 €/L","img":"https://fd3-photos.leclercdrive.fr/image.ashx?id=2652912&use=l&cat=p&typeid=i","cat":284907},{"id":68475,"n":"Culotte Chorys Médium nuit - x12","p":8.56,"u":"0,71 €/P","img":"https://fd3-photos.leclercdrive.fr/image.ashx?id=2716009&use=l&cat=p&typeid=i","cat":284628},{"id":68476,"n":"Culotte Chorys Absorption plus large nuit x10","p":7.14,"u":"0,71 €/P","img":"https://fd3-photos.leclercdrive.fr/image.ashx?id=2704490&use=l&cat=p&typeid=i","cat":284628},{"id":68479,"n":"Couches de bain Mots d'Enfants Baby Swim - Taille S - x12","p":6.1,"img":"https://fd3-photos.leclercdrive.fr/image.ashx?id=2907219&use=l&cat=p&typeid=i","cat":290634},{"id":68482,"n":"Couches de bain Mots d'Enfants Baby Swim - Taille M - x11","p":5.89,"u":"0,54 €/P","img":"https://fd3-photos.leclercdrive.fr/image.ashx?id=2907222&use=l&cat=p&typeid=i","cat":290634},{"id":68486,"n":"Tampon Nett  Digital normal boite - x24","p":2.2,"u":"0,09 €/P","img":"https://fd3-photos.leclercdrive.fr/image.ashx?id=2359657&use=l&cat=p&typeid=i","cat":284626},{"id":68487,"n":"Tampons Nett Procomfort Digitaux - Super - x24","p":2.2,"u":"0,09 €/P","img":"https://fd3-photos.leclercdrive.fr/image.ashx?id=2502625&use=l&cat=p&typeid=i","cat":284626},{"id":68660,"n":"Sous-vêtements Silhouette Tena Plus Crème Taille L - x8","p":8.51,"u":"1,06 €/P","img":"https://fd3-photos.leclercdrive.fr/image.ashx?id=2428612&use=l&cat=p&typeid=i","cat":284628},{"id":68737,"n":"Crème de coco légère Bio Bjorg  20cl","p":1.61,"u":"8,05 €/L","img":"https://fd3-photos.leclercdrive.fr/image.ashx?id=2936386&use=l&cat=p&typeid=i","cat":288992},{"id":68738,"n":"Soja cuisine - semi-épaisse Bio Bjorg - 25cl","p":1.18,"u":"4,72 €/L","img":"https://fd3-photos.leclercdrive.fr/image.ashx?id=2906196&use=l&cat=p&typeid=i","cat":316069},{"id":68780,"n":"Guirlande prestige rouge 1 pièce","p":2.5,"img":"https://fd3-photos.leclercdrive.fr/image.ashx?id=1996619&use=l&cat=p&typeid=i","cat":335913},{"id":68824,"n":"Coton maxi carré Inell Aloé Vera - x50","p":1.75,"u":"0,04 €/P","img":"https://fd3-photos.leclercdrive.fr/image.ashx?id=1959190&use=l&cat=p&typeid=i","cat":284636},{"id":68840,"n":"Chocolat noir Bio Village Bio - Noisettes entières - 200g","p":3.33,"u":"16,65 €/KG","img":"https://fd3-photos.leclercdrive.fr/image.ashx?id=2646026&use=l&cat=p&typeid=i","cat":284956},{"id":68861,"n":"Miel Bio Village Bio crémeux de fleurs - 500g","p":4.99,"u":"9,98 €/KG","img":"https://fd3-photos.leclercdrive.fr/image.ashx?id=2564219&use=l&cat=p&typeid=i","cat":287643},{"id":68862,"n":"Pâte à tartiner Nustikao 600g","p":2.73,"u":"4,55 €/KG","img":"https://fd3-photos.leclercdrive.fr/image.ashx?id=2856555&use=l&cat=p&typeid=i","cat":284481},{"id":68863,"n":"Compote Douceur du Verger Gourdes Pomme - 12x90g","p":2.95,"u":"2,73 €/KG","img":"https://fd3-photos.leclercdrive.fr/image.ashx?id=2317276&use=l&cat=p&typeid=i","cat":284508},{"id":68864,"n":"Compote Douceur du Verger Bocal pomme poire - 710g","p":1.75,"u":"2,46 €/KG","img":"https://fd3-photos.leclercdrive.fr/image.ashx?id=2663539&use=l&cat=p&typeid=i","cat":284508},{"id":68866,"n":"Compote Douceur du Verger Bocal pomme - 710g","p":1.27,"u":"1,79 €/KG","img":"https://fd3-photos.leclercdrive.fr/image.ashx?id=2663536&use=l&cat=p&typeid=i","cat":284508},{"id":68868,"n":"Riz long Bio Village Bio semi complet - 500g","p":2.25,"u":"4,50 €/KG","img":"https://fd3-photos.leclercdrive.fr/image.ashx?id=2441513&use=l&cat=p&typeid=i","cat":284428},{"id":68870,"n":"Pistaches Bio Village Grillées salées bio - 100g","p":2.6,"u":"26,00 €/KG","img":"https://fd3-photos.leclercdrive.fr/image.ashx?id=2615789&use=l&cat=p&typeid=i","cat":284448},{"id":68880,"n":"Pâté Lucien Georgelin Au Piment d'Espelette - 220g","p":3.14,"u":"14,27 €/KG","img":"https://fd3-photos.leclercdrive.fr/image.ashx?id=1598643&use=l&cat=p&typeid=i","cat":305149},{"id":68881,"n":"Litchis Douceur du Verger Sirop léger - 250g","p":1.99,"u":"7,96 €/KG","img":"https://fd3-photos.leclercdrive.fr/image.ashx?id=2485089&use=l&cat=p&typeid=i","cat":284507},{"id":68882,"n":"Compote bio Bio Village Coupelle pomme - 8x100g","p":2.89,"u":"3,61 €/KG","img":"https://fd3-photos.leclercdrive.fr/image.ashx?id=1947749&use=l&cat=p&typeid=i","cat":284508},{"id":68902,"n":"Crackers Tokapi 100g","p":0.46,"u":"4,60 €/KG","img":"https://fd3-photos.leclercdrive.fr/image.ashx?id=2661073&use=l&cat=p&typeid=i","cat":297000},{"id":68913,"n":"Purificateur d'air Sanytol Désinfectant - 300ml","p":3.65,"u":"12,17 €/L","img":"https://fd3-photos.leclercdrive.fr/image.ashx?id=2901659&use=l&cat=p&typeid=i","cat":311626},{"id":68921,"n":"Boisson lactée Tous mes amis pour chats stérilisé - 3x200ml","p":2.45,"u":"4,08 €/L","img":"https://fd3-photos.leclercdrive.fr/image.ashx?id=2313476&use=l&cat=p&typeid=i","cat":285285},{"id":68926,"n":"Chips Bio Village Légumes bio - sachet - 80g","p":2.39,"u":"29,88 €/KG","img":"https://fd3-photos.leclercdrive.fr/image.ashx?id=2743843&use=l&cat=p&typeid=i","cat":284447},{"id":68949,"n":"Flocons Naturaline Bio 5 céréales - 500g","p":2.16,"u":"4,32 €/KG","img":"https://fd3-photos.leclercdrive.fr/image.ashx?id=2702924&use=l&cat=p&typeid=i","cat":309512},{"id":68950,"n":"Lentilles rouges corail bio Naturaline - 500g","p":3.02,"u":"6,04 €/KG","img":"https://fd3-photos.leclercdrive.fr/image.ashx?id=2505001&use=l&cat=p&typeid=i","cat":284430},{"id":68952,"n":"Crème dessert La Laitière Velours de crème chocolat 4x85g","p":2.19,"u":"6,44 €/KG","img":"https://fd3-photos.leclercdrive.fr/image.ashx?id=2633824&use=l&cat=p&typeid=i","cat":285041},{"id":68981,"n":"Couscous Chaque jour sans gluten - de maïs - 375g","p":3.09,"u":"8,24 €/KG","img":"https://fd3-photos.leclercdrive.fr/image.ashx?id=2764143&use=l&cat=p&typeid=i","cat":284429},{"id":68986,"n":"Lait d'amande Bio Village Sans sucre bio - 1L","p":1.41,"u":"1,41 €/L","img":"https://fd3-photos.leclercdrive.fr/image.ashx?id=2358099&use=l&cat=p&typeid=i","cat":316067},{"id":68996,"n":"Crackers bio Bio Village Emmental courge - 200g","p":2.69,"u":"13,45 €/KG","img":"https://fd3-photos.leclercdrive.fr/image.ashx?id=2310507&use=l&cat=p&typeid=i","cat":297000},{"id":69003,"n":"Galettes maïs Bio Village Chocolat noir bio - 100g","p":1.89,"u":"18,90 €/KG","img":"https://fd3-photos.leclercdrive.fr/image.ashx?id=2559399&use=l&cat=p&typeid=i","cat":318651},{"id":69006,"n":"Tomates séchées Rustica Bocal - 280g","p":2.5,"u":"8,93 €/KG","img":"https://fd3-photos.leclercdrive.fr/image.ashx?id=2539457&use=l&cat=p&typeid=i","cat":284458},{"id":69011,"n":"Petit beurre Sans Gluten 130g","p":1.82,"u":"14,00 €/KG","img":"https://fd3-photos.leclercdrive.fr/image.ashx?id=2460622&use=l&cat=p&typeid=i","cat":318654},{"id":69071,"n":"yaourt aux fruits danonino aromatisé - 12x125g","p":3.26,"u":"2,17 €/KG","img":"https://fd3-photos.leclercdrive.fr/image.ashx?id=2883432&use=l&cat=p&typeid=i","cat":284414},{"id":69074,"n":"Yaourts brassés Velouté Danone Nature - 8x125g","p":2.71,"u":"2,71 €/KG","img":"https://fd3-photos.leclercdrive.fr/image.ashx?id=2865590&use=l&cat=p&typeid=i","cat":284409},{"id":69107,"n":"Muesli croustillant nature bio  Terres et Céréales - 1kg","p":4.27,"u":"4,27 €/KG","img":"https://fd3-photos.leclercdrive.fr/image.ashx?id=2802446&use=l&cat=p&typeid=i","cat":309512},{"id":69108,"n":"Muesli duo pépites de chocolats  bio Terres et Céréales -1kg","p":5.27,"u":"5,27 €/KG","img":"https://fd3-photos.leclercdrive.fr/image.ashx?id=2802452&use=l&cat=p&typeid=i","cat":309512},{"id":69110,"n":"Tartines 3 céréales sans gluten  bio Terres et Céréales - 150g","p":2.09,"u":"13,93 €/KG","img":"https://fd3-photos.leclercdrive.fr/image.ashx?id=2853176&use=l&cat=p&typeid=i","cat":285543},{"id":69141,"n":"Papier cuisson Elembal Rouleau 8m","p":1.08,"u":"0,14 €/MT","img":"https://fd3-photos.leclercdrive.fr/image.ashx?id=2824955&use=l&cat=p&typeid=i","cat":334134},{"id":69145,"n":"Crème lavante Manava Framboise pivoine - 300ml","p":1.28,"u":"4,27 €/L","img":"https://fd3-photos.leclercdrive.fr/image.ashx?id=2935507&use=l&cat=p&typeid=i","cat":284597},{"id":69147,"n":"Café dosettes Tassimo L'Or Café Long Classique x16","p":4.65,"u":"44,71 €/KG","img":"https://fd3-photos.leclercdrive.fr/image.ashx?id=2160312&use=l&cat=p&typeid=i","cat":293240},{"id":69148,"n":"Café dosettes Tassimo L'Or Café Long Intense x16","p":5.24,"u":"40,94 €/KG","img":"https://fd3-photos.leclercdrive.fr/image.ashx?id=2290599&use=l&cat=p&typeid=i","cat":293240},{"id":69150,"n":"Nettoyant multi surfaces Clair Citron - 1.5L","p":1.7,"u":"1,13 €/L","img":"https://fd3-photos.leclercdrive.fr/image.ashx?id=2534211&use=l&cat=p&typeid=i","cat":284907},{"id":69151,"n":"Nettoyant multi surfaces Clair Pins - 1.5L","p":1.7,"u":"1,13 €/L","img":"https://fd3-photos.leclercdrive.fr/image.ashx?id=2369164&use=l&cat=p&typeid=i","cat":284907},{"id":69152,"n":"Nettoyant multi surfaces Clair Fleurs - 1.5L","p":1.7,"u":"1,13 €/L","img":"https://fd3-photos.leclercdrive.fr/image.ashx?id=2381556&use=l&cat=p&typeid=i","cat":284907},{"id":69153,"n":"Nettoyant multi surfaces Clair Fraîcheur pure - 1.5L","p":1.7,"u":"1,13 €/L","img":"https://fd3-photos.leclercdrive.fr/image.ashx?id=2373263&use=l&cat=p&typeid=i","cat":284907},{"id":69154,"n":"Nettoyant multi surfaces Clair Savon de Marseille - 1.5L","p":1.7,"u":"1,13 €/L","img":"https://fd3-photos.leclercdrive.fr/image.ashx?id=2858845&use=l&cat=p&typeid=i","cat":284907},{"id":69155,"n":"Nettoyant multi surfaces Clair Savon noir - 1.5L","p":1.7,"u":"1,13 €/L","img":"https://fd3-photos.leclercdrive.fr/image.ashx?id=2849584&use=l&cat=p&typeid=i","cat":284907},{"id":69163,"n":"Purée 100% brocolis Bio Bio Village - 450g","p":1.75,"u":"3,89 €/KG","img":"https://fd3-photos.leclercdrive.fr/image.ashx?id=2878750&use=l&cat=p&typeid=i","cat":319805},{"id":69164,"n":"Pizza chèvre feu de bois Bio  Bio Village - 360g","p":3.19,"u":"8,86 €/KG","img":"https://fd3-photos.leclercdrive.fr/image.ashx?id=1911810&use=l&cat=p&typeid=i","cat":284256},{"id":69171,"n":"Détachant Système 8 Ace Délicat Bouquet Méditerranée - 2L","p":4.47,"u":"2,24 €/L","img":"https://fd3-photos.leclercdrive.fr/image.ashx?id=2559155&use=l&cat=p&typeid=i","cat":284651},{"id":69213,"n":"Frites à peau McCain Côté Resto - 650g","p":2.67,"u":"4,11 €/KG","img":"https://fd3-photos.leclercdrive.fr/image.ashx?id=2927047&use=l&cat=p&typeid=i","cat":319791},{"id":69218,"n":"Mini toasts Epi d'or Carré - 120g","p":1.79,"u":"14,92 €/KG","img":"https://fd3-photos.leclercdrive.fr/image.ashx?id=2564339&use=l&cat=p&typeid=i","cat":285454},{"id":69233,"n":"Capsules café L'Or Espresso Ristretto N°11 x10","p":3.09,"u":"59,42 €/KG","img":"https://fd3-photos.leclercdrive.fr/image.ashx?id=2260869&use=l&cat=p&typeid=i","cat":284749},{"id":69240,"n":"Vinaigre en gel Uni Vert 750ml","p":2.98,"u":"3,97 €/L","img":"https://fd3-photos.leclercdrive.fr/image.ashx?id=2883324&use=l&cat=p&typeid=i","cat":325357},{"id":69256,"n":"Dessert panaché Andros Panaché - 16x100g","p":5.47,"u":"3,42 €/KG","img":"https://fd3-photos.leclercdrive.fr/image.ashx?id=2875114&use=l&cat=p&typeid=i","cat":284416},{"id":69275,"n":"Gel Douche Homme Nivea Men 3 en 1 Protect&Care - 250ml","p":2.36,"u":"9,44 €/L","img":"https://fd3-photos.leclercdrive.fr/image.ashx?id=2985465&use=l&cat=p&typeid=i","cat":284619},{"id":69279,"n":"Crème soin jour Diadermine Expert Fondamental  - 50ml","p":10.19,"u":"203,80 €/L","img":"https://fd3-photos.leclercdrive.fr/image.ashx?id=2458334&use=l&cat=p&typeid=i","cat":325345},{"id":69280,"n":"Couches bébé Mots d'enfants Midi T3 4/9kg - x50 changes","p":6.35,"u":"0,13 €/P","img":"https://fd3-photos.leclercdrive.fr/image.ashx?id=2699717&use=l&cat=p&typeid=i","cat":284737},{"id":69281,"n":"Couches bébé Mots d'enfants Ultra confort T4 7/18kg - x44","p":6.35,"u":"0,14 €/P","img":"https://fd3-photos.leclercdrive.fr/image.ashx?id=2699720&use=l&cat=p&typeid=i","cat":284737},{"id":69282,"n":"Couches bébé Mots d'enfants Ultra confort T4+  9/20kg - x41","p":6.35,"u":"0,15 €/P","img":"https://fd3-photos.leclercdrive.fr/image.ashx?id=2699723&use=l&cat=p&typeid=i","cat":284737},{"id":69283,"n":"Couches bébé Mots d'enfants Ultra confort T5 11/25kg - x39","p":6.35,"u":"0,16 €/P","img":"https://fd3-photos.leclercdrive.fr/image.ashx?id=2699726&use=l&cat=p&typeid=i","cat":284737},{"id":69284,"n":"Couches bébé Mots d'enfants Ultra confort T6  16/23kg - x33","p":6.35,"u":"0,19 €/P","img":"https://fd3-photos.leclercdrive.fr/image.ashx?id=2699729&use=l&cat=p&typeid=i","cat":284737},{"id":69285,"n":"Couches bébé Mots d'enfants T4 Ultra confort 7/18kg - x144","p":19.85,"u":"0,14 €/P","img":"https://fd3-photos.leclercdrive.fr/image.ashx?id=2689429&use=l&cat=p&typeid=i","cat":284737},{"id":69286,"n":"Couches bébé Mots d'enfants T5 Ultra confort 11/25kg - x136","p":19.85,"u":"0,15 €/P","img":"https://fd3-photos.leclercdrive.fr/image.ashx?id=2691833&use=l&cat=p&typeid=i","cat":284737},{"id":69315,"n":"Sirop saveur mojito Frucci 75cl","p":3.25,"u":"4,33 €/L","img":"https://fd3-photos.leclercdrive.fr/image.ashx?id=2898032&use=l&cat=p&typeid=i","cat":295020},{"id":69317,"n":"Eau minérale naturelle Vittel 6x1.5L","p":2.15,"u":"0,24 €/L","img":"https://fd3-photos.leclercdrive.fr/image.ashx?id=3000441&use=l&cat=p&typeid=i","cat":284535},{"id":69335,"n":"Piles rechargeables Duracell 2500mAh AA - x4","p":18.69,"img":"https://fd3-photos.leclercdrive.fr/image.ashx?id=2862833&use=l&cat=p&typeid=i","cat":300572},{"id":69336,"n":"Piles Ultra Duracell RCR 850 AAA - x4","p":18.69,"img":"https://fd3-photos.leclercdrive.fr/image.ashx?id=2421949&use=l&cat=p&typeid=i","cat":300572},{"id":69418,"n":"Serviette papier Homeside Triple épaisseur 40x40cm - x20","p":1.39,"u":"0,07 €/P","img":"https://fd3-photos.leclercdrive.fr/image.ashx?id=1659732&use=l&cat=p&typeid=i","cat":334134},{"id":69430,"n":"Poulet Basquaise NRT 750g","p":7.99,"u":"10,65 €/KG","img":"https://fd3-photos.leclercdrive.fr/image.ashx?id=2723255&use=l&cat=p&typeid=i","cat":284441},{"id":69442,"n":"Madeleines NRT Caramel - 330g","p":3.29,"u":"9,97 €/KG","img":"https://fd3-photos.leclercdrive.fr/image.ashx?id=2607885&use=l&cat=p&typeid=i","cat":284492},{"id":69496,"n":"Rillettes de porc Label Rouge L'Atelier Charcuterie - 170g","p":3.49,"u":"20,53 €/KG","img":"https://fd3-photos.leclercdrive.fr/image.ashx?id=2955261&use=l&cat=p&typeid=i","cat":316008},{"id":69680,"n":"Yaourt à la grecque YAOS Nature lit de pêches 4x125g","p":2.87,"u":"5,74 €/KG","img":"https://fd3-photos.leclercdrive.fr/image.ashx?id=2539533&use=l&cat=p&typeid=i","cat":314999},{"id":69720,"n":"Gougères au fromage Côté Table x20 - 140g","p":3.76,"u":"26,86 €/KG","img":"https://fd3-photos.leclercdrive.fr/image.ashx?id=2726709&use=l&cat=p&typeid=i","cat":319774},{"id":69736,"n":"AOC Corbières vin rouge Prieur Barsanne - BIB 3L","p":9.49,"u":"3,16 €/L","img":"https://fd3-photos.leclercdrive.fr/image.ashx?id=2712989&use=l&cat=p&typeid=i","cat":289556},{"id":69738,"n":"AOC Côtes du Marmandais vin  rosé Terrasses d'Autan - BIB 3L","p":9.99,"u":"3,33 €/L","img":"https://fd3-photos.leclercdrive.fr/image.ashx?id=2863069&use=l&cat=p&typeid=i","cat":289560},{"id":69739,"n":"Mini feuilletés Côté Table Apéritifs - x30 - 360g","p":3.72,"u":"10,33 €/KG","img":"https://fd3-photos.leclercdrive.fr/image.ashx?id=2212509&use=l&cat=p&typeid=i","cat":319774},{"id":69740,"n":"Mini-feuilletés Côté Table Apéritifs - x80 - 740g","p":7.48,"u":"10,11 €/KG","img":"https://fd3-photos.leclercdrive.fr/image.ashx?id=2238045&use=l&cat=p&typeid=i","cat":319774},{"id":69741,"n":"Mini-feuilletés Côté Table Apéritifs - x40 - 350g","p":3.37,"u":"9,63 €/KG","img":"https://fd3-photos.leclercdrive.fr/image.ashx?id=2632873&use=l&cat=p&typeid=i","cat":319774},{"id":69805,"n":"Pavés de boeuf Tendre & Plus Aux 3 poivres marinés - 260g","p":5.12,"u":"19,69 €/KG","img":"https://fd3-photos.leclercdrive.fr/image.ashx?id=2235380&use=l&cat=p&typeid=i","cat":284328},{"id":69910,"n":"Origan Rustica 11g","p":0.45,"u":"40,91 €/KG","img":"https://fd3-photos.leclercdrive.fr/image.ashx?id=1232057&use=l&cat=p&typeid=i","cat":298297},{"id":70087,"n":"Café moulu Illy Intenso - 250g","p":7.46,"u":"29,84 €/KG","img":"https://fd3-photos.leclercdrive.fr/image.ashx?id=2498913&use=l&cat=p&typeid=i","cat":284750},{"id":70114,"n":"Biscuits p'tit dèj BN Extra céréales complètes - 200g","p":1.86,"u":"9,30 €/KG","img":"https://fd3-photos.leclercdrive.fr/image.ashx?id=2603471&use=l&cat=p&typeid=i","cat":284491},{"id":70117,"n":"Biscuits Mc Vitie's Original - 400g","p":1.69,"u":"4,23 €/KG","img":"https://fd3-photos.leclercdrive.fr/image.ashx?id=2310182&use=l&cat=p&typeid=i","cat":284487},{"id":70118,"n":"Biscuits Mc Vitie's Chocolat au lait - 300g","p":1.99,"u":"6,63 €/KG","img":"https://fd3-photos.leclercdrive.fr/image.ashx?id=2589491&use=l&cat=p&typeid=i","cat":284488},{"id":70140,"n":"Yaourt Nature Panier de Yoplait Lit de Fruits Panaché - 6x140g","p":2.97,"u":"3,54 €/KG","img":"https://fd3-photos.leclercdrive.fr/image.ashx?id=2884429&use=l&cat=p&typeid=i","cat":284410},{"id":70334,"n":"Kasteel rouge  8° 75cl","p":5.28,"u":"7,04 €/L","img":"https://fd3-photos.leclercdrive.fr/image.ashx?id=2981325&use=l&cat=p&typeid=i","cat":334872},{"id":70344,"n":"Triple Secret des Moines 8%  - 75cl","p":3.87,"u":"5,16 €/L","img":"https://fd3-photos.leclercdrive.fr/image.ashx?id=2947991&use=l&cat=p&typeid=i","cat":334872},{"id":70389,"n":"Café dosettes Tassimo L'Or Cappuccino x8","p":5.37,"u":"20,11 €/KG","img":"https://fd3-photos.leclercdrive.fr/image.ashx?id=2100305&use=l&cat=p&typeid=i","cat":293240},{"id":70558,"n":"Basilic bio Bio Village 11g","p":0.69,"u":"62,73 €/KG","img":"https://fd3-photos.leclercdrive.fr/image.ashx?id=2991458&use=l&cat=p&typeid=i","cat":298297},{"id":70579,"n":"Fromage Caprice des Dieux  200g","p":2.89,"u":"14,45 €/KG","img":"https://fd3-photos.leclercdrive.fr/image.ashx?id=2762438&use=l&cat=p&typeid=i","cat":314033},{"id":70588,"n":"Boudin blanc à l'ancienne L'Atelier Charcuterie x3 - 390g","p":5.53,"u":"14,18 €/KG","img":"https://fd3-photos.leclercdrive.fr/image.ashx?id=2821786&use=l&cat=p&typeid=i","cat":316012},{"id":70640,"n":"Mayonnaise Rustica Ma recette - 235g","p":1.38,"u":"5,87 €/KG","img":"https://fd3-photos.leclercdrive.fr/image.ashx?id=2045127&use=l&cat=p&typeid=i","cat":298295},{"id":70914,"n":"Poivre noir grains Rustica 90g","p":2.32,"u":"25,78 €/KG","img":"https://fd3-photos.leclercdrive.fr/image.ashx?id=2870047&use=l&cat=p&typeid=i","cat":284457},{"id":70973,"n":"Bresaola Negroni 90g","p":5.54,"u":"61,56 €/KG","img":"https://fd3-photos.leclercdrive.fr/image.ashx?id=1935414&use=l&cat=p&typeid=i","cat":316007},{"id":70980,"n":"Crousty chicken Le Gaulois L'original - 400g","p":5.8,"u":"14,50 €/KG","img":"https://fd3-photos.leclercdrive.fr/image.ashx?id=2967765&use=l&cat=p&typeid=i","cat":333684},{"id":71036,"n":"Collant Caprice Le Bourget Dessous chics - 20D Noir - T1","p":9.45,"img":"https://fd3-photos.leclercdrive.fr/image.ashx?id=2561664&use=l&cat=p&typeid=i","cat":334130},{"id":71039,"n":"Collant Caprice Le Bourget Dessous chics - 20D Noir - T4","p":9.45,"img":"https://fd3-photos.leclercdrive.fr/image.ashx?id=2561673&use=l&cat=p&typeid=i","cat":334130},{"id":71060,"n":"Basilic Rustica 11g","p":0.39,"u":"35,45 €/KG","img":"https://fd3-photos.leclercdrive.fr/image.ashx?id=2772957&use=l&cat=p&typeid=i","cat":298297},{"id":71066,"n":"Moutarde à l'ancienne Origine du Goût-Au vinaigre cidre -100g","p":1.1,"u":"11,00 €/KG","img":"https://fd3-photos.leclercdrive.fr/image.ashx?id=2794850&use=l&cat=p&typeid=i","cat":288850},{"id":71067,"n":"Moutarde L'Origine du Goût Poivre vert de Madagascar -100g","p":1.3,"u":"13,00 €/KG","img":"https://fd3-photos.leclercdrive.fr/image.ashx?id=2711631&use=l&cat=p&typeid=i","cat":288850},{"id":71069,"n":"Moutarde à l'ancienne Origine du Goût -Piment espelette -100g","p":1.27,"u":"12,70 €/KG","img":"https://fd3-photos.leclercdrive.fr/image.ashx?id=2794853&use=l&cat=p&typeid=i","cat":288850},{"id":71070,"n":"Moutarde au vinaigre balsamique L'Origine du Goût -100g","p":1.33,"u":"13,30 €/KG","img":"https://fd3-photos.leclercdrive.fr/image.ashx?id=2711637&use=l&cat=p&typeid=i","cat":288850},{"id":71071,"n":"Vinaigre L'Origine du Goût Pulpe de mangue - 20cl","p":3.83,"u":"19,15 €/L","img":"https://fd3-photos.leclercdrive.fr/image.ashx?id=2709027&use=l&cat=p&typeid=i","cat":298543},{"id":71072,"n":"Vinaigre Pulpe de framboise L'Origine du goût - 20cl","p":3.88,"u":"19,40 €/L","img":"https://fd3-photos.leclercdrive.fr/image.ashx?id=2709030&use=l&cat=p&typeid=i","cat":298543},{"id":71075,"n":"Vinaigrette biphase Rustica Tomate/ Balsamique - 50cl","p":2.72,"u":"5,44 €/L","img":"https://fd3-photos.leclercdrive.fr/image.ashx?id=1972937&use=l&cat=p&typeid=i","cat":284456},{"id":71076,"n":"Vinaigrette Rustica Moutarde ancienne - 1L","p":1.78,"u":"1,78 €/L","img":"https://fd3-photos.leclercdrive.fr/image.ashx?id=1957767&use=l&cat=p&typeid=i","cat":284456},{"id":71077,"n":"Vinaigrette biphase Rustica Ciboulette/Echalote - 50cl","p":2.79,"u":"5,58 €/L","img":"https://fd3-photos.leclercdrive.fr/image.ashx?id=1943241&use=l&cat=p&typeid=i","cat":284456},{"id":71090,"n":"Boisson énergisante Red bull 6x250ml","p":6.64,"u":"4,43 €/L","img":"https://fd3-photos.leclercdrive.fr/image.ashx?id=3011989&use=l&cat=p&typeid=i","cat":284533},{"id":71102,"n":"Bière Desperados 65cl","p":2.55,"u":"3,92 €/L","img":"https://fd3-photos.leclercdrive.fr/image.ashx?id=2977960&use=l&cat=p&typeid=i","cat":334878},{"id":71106,"n":"Ail semoule Rustica 110g","p":1.39,"u":"12,64 €/KG","img":"https://fd3-photos.leclercdrive.fr/image.ashx?id=2870038&use=l&cat=p&typeid=i","cat":298297},{"id":71107,"n":"Bouquet garni entier Rustica 17g","p":1.68,"u":"98,82 €/KG","img":"https://fd3-photos.leclercdrive.fr/image.ashx?id=1710608&use=l&cat=p&typeid=i","cat":298297},{"id":71154,"n":"Arôme vanille Tablier Blanc 200ml","p":2.31,"u":"11,55 €/L","img":"https://fd3-photos.leclercdrive.fr/image.ashx?id=2487476&use=l&cat=p&typeid=i","cat":284504},{"id":71155,"n":"Ail semoule Rustica Flacon - 60g","p":0.99,"u":"16,50 €/KG","img":"https://fd3-photos.leclercdrive.fr/image.ashx?id=2797790&use=l&cat=p&typeid=i","cat":298297},{"id":71156,"n":"Moulin 5 baies Rustica Flacon - 24g","p":1.19,"u":"49,58 €/KG","img":"https://fd3-photos.leclercdrive.fr/image.ashx?id=2907231&use=l&cat=p&typeid=i","cat":284457},{"id":71157,"n":"Herbe de provence haché Rustica 40g","p":0.88,"u":"22,00 €/KG","img":"https://fd3-photos.leclercdrive.fr/image.ashx?id=2935226&use=l&cat=p&typeid=i","cat":298297},{"id":71158,"n":"Poivre gris moulu Rustica Boite - 90g","p":2.29,"u":"25,44 €/KG","img":"https://fd3-photos.leclercdrive.fr/image.ashx?id=1239440&use=l&cat=p&typeid=i","cat":284457},{"id":71162,"n":"Assortiment crackers Tokapi 85g","p":0.69,"u":"8,12 €/KG","img":"https://fd3-photos.leclercdrive.fr/image.ashx?id=2705037&use=l&cat=p&typeid=i","cat":297000},{"id":71164,"n":"Gel lavant Bionaïa Abricot bio - 300ml","p":1.79,"u":"5,97 €/L","img":"https://fd3-photos.leclercdrive.fr/image.ashx?id=2935525&use=l&cat=p&typeid=i","cat":284597},{"id":71192,"n":"Bisque de homard Liebig 2x300g","p":4.94,"u":"8,23 €/KG","img":"https://fd3-photos.leclercdrive.fr/image.ashx?id=2185846&use=l&cat=p&typeid=i","cat":305147},{"id":71209,"n":"Café moulu L'Origine du Goût Sumatra  - 250g","p":5.55,"u":"22,20 €/KG","img":"https://fd3-photos.leclercdrive.fr/image.ashx?id=2626142&use=l&cat=p&typeid=i","cat":284750},{"id":71212,"n":"Café grains L'Origine du goût Nicaragua Quirragua - 225g","p":5.5,"u":"24,44 €/KG","img":"https://fd3-photos.leclercdrive.fr/image.ashx?id=2847976&use=l&cat=p&typeid=i","cat":293237},{"id":71232,"n":"Scotch Whisky William Peel Edition limitée 40%vol - 1L","p":16.55,"pp":15.55,"u":"15,55 €/L","img":"https://fd3-photos.leclercdrive.fr/image.ashx?id=2867014&use=l&cat=p&typeid=i","cat":284547},{"id":71327,"n":"Whisky Aberlour Triple Cask Single Malt Scotch 40% vol 70cl","p":37.7,"u":"53,86 €/L","img":"https://fd3-photos.leclercdrive.fr/image.ashx?id=2860514&use=l&cat=p&typeid=i","cat":284547},{"id":71351,"n":"Cocktail Pêche Océan Fruits de mer - 500g","p":4.94,"u":"9,88 €/KG","img":"https://fd3-photos.leclercdrive.fr/image.ashx?id=2686347&use=l&cat=p&typeid=i","cat":319787},{"id":71412,"n":"Déodorant Manava Cologne - 100ml","p":1.39,"u":"13,90 €/L","img":"https://fd3-photos.leclercdrive.fr/image.ashx?id=2666572&use=l&cat=p&typeid=i","cat":284595},{"id":71413,"n":"Déodorant Manava Freesia Orchidée - 100ml","p":1.36,"u":"13,60 €/L","img":"https://fd3-photos.leclercdrive.fr/image.ashx?id=2656451&use=l&cat=p&typeid=i","cat":284595},{"id":71417,"n":"Petits pois très fins Eco  560g","p":1.15,"u":"2,05 €/KG","img":"https://fd3-photos.leclercdrive.fr/image.ashx?id=3003711&use=l&cat=p&typeid=i","cat":312607},{"id":71419,"n":"Petits pois carottes Eco  530g","p":1.12,"u":"2,11 €/KG","img":"https://fd3-photos.leclercdrive.fr/image.ashx?id=3003714&use=l&cat=p&typeid=i","cat":312607},{"id":71422,"n":"Macedoine de legumes Eco  530g","p":1.11,"u":"2,09 €/KG","img":"https://fd3-photos.leclercdrive.fr/image.ashx?id=2729245&use=l&cat=p&typeid=i","cat":312612},{"id":71423,"n":"Flageolets verts fins Eco  530g","p":1.19,"u":"2,25 €/KG","img":"https://fd3-photos.leclercdrive.fr/image.ashx?id=2720012&use=l&cat=p&typeid=i","cat":312606},{"id":71426,"n":"Lentilles Eco+ 530g","p":1.03,"u":"1,94 €/KG","img":"https://fd3-photos.leclercdrive.fr/image.ashx?id=2699087&use=l&cat=p&typeid=i","cat":312609},{"id":71429,"n":"Haricots verts extra fins Eco  440g","p":1.04,"u":"2,36 €/KG","img":"https://fd3-photos.leclercdrive.fr/image.ashx?id=3003726&use=l&cat=p&typeid=i","cat":312606},{"id":71431,"n":"Tomates entières pelées Eco+ - 480g","p":1.1,"u":"2,29 €/KG","img":"https://fd3-photos.leclercdrive.fr/image.ashx?id=3003729&use=l&cat=p&typeid=i","cat":312608},{"id":71439,"n":"Filets de colin d'Alaska Eco+ 10x100g","p":5.3,"u":"5,30 €/KG","img":"https://fd3-photos.leclercdrive.fr/image.ashx?id=1668300&use=l&cat=p&typeid=i","cat":319786},{"id":71442,"n":"Cassoulet Eco+ 840g","p":1.97,"u":"2,35 €/KG","img":"https://fd3-photos.leclercdrive.fr/image.ashx?id=2518529&use=l&cat=p&typeid=i","cat":284440},{"id":71444,"n":"Galettes au beurre Eco+ x16 - 125g","p":0.64,"u":"5,12 €/KG","img":"https://fd3-photos.leclercdrive.fr/image.ashx?id=2746781&use=l&cat=p&typeid=i","cat":284487},{"id":71448,"n":"Raviolis à la sauce tomate Eco+ 800g","p":1.69,"u":"2,11 €/KG","img":"https://fd3-photos.leclercdrive.fr/image.ashx?id=2688288&use=l&cat=p&typeid=i","cat":284442},{"id":71450,"n":"Poivre noir moulu bio Ducros Flacon - 43g","p":2.86,"u":"66,51 €/KG","img":"https://fd3-photos.leclercdrive.fr/image.ashx?id=2484065&use=l&cat=p&typeid=i","cat":284457},{"id":71451,"n":"Serviettes maxi nuit Eco+ x10","p":0.64,"u":"0,06 €/P","img":"https://fd3-photos.leclercdrive.fr/image.ashx?id=2177511&use=l&cat=p&typeid=i","cat":284624},{"id":71454,"n":"Persil bio Ducros Flacon - 7g","p":1.7,"u":"242,86 €/KG","img":"https://fd3-photos.leclercdrive.fr/image.ashx?id=2484062&use=l&cat=p&typeid=i","cat":298297},{"id":71457,"n":"Amande poudre bio Vahiné 100g","p":3.77,"u":"37,70 €/KG","img":"https://fd3-photos.leclercdrive.fr/image.ashx?id=2504221&use=l&cat=p&typeid=i","cat":284504},{"id":71461,"n":"Sucre vanillé bio Vahiné 5 sachets - 35G","p":2.87,"u":"82,00 €/KG","img":"https://fd3-photos.leclercdrive.fr/image.ashx?id=2559835&use=l&cat=p&typeid=i","cat":284504},{"id":71463,"n":"Raisins secs bio Vahiné 200g","p":3.22,"u":"16,10 €/KG","img":"https://fd3-photos.leclercdrive.fr/image.ashx?id=2559844&use=l&cat=p&typeid=i","cat":284357},{"id":71469,"n":"DOC Prosecco extra-dry blanc 7% vol - 75cl","p":4.99,"u":"6,65 €/L","img":"https://fd3-photos.leclercdrive.fr/image.ashx?id=2977171&use=l&cat=p&typeid=i","cat":289461},{"id":71473,"n":"Vin d'Espagne blanc Chardonnay Adrien Champaud - BIB 5L","p":11.99,"u":"2,40 €/L","img":"https://fd3-photos.leclercdrive.fr/image.ashx?id=2959617&use=l&cat=p&typeid=i","cat":289557},{"id":71475,"n":"Vin d'Espagne Grenache rosé Adrien Champaud - BIB 5L","p":9.99,"u":"2,00 €/L","img":"https://fd3-photos.leclercdrive.fr/image.ashx?id=2959620&use=l&cat=p&typeid=i","cat":289560},{"id":71479,"n":"Cookies P'tit Déli Paillettes muticolores - 150g","p":1.45,"u":"9,67 €/KG","img":"https://fd3-photos.leclercdrive.fr/image.ashx?id=2939064&use=l&cat=p&typeid=i","cat":325066},{"id":71488,"n":"Mini chinois Epi d'Or Pepites de chocolat x6 - 300g","p":1.85,"u":"6,17 €/KG","img":"https://fd3-photos.leclercdrive.fr/image.ashx?id=2867916&use=l&cat=p&typeid=i","cat":296366},{"id":71489,"n":"Croissants Epi d'Or x8 - 320g","p":1.64,"u":"5,13 €/KG","img":"https://fd3-photos.leclercdrive.fr/image.ashx?id=2860766&use=l&cat=p&typeid=i","cat":296366},{"id":71490,"n":"Vin d'Espagne blanc Sauvignon Adrien Champaud - BIB 5L","p":9.99,"u":"2,00 €/L","img":"https://fd3-photos.leclercdrive.fr/image.ashx?id=2960511&use=l&cat=p&typeid=i","cat":289560},{"id":71495,"n":"IGP Pays d'Oc Sauvignon Blanc Vieux Carion 11.5% vol BIB 3L","p":7.99,"u":"2,66 €/L","img":"https://fd3-photos.leclercdrive.fr/image.ashx?id=2900346&use=l&cat=p&typeid=i","cat":289557},{"id":71498,"n":"Lait concentré Délisse Non sucré x10  - 75g","p":0.44,"u":"5,87 €/KG","img":"https://fd3-photos.leclercdrive.fr/image.ashx?id=2671822&use=l&cat=p&typeid=i","cat":299162},{"id":71499,"n":"Gaufrette roulée P'tit Déli Chocolat noir - 125g","p":1.29,"u":"10,32 €/KG","img":"https://fd3-photos.leclercdrive.fr/image.ashx?id=2858848&use=l&cat=p&typeid=i","cat":284490},{"id":71519,"n":"Yaourt Bio Bio Village Aromatisé Citron - 4x125g","p":1.39,"u":"2,78 €/KG","img":"https://fd3-photos.leclercdrive.fr/image.ashx?id=2289666&use=l&cat=p&typeid=i","cat":286006},{"id":71524,"n":"Goûter rectangle P'tit Déli Fourré chocolat - 125g","p":1.19,"u":"9,52 €/KG","img":"https://fd3-photos.leclercdrive.fr/image.ashx?id=2619725&use=l&cat=p&typeid=i","cat":284488},{"id":71528,"n":"Fromage frais nature Bio Bio village - 8x100g","p":3.16,"u":"3,95 €/KG","img":"https://fd3-photos.leclercdrive.fr/image.ashx?id=2839950&use=l&cat=p&typeid=i","cat":284409},{"id":71531,"n":"Crème fraiche bio Bio village Epaisse - 30% MG  - 50cl","p":2.66,"u":"5,32 €/L","img":"https://fd3-photos.leclercdrive.fr/image.ashx?id=1975050&use=l&cat=p&typeid=i","cat":284381},{"id":71535,"n":"Pommes de terre NRT à l'échirlète - 600g","p":3.55,"u":"5,92 €/KG","img":"https://fd3-photos.leclercdrive.fr/image.ashx?id=2699855&use=l&cat=p&typeid=i","cat":319792},{"id":71546,"n":"Gaufrettes P'tit Déli Vanille - 110g","p":1.01,"u":"9,18 €/KG","img":"https://fd3-photos.leclercdrive.fr/image.ashx?id=2436023&use=l&cat=p&typeid=i","cat":284487},{"id":71553,"n":"Déodorant Manava Freesia Orchidée - 200ml","p":1.34,"u":"6,70 €/L","img":"https://fd3-photos.leclercdrive.fr/image.ashx?id=2656454&use=l&cat=p&typeid=i","cat":284595},{"id":71555,"n":"Miel  Nid D'Abeille Montagne d'Espagne - 500g","p":5.1,"u":"10,20 €/KG","img":"https://fd3-photos.leclercdrive.fr/image.ashx?id=1952922&use=l&cat=p&typeid=i","cat":287643},{"id":71557,"n":"Mini sables P'tit Déli Chocolat au lait - 160g","p":1.89,"u":"11,81 €/KG","img":"https://fd3-photos.leclercdrive.fr/image.ashx?id=2323295&use=l&cat=p&typeid=i","cat":284488},{"id":71563,"n":"Mayonnaise Rustica A la moutarde de Dijon - 720g","p":2.45,"u":"3,40 €/KG","img":"https://fd3-photos.leclercdrive.fr/image.ashx?id=2954379&use=l&cat=p&typeid=i","cat":298295},{"id":71565,"n":"Pêches Douceur du Verger Sirop léger - 465g","p":1.62,"u":"3,48 €/KG","img":"https://fd3-photos.leclercdrive.fr/image.ashx?id=2666471&use=l&cat=p&typeid=i","cat":284507},{"id":71566,"n":"Sauce Soja Tables Du Monde 125ml","p":0.83,"u":"6,64 €/L","img":"https://fd3-photos.leclercdrive.fr/image.ashx?id=2679765&use=l&cat=p&typeid=i","cat":288992},{"id":71568,"n":"Sauce soja sucrée Table du monde - 125ml","p":0.83,"u":"6,64 €/L","img":"https://fd3-photos.leclercdrive.fr/image.ashx?id=2679762&use=l&cat=p&typeid=i","cat":288992},{"id":71574,"n":"Gaufrettes P'tit Déli Chocolat noisette - 160g","p":1.54,"u":"9,63 €/KG","img":"https://fd3-photos.leclercdrive.fr/image.ashx?id=2915302&use=l&cat=p&typeid=i","cat":284488},{"id":71578,"n":"Crème lavante Manava Surgras - 300ml","p":1.12,"u":"3,73 €/L","img":"https://fd3-photos.leclercdrive.fr/image.ashx?id=2935513&use=l&cat=p&typeid=i","cat":284597},{"id":71579,"n":"Recharge crème lavante Manava Surgras - 250ml","p":0.66,"u":"2,64 €/L","img":"https://fd3-photos.leclercdrive.fr/image.ashx?id=2935516&use=l&cat=p&typeid=i","cat":284597},{"id":71580,"n":"Tampons digitaux Doulys Super+ x24","p":2.09,"u":"0,09 €/P","img":"https://fd3-photos.leclercdrive.fr/image.ashx?id=2965521&use=l&cat=p&typeid=i","cat":284626},{"id":71599,"n":"Bicarbonate de soude Clair 500g","p":1.5,"u":"3,00 €/KG","img":"https://fd3-photos.leclercdrive.fr/image.ashx?id=2822129&use=l&cat=p&typeid=i","cat":325365},{"id":71600,"n":"Champignons Notre Jardin Emincés, épais - 230g","p":1.43,"u":"6,22 €/KG","img":"https://fd3-photos.leclercdrive.fr/image.ashx?id=2553917&use=l&cat=p&typeid=i","cat":312610},{"id":71602,"n":"Change bébé Mots d'Enfants Nouveau né - T1 - 2/5kg - x23","p":2.36,"u":"0,10 €/P","img":"https://fd3-photos.leclercdrive.fr/image.ashx?id=2907225&use=l&cat=p&typeid=i","cat":284737},{"id":71627,"n":"Boisson végétale Bio Village Soja chocolat bio - 1l","p":1.5,"u":"1,50 €/L","img":"https://fd3-photos.leclercdrive.fr/image.ashx?id=2352240&use=l&cat=p&typeid=i","cat":316067},{"id":71629,"n":"Boisson végétale Bio Village Lait amande intense bio - 1l","p":2.39,"u":"2,39 €/L","img":"https://fd3-photos.leclercdrive.fr/image.ashx?id=2386185&use=l&cat=p&typeid=i","cat":316067},{"id":71637,"n":"Bâtonnets enrobés bio Bio Village - Chocolat noir - 125g","p":1.99,"u":"15,92 €/KG","img":"https://fd3-photos.leclercdrive.fr/image.ashx?id=1947402&use=l&cat=p&typeid=i","cat":284488},{"id":71647,"n":"Biscuit graine Bio Village Pépites de chocolat Bio - 140g","p":1.85,"u":"13,21 €/KG","img":"https://fd3-photos.leclercdrive.fr/image.ashx?id=1667266&use=l&cat=p&typeid=i","cat":325066},{"id":71679,"n":"Truffe noire du Périgord L'Origine du goût - 12,5g","p":16.6,"img":"https://fd3-photos.leclercdrive.fr/image.ashx?id=2823765&use=l&cat=p&typeid=i","cat":312610},{"id":71808,"n":"Cubes allume-feu Calumet Sans odeur  -  x80","p":2.79,"u":"0,03 €/P","img":"https://fd3-photos.leclercdrive.fr/image.ashx?id=2652664&use=l&cat=p&typeid=i","cat":300578},{"id":72001,"n":"Chayotte  1P","p":3.02,"img":"https://fd3-photos.leclercdrive.fr/image.ashx?id=1060769&use=l&cat=p&typeid=i","cat":284352},{"id":72164,"n":"Soda au cola Pepsi Zéro sucres Le lot de 4x1.5L","p":4.6,"u":"0,77 €/L","img":"https://fd3-photos.leclercdrive.fr/image.ashx?id=2692560&use=l&cat=p&typeid=i","cat":284530},{"id":72448,"n":"Gateaux Ourson Lu Fraise - 3x150g","p":4.26,"u":"9,47 €/KG","img":"https://fd3-photos.leclercdrive.fr/image.ashx?id=3004777&use=l&cat=p&typeid=i","cat":284495},{"id":72731,"n":"Chocolat Pâtissier Nestlé Dessert : Noir 70% - 170g","p":3.31,"u":"19,47 €/KG","img":"https://fd3-photos.leclercdrive.fr/image.ashx?id=2902358&use=l&cat=p&typeid=i","cat":285562},{"id":72745,"n":"Lait céréales bébé Blédiner 6m Épinards soir - 2x250ml","p":2.11,"u":"4,22 €/L","img":"https://fd3-photos.leclercdrive.fr/image.ashx?id=2730052&use=l&cat=p&typeid=i","cat":312239},{"id":72786,"n":"Bière blonde Pelforth Fût pression - 5L","p":15.94,"u":"3,19 €/L","img":"https://fd3-photos.leclercdrive.fr/image.ashx?id=2767249&use=l&cat=p&typeid=i","cat":334879},{"id":72815,"n":"Saumon fumé Labeyrie Norvège 12 tranches - 450g","p":13.97,"u":"31,04 €/KG","img":"https://fd3-photos.leclercdrive.fr/image.ashx?id=2916770&use=l&cat=p&typeid=i","cat":285188},{"id":72894,"n":"Huile d'olive Rustica Vierge extra fruité - 75cl","p":7.99,"u":"10,65 €/L","img":"https://fd3-photos.leclercdrive.fr/image.ashx?id=2898029&use=l&cat=p&typeid=i","cat":284453},{"id":72899,"n":"Crème de chataîgne Ethiquable de L'Aveyron bio - 320g","p":4.71,"u":"14,72 €/KG","img":"https://fd3-photos.leclercdrive.fr/image.ashx?id=2997106&use=l&cat=p&typeid=i","cat":284481},{"id":72911,"n":"Pur jus Ethiquable Tomates de Marmande bio - 75cl","p":2.09,"u":"2,79 €/L","img":"https://fd3-photos.leclercdrive.fr/image.ashx?id=2915575&use=l&cat=p&typeid=i","cat":284523},{"id":72934,"n":"Sauce nuoc mam Tables du monde 125ml","p":0.91,"u":"7,28 €/L","img":"https://fd3-photos.leclercdrive.fr/image.ashx?id=2679771&use=l&cat=p&typeid=i","cat":288992},{"id":73006,"n":"Sauce pour nems Tables du monde 125ml","p":0.99,"u":"7,92 €/L","img":"https://fd3-photos.leclercdrive.fr/image.ashx?id=2526306&use=l&cat=p&typeid=i","cat":288992},{"id":73064,"n":"Masque tissu hydratant Garnier Repulpant Grenade Hydrabomb","p":2.08,"img":"https://fd3-photos.leclercdrive.fr/image.ashx?id=2401583&use=l&cat=p&typeid=i","cat":325346},{"id":73084,"n":"Crème Hydratante Visage Mixa Peaux Sensibles - 100ml","p":2.78,"u":"27,80 €/L","img":"https://fd3-photos.leclercdrive.fr/image.ashx?id=2300749&use=l&cat=p&typeid=i","cat":325345},{"id":73097,"n":"Anneaux de calamars panés Costa - 400g","p":5.27,"u":"13,18 €/KG","img":"https://fd3-photos.leclercdrive.fr/image.ashx?id=2092292&use=l&cat=p&typeid=i","cat":319788},{"id":73099,"n":"3 assiettes de 12 escargots HL Recette à la Bourguignonne","p":18.95,"u":"70,97 €/KG","img":"https://fd3-photos.leclercdrive.fr/image.ashx?id=1745327&use=l&cat=p&typeid=i","cat":319775},{"id":73346,"n":"Apéritif de nos régions 26 pièces - 320g","p":5.27,"u":"16,47 €/KG","img":"https://fd3-photos.leclercdrive.fr/image.ashx?id=1988262&use=l&cat=p&typeid=i","cat":319774},{"id":73347,"n":"Apéritif de nos régions Fromager, 20 pièces, 250g","p":5.75,"u":"23,00 €/KG","img":"https://fd3-photos.leclercdrive.fr/image.ashx?id=1566898&use=l&cat=p&typeid=i","cat":319774},{"id":73348,"n":"Apéritif de nos régions A l'italienne, 22 pièces - 220g","p":5.75,"u":"26,14 €/KG","img":"https://fd3-photos.leclercdrive.fr/image.ashx?id=1567240&use=l&cat=p&typeid=i","cat":319774},{"id":73349,"n":"Apéritif de nos régions Provençale, 26 pièces - 320g","p":5.75,"u":"17,97 €/KG","img":"https://fd3-photos.leclercdrive.fr/image.ashx?id=1565353&use=l&cat=p&typeid=i","cat":319774},{"id":73450,"n":"Pistaches Pistachios Wonderful Grillées salées - 250g","p":5.95,"u":"23,80 €/KG","img":"https://fd3-photos.leclercdrive.fr/image.ashx?id=2659837&use=l&cat=p&typeid=i","cat":284448},{"id":73638,"n":"Haché à cuisiner Bio 15% MG - 400g","p":5.88,"u":"14,70 €/KG","img":"https://fd3-photos.leclercdrive.fr/image.ashx?id=2960969&use=l&cat=p&typeid=i","cat":319779},{"id":73697,"n":"Compote Allégée en sucres Eco+ Bocal pomme - 720g","p":0.85,"u":"1,18 €/KG","img":"https://fd3-photos.leclercdrive.fr/image.ashx?id=2953185&use=l&cat=p&typeid=i","cat":284508},{"id":73715,"n":"Vin blanc AOC Bourgogne Aligoté Couvent des Visitandines - 75cl","p":7.99,"u":"10,65 €/L","img":"https://fd3-photos.leclercdrive.fr/image.ashx?id=2955294&use=l&cat=p&typeid=i","cat":289557},{"id":73717,"n":"Pommes de terre Eco+ 530g","p":1.15,"u":"2,17 €/KG","img":"https://fd3-photos.leclercdrive.fr/image.ashx?id=2473186&use=l&cat=p&typeid=i","cat":312612},{"id":73727,"n":"Bouchées pour chats  Eco+ Boeuf poulet légumes - 410g","p":0.79,"u":"1,93 €/KG","img":"https://fd3-photos.leclercdrive.fr/image.ashx?id=1292464&use=l&cat=p&typeid=i","cat":285601},{"id":73729,"n":"Tartelettes à la fraise Eco+ x12 - 200g","p":0.8,"u":"4,00 €/KG","img":"https://fd3-photos.leclercdrive.fr/image.ashx?id=2869757&use=l&cat=p&typeid=i","cat":284489},{"id":73732,"n":"Gel WC javel Eco+ 750ml","p":0.57,"u":"0,76 €/L","img":"https://fd3-photos.leclercdrive.fr/image.ashx?id=2768074&use=l&cat=p&typeid=i","cat":284662},{"id":73781,"n":"Maïs doux Eco+ 285g","p":0.78,"u":"2,74 €/KG","img":"https://fd3-photos.leclercdrive.fr/image.ashx?id=3003738&use=l&cat=p&typeid=i","cat":312611},{"id":73783,"n":"Cocktail 4 fruits Eco+ Sirop léger - 500 g","p":1.66,"u":"3,32 €/KG","img":"https://fd3-photos.leclercdrive.fr/image.ashx?id=2783011&use=l&cat=p&typeid=i","cat":284507},{"id":73785,"n":"Gateaux fourrage chocolat Eco+ x14 - 420g","p":1.98,"u":"4,71 €/KG","img":"https://fd3-photos.leclercdrive.fr/image.ashx?id=2970438&use=l&cat=p&typeid=i","cat":284369},{"id":73790,"n":"Café soluble Eco+ 200g","p":3.47,"u":"17,35 €/KG","img":"https://fd3-photos.leclercdrive.fr/image.ashx?id=1654429&use=l&cat=p&typeid=i","cat":284843},{"id":73791,"n":"Chips nature Eco+ 200g","p":1.0,"u":"5,00 €/KG","img":"https://fd3-photos.leclercdrive.fr/image.ashx?id=2943596&use=l&cat=p&typeid=i","cat":284447},{"id":73793,"n":"Goûters ronds Eco+ Fourrés chocolat - 500g","p":1.35,"u":"2,70 €/KG","img":"https://fd3-photos.leclercdrive.fr/image.ashx?id=2222751&use=l&cat=p&typeid=i","cat":284488},{"id":73797,"n":"Pâtes Eco+ Macaroni - 1kg","p":0.99,"u":"0,99 €/KG","img":"https://fd3-photos.leclercdrive.fr/image.ashx?id=2887395&use=l&cat=p&typeid=i","cat":284427},{"id":73798,"n":"Pâtes Eco+ Coquillettes - 1kg","p":1.01,"u":"1,01 €/KG","img":"https://fd3-photos.leclercdrive.fr/image.ashx?id=2885723&use=l&cat=p&typeid=i","cat":284427},{"id":73799,"n":"Pâtes Eco+ Torsades - 1kg","p":1.0,"u":"1,00 €/KG","img":"https://fd3-photos.leclercdrive.fr/image.ashx?id=2885726&use=l&cat=p&typeid=i","cat":284427},{"id":73800,"n":"Dosettes café Eco+ 100% arabica - x48 - 336g","p":4.32,"u":"12,86 €/KG","img":"https://fd3-photos.leclercdrive.fr/image.ashx?id=2711586&use=l&cat=p&typeid=i","cat":293238},{"id":73801,"n":"Dosettes café Eco+ 100% Robusta - x48 - 336g","p":4.09,"u":"12,17 €/KG","img":"https://fd3-photos.leclercdrive.fr/image.ashx?id=2800222&use=l&cat=p&typeid=i","cat":293238},{"id":73802,"n":"Riz soufflé Eco+ Au chocolat au lait - 750g","p":2.71,"u":"3,61 €/KG","img":"https://fd3-photos.leclercdrive.fr/image.ashx?id=2693096&use=l&cat=p&typeid=i","cat":309513},{"id":73803,"n":"Shampooing aux oeufs Eco+ 750ml","p":0.52,"u":"0,69 €/L","img":"https://fd3-photos.leclercdrive.fr/image.ashx?id=2779178&use=l&cat=p&typeid=i","cat":284606},{"id":73805,"n":"Biscuit fourré cacao Eco+ x12 - 225g","p":0.98,"u":"4,36 €/KG","img":"https://fd3-photos.leclercdrive.fr/image.ashx?id=2834223&use=l&cat=p&typeid=i","cat":284488},{"id":73807,"n":"Carré coton bébé Eco+ x60","p":0.99,"u":"0,02 €/P","img":"https://fd3-photos.leclercdrive.fr/image.ashx?id=2987634&use=l&cat=p&typeid=i","cat":284739},{"id":73818,"n":"Mister Cocktail sans alcool Planteur créole - 75cl","p":3.38,"u":"4,51 €/L","img":"https://fd3-photos.leclercdrive.fr/image.ashx?id=2962230&use=l&cat=p&typeid=i","cat":284549},{"id":73820,"n":"Mister Cocktail sans alcool Sangria - 75cl","p":3.15,"u":"4,20 €/L","img":"https://fd3-photos.leclercdrive.fr/image.ashx?id=2962227&use=l&cat=p&typeid=i","cat":284551},{"id":73828,"n":"Mini coquilles St Jacques Escal 150g","p":6.99,"u":"46,60 €/KG","img":"https://fd3-photos.leclercdrive.fr/image.ashx?id=1598832&use=l&cat=p&typeid=i","cat":319775},{"id":74042,"n":"Pâté en croûte Saint-Azay NAture - 256g","p":3.98,"u":"15,55 €/KG","img":"https://fd3-photos.leclercdrive.fr/image.ashx?id=2376046&use=l&cat=p&typeid=i","cat":316003},{"id":74047,"n":"Parmentier de porc Eco+ 1kg","p":2.6,"u":"2,60 €/KG","img":"https://fd3-photos.leclercdrive.fr/image.ashx?id=2774885&use=l&cat=p&typeid=i","cat":284254},{"id":74048,"n":"Lasagnes à la bolognaise Eco + 1kg","p":2.54,"u":"2,54 €/KG","img":"https://fd3-photos.leclercdrive.fr/image.ashx?id=2779166&use=l&cat=p&typeid=i","cat":284254},{"id":74090,"n":"Nectar Multifruits Eco+ Brique - 2L","p":1.38,"u":"0,69 €/L","img":"https://fd3-photos.leclercdrive.fr/image.ashx?id=2751853&use=l&cat=p&typeid=i","cat":284917},{"id":74101,"n":"Saucisson sec Eco+ 200g","p":1.73,"u":"8,65 €/KG","img":"https://fd3-photos.leclercdrive.fr/image.ashx?id=2244808&use=l&cat=p&typeid=i","cat":316006},{"id":74105,"n":"Pur jus d'orange Eco  1.5L","p":2.46,"u":"1,64 €/L","img":"https://fd3-photos.leclercdrive.fr/image.ashx?id=2720136&use=l&cat=p&typeid=i","cat":284521},{"id":74110,"n":"Chorizo doux Eco+ 250g","p":1.66,"u":"6,64 €/KG","img":"https://fd3-photos.leclercdrive.fr/image.ashx?id=2849566&use=l&cat=p&typeid=i","cat":316006},{"id":74112,"n":"Pommes frites Eco+ 1kg","p":1.71,"u":"1,71 €/KG","img":"https://fd3-photos.leclercdrive.fr/image.ashx?id=2958302&use=l&cat=p&typeid=i","cat":319791},{"id":74114,"n":"Eau de source Eco+ 12x50cl","p":1.61,"u":"0,27 €/L","img":"https://fd3-photos.leclercdrive.fr/image.ashx?id=2959581&use=l&cat=p&typeid=i","cat":284535},{"id":74115,"n":"Petit Brie Eco+ 32%mg - 500g","p":3.39,"u":"6,78 €/KG","img":"https://fd3-photos.leclercdrive.fr/image.ashx?id=2938403&use=l&cat=p&typeid=i","cat":314033},{"id":74116,"n":"Bière blonde de luxe 4% - 50cl","p":0.57,"u":"1,14 €/L","img":"https://fd3-photos.leclercdrive.fr/image.ashx?id=2955629&use=l&cat=p&typeid=i","cat":334853},{"id":74123,"n":"Citron jaune Rustica 200ml","p":0.79,"u":"3,95 €/L","img":"https://fd3-photos.leclercdrive.fr/image.ashx?id=2627652&use=l&cat=p&typeid=i","cat":288383},{"id":74124,"n":"Citron vert Rustica 200ml","p":0.89,"u":"4,45 €/L","img":"https://fd3-photos.leclercdrive.fr/image.ashx?id=2635768&use=l&cat=p&typeid=i","cat":288383},{"id":74284,"n":"Brocolis bio Bio Village 500g","p":2.49,"u":"4,98 €/KG","img":"https://fd3-photos.leclercdrive.fr/image.ashx?id=2960547&use=l&cat=p&typeid=i","cat":284352},{"id":74297,"n":"Tapenade verte Cruscana 150g","p":1.81,"u":"12,07 €/KG","img":"https://fd3-photos.leclercdrive.fr/image.ashx?id=2790627&use=l&cat=p&typeid=i","cat":315999},{"id":74298,"n":"Tapenade Tomate Aubergine Cruscana - 150g","p":2.65,"u":"17,67 €/KG","img":"https://fd3-photos.leclercdrive.fr/image.ashx?id=2790636&use=l&cat=p&typeid=i","cat":315999},{"id":74326,"n":"Crèpes fourrées P'tit Déli Chocolat noisettes - 256g","p":1.99,"u":"7,77 €/KG","img":"https://fd3-photos.leclercdrive.fr/image.ashx?id=2453195&use=l&cat=p&typeid=i","cat":284494},{"id":74340,"n":"Jambon le gourmet Madrange A l'os - x4 - 160g","p":2.36,"u":"14,75 €/KG","img":"https://fd3-photos.leclercdrive.fr/image.ashx?id=3008206&use=l&cat=p&typeid=i","cat":316009},{"id":74381,"n":"Mousse de canard Madrange Au porto - 180g","p":1.85,"u":"10,28 €/KG","img":"https://fd3-photos.leclercdrive.fr/image.ashx?id=2865704&use=l&cat=p&typeid=i","cat":316008},{"id":74492,"n":"12 mini flam\"s aux légumes Surgelé - 360g","p":4.03,"u":"11,19 €/KG","img":"https://fd3-photos.leclercdrive.fr/image.ashx?id=1621185&use=l&cat=p&typeid=i","cat":284257},{"id":74656,"n":"Croquettes chien Purina One Medium adulte poulet riz  2.5kg","p":7.27,"u":"2,91 €/KG","img":"https://fd3-photos.leclercdrive.fr/image.ashx?id=2878384&use=l&cat=p&typeid=i","cat":284672},{"id":74697,"n":"Fondue aux 3 fromages Président 16%mg - 600g","p":6.91,"u":"11,52 €/KG","img":"https://fd3-photos.leclercdrive.fr/image.ashx?id=2632996&use=l&cat=p&typeid=i","cat":314037},{"id":74860,"n":"Champignons Notre Jardin A la grecque - 400g","p":1.56,"u":"3,90 €/KG","img":"https://fd3-photos.leclercdrive.fr/image.ashx?id=2531101&use=l&cat=p&typeid=i","cat":312610},{"id":75002,"n":"Steack haché Purée à l'emmental La cuisine Oceane - 300g","p":2.67,"u":"8,90 €/KG","img":"https://fd3-photos.leclercdrive.fr/image.ashx?id=2962344&use=l&cat=p&typeid=i","cat":284953},{"id":75151,"n":"AOC Crémant de Bourgogne Rosé Couvent des Visitandines - 75cl","p":8.5,"u":"11,33 €/L","img":"https://fd3-photos.leclercdrive.fr/image.ashx?id=2549477&use=l&cat=p&typeid=i","cat":284544},{"id":75152,"n":"AOC Crémant de Bourgogne brut Couvent des Visitandines - 75cl","p":8.93,"u":"11,91 €/L","img":"https://fd3-photos.leclercdrive.fr/image.ashx?id=2553599&use=l&cat=p&typeid=i","cat":284544},{"id":75338,"n":"Sachets Infusion bio Clipper Mes belles gambettes - 40g","p":2.21,"u":"55,25 €/KG","img":"https://fd3-photos.leclercdrive.fr/image.ashx?id=2908300&use=l&cat=p&typeid=i","cat":293234},{"id":75368,"n":"Soupe Liquide bio mouliné Knorr Légumes variés - 30cl","p":1.83,"u":"6,10 €/L","img":"https://fd3-photos.leclercdrive.fr/image.ashx?id=2738290&use=l&cat=p&typeid=i","cat":284462},{"id":75421,"n":"Avoine cuisiné bio Bjorg 200ml","p":1.09,"u":"5,45 €/L","img":"https://fd3-photos.leclercdrive.fr/image.ashx?id=2757292&use=l&cat=p&typeid=i","cat":288383},{"id":75426,"n":"Tofu fumé bio Bjorg - 2x100g","p":2.77,"u":"13,85 €/KG","img":"https://fd3-photos.leclercdrive.fr/image.ashx?id=2928531&use=l&cat=p&typeid=i","cat":284953},{"id":75475,"n":"Biscuits Oréo Format familial 440g","p":3.86,"u":"8,77 €/KG","img":"https://fd3-photos.leclercdrive.fr/image.ashx?id=2903827&use=l&cat=p&typeid=i","cat":284488},{"id":75491,"n":"Tablette chocolat au lait Lindt Praliné noisettes - 225g","p":4.37,"u":"19,42 €/KG","img":"https://fd3-photos.leclercdrive.fr/image.ashx?id=2423756&use=l&cat=p&typeid=i","cat":284497},{"id":75557,"n":"Tablette de chocolat noir Lindt Praliné Noisettes - 225g","p":4.2,"u":"18,67 €/KG","img":"https://fd3-photos.leclercdrive.fr/image.ashx?id=2606912&use=l&cat=p&typeid=i","cat":284956},{"id":75573,"n":"Mousse aux cèpes Madrange 180g","p":1.65,"u":"9,17 €/KG","img":"https://fd3-photos.leclercdrive.fr/image.ashx?id=3008209&use=l&cat=p&typeid=i","cat":316008},{"id":75595,"n":"Courge butternut bio Bio Village - x1","p":2.59,"img":"https://fd3-photos.leclercdrive.fr/image.ashx?id=2645759&use=l&cat=p&typeid=i","cat":284352},{"id":75630,"n":"Liégéois Bio Bio Village Café - 4x100g","p":1.89,"u":"4,73 €/KG","img":"https://fd3-photos.leclercdrive.fr/image.ashx?id=2992642&use=l&cat=p&typeid=i","cat":285042},{"id":75986,"n":"Pizza Feu de bois Bio Village Bio Margharita - 350g","p":3.29,"u":"9,40 €/KG","img":"https://fd3-photos.leclercdrive.fr/image.ashx?id=2943668&use=l&cat=p&typeid=i","cat":284256},{"id":76008,"n":"Chocolat au lait Lindt Création La Crème brûlée - 150g","p":3.07,"u":"20,47 €/KG","img":"https://fd3-photos.leclercdrive.fr/image.ashx?id=2685802&use=l&cat=p&typeid=i","cat":284497},{"id":76011,"n":"Chocolat noir Lindt Création Le Rocher noir - 150g","p":3.07,"u":"20,47 €/KG","img":"https://fd3-photos.leclercdrive.fr/image.ashx?id=2685808&use=l&cat=p&typeid=i","cat":284956},{"id":76015,"n":"Biscuit Speculoos Lotus Biscoff Original - 250g (2x125g)","p":1.52,"u":"6,08 €/KG","img":"https://fd3-photos.leclercdrive.fr/image.ashx?id=2854735&use=l&cat=p&typeid=i","cat":284487},{"id":76024,"n":"Pain de mie seigle Epi d'Or 800g","p":2.6,"u":"3,25 €/KG","img":"https://fd3-photos.leclercdrive.fr/image.ashx?id=2209285&use=l&cat=p&typeid=i","cat":284477},{"id":76026,"n":"Biscuit tablette Eco+ Chocolat noir - 150g","p":1.07,"u":"7,13 €/KG","img":"https://fd3-photos.leclercdrive.fr/image.ashx?id=2698135&use=l&cat=p&typeid=i","cat":284488},{"id":76029,"n":"Gateaux fourrage Eco+ Fraise - x14 - 420g","p":2.57,"u":"6,12 €/KG","img":"https://fd3-photos.leclercdrive.fr/image.ashx?id=2970435&use=l&cat=p&typeid=i","cat":284495},{"id":76120,"n":"Secret de mousse la Laitière Chocolat noir - 4x59g","p":1.45,"u":"6,14 €/KG","img":"https://fd3-photos.leclercdrive.fr/image.ashx?id=2616835&use=l&cat=p&typeid=i","cat":284417},{"id":76132,"n":"Lasagnes à la bolognaise Marie 600g","p":4.28,"u":"7,13 €/KG","img":"https://fd3-photos.leclercdrive.fr/image.ashx?id=2993391&use=l&cat=p&typeid=i","cat":284254},{"id":76211,"n":"L'ours d'or Haribo Sachet bonbons - 300g","p":1.98,"u":"6,60 €/KG","img":"https://fd3-photos.leclercdrive.fr/image.ashx?id=2805201&use=l&cat=p&typeid=i","cat":304250},{"id":76212,"n":"Tutti Candi Haribo Sachet bonbons - 250g","p":1.59,"u":"6,36 €/KG","img":"https://fd3-photos.leclercdrive.fr/image.ashx?id=2984910&use=l&cat=p&typeid=i","cat":304250},{"id":76214,"n":"Chamallows Choco Haribo Sachet bonbons guimauve - 160g","p":2.07,"u":"12,94 €/KG","img":"https://fd3-photos.leclercdrive.fr/image.ashx?id=2984919&use=l&cat=p&typeid=i","cat":304250},{"id":76219,"n":"Cannelloni Côté Table 800g","p":2.99,"u":"3,74 €/KG","img":"https://fd3-photos.leclercdrive.fr/image.ashx?id=2977897&use=l&cat=p&typeid=i","cat":284442},{"id":76220,"n":"Raviolis Côté Table Aux 6 légumes - 800g","p":2.29,"u":"2,86 €/KG","img":"https://fd3-photos.leclercdrive.fr/image.ashx?id=2977903&use=l&cat=p&typeid=i","cat":284442},{"id":76224,"n":"Maoam Stripes Haribo Sachet bonbons - 250g","p":2.19,"u":"8,76 €/KG","img":"https://fd3-photos.leclercdrive.fr/image.ashx?id=2953561&use=l&cat=p&typeid=i","cat":304250},{"id":76226,"n":"Tartiflette Côté Table 800g","p":2.83,"u":"3,54 €/KG","img":"https://fd3-photos.leclercdrive.fr/image.ashx?id=2977879&use=l&cat=p&typeid=i","cat":284441},{"id":76250,"n":"Tablette chocolat au lait Milka Cacahuètes caramel - 276g","p":4.64,"u":"16,81 €/KG","img":"https://fd3-photos.leclercdrive.fr/image.ashx?id=2382288&use=l&cat=p&typeid=i","cat":284497},{"id":76272,"n":"Lasagnes bolognaises Côté Table Viande de boeuf français - 600g","p":2.99,"u":"4,98 €/KG","img":"https://fd3-photos.leclercdrive.fr/image.ashx?id=2597324&use=l&cat=p&typeid=i","cat":284254},{"id":76313,"n":"Hygiène parfaite Dr Beckmann Lave-linge - 250g","p":2.72,"u":"10,88 €/KG","img":"https://fd3-photos.leclercdrive.fr/image.ashx?id=2569821&use=l&cat=p&typeid=i","cat":284653},{"id":76322,"n":"Mini crackers Tokapi Salés - 4x75g","p":3.11,"u":"10,37 €/KG","img":"https://fd3-photos.leclercdrive.fr/image.ashx?id=1648078&use=l&cat=p&typeid=i","cat":297000},{"id":76351,"n":"Chewing-gum Style Hollywood Menthe verte - 92g","p":3.83,"u":"10,41 €/KG","img":"https://fd3-photos.leclercdrive.fr/image.ashx?id=2668725&use=l&cat=p&typeid=i","cat":304251},{"id":76358,"n":"Prosecco zonin brut blanc  75cl","p":6.5,"pp":4.29,"u":"5,72 €/L","img":"https://fd3-photos.leclercdrive.fr/image.ashx?id=2507131&use=l&cat=p&typeid=i","cat":289461},{"id":76360,"n":"Soda Schweppes Indian Tonic - 1L","p":1.8,"u":"1,80 €/L","img":"https://fd3-photos.leclercdrive.fr/image.ashx?id=2852399&use=l&cat=p&typeid=i","cat":284531},{"id":76397,"n":"Tablette chocolat au lait Lindt Noisettes 34% - 150g","p":3.88,"u":"25,87 €/KG","img":"https://fd3-photos.leclercdrive.fr/image.ashx?id=1877960&use=l&cat=p&typeid=i","cat":284497},{"id":76398,"n":"Tablette de chocolat noir Lindt Amandes / Fleur de sel - 150g","p":4.16,"u":"27,73 €/KG","img":"https://fd3-photos.leclercdrive.fr/image.ashx?id=2382992&use=l&cat=p&typeid=i","cat":284956},{"id":76399,"n":"Tablette de chocolat noir Lindt Poire intense - 100g","p":2.66,"u":"26,60 €/KG","img":"https://fd3-photos.leclercdrive.fr/image.ashx?id=2209209&use=l&cat=p&typeid=i","cat":284956},{"id":76407,"n":"Chocolat au lait Poulain 3x95g","p":4.0,"u":"14,04 €/KG","img":"https://fd3-photos.leclercdrive.fr/image.ashx?id=2817839&use=l&cat=p&typeid=i","cat":284497},{"id":76454,"n":"Dos de Colin d'Alaska Findus MSC - x6 - 660g","p":8.67,"u":"13,14 €/KG","img":"https://fd3-photos.leclercdrive.fr/image.ashx?id=2735341&use=l&cat=p&typeid=i","cat":319786},{"id":76487,"n":"Plaisir aux Noix  Lenôtre - 410g","p":7.51,"u":"18,32 €/KG","img":"https://fd3-photos.leclercdrive.fr/image.ashx?id=2807750&use=l&cat=p&typeid=i","cat":284267},{"id":76501,"n":"Chips Tortilla Old El Paso Nachips - 185g","p":2.26,"u":"12,22 €/KG","img":"https://fd3-photos.leclercdrive.fr/image.ashx?id=2444519&use=l&cat=p&typeid=i","cat":288993},{"id":76515,"n":"AOP Petit-Chablis blanc Union Vignerons - 75 cl","p":8.55,"u":"11,40 €/L","img":"https://fd3-photos.leclercdrive.fr/image.ashx?id=2417884&use=l&cat=p&typeid=i","cat":289557},{"id":76516,"n":"AOP Hautes Côte de Beaune  Blason de Bourgogne 75 cl","p":8.9,"u":"11,87 €/L","img":"https://fd3-photos.leclercdrive.fr/image.ashx?id=2177989&use=l&cat=p&typeid=i","cat":289556},{"id":76598,"n":"Crème Solaire Spray Nivea Sun FPS 30 Protect&Hydrate - 200ml","p":10.44,"u":"52,20 €/L","img":"https://fd3-photos.leclercdrive.fr/image.ashx?id=2736241&use=l&cat=p&typeid=i","cat":325355},{"id":76599,"n":"Lait UHT C'est Qui Le Patron Demi-écrémé - Brique 6x1L","p":7.08,"u":"1,18 €/L","img":"https://fd3-photos.leclercdrive.fr/image.ashx?id=2763274&use=l&cat=p&typeid=i","cat":284377},{"id":76604,"n":"Nem au Poulet 4x65g","p":2.88,"u":"11,08 €/KG","img":"https://fd3-photos.leclercdrive.fr/image.ashx?id=2870548&use=l&cat=p&typeid=i","cat":333673},{"id":76642,"n":"Brandade de morue Parmentier Tipiak - 450g","p":3.41,"u":"7,58 €/KG","img":"https://fd3-photos.leclercdrive.fr/image.ashx?id=2391290&use=l&cat=p&typeid=i","cat":284254},{"id":76719,"n":"Serviette papier Aqua Homeside Triple épaisseur 40x40cm - x20","p":1.39,"u":"0,07 €/P","img":"https://fd3-photos.leclercdrive.fr/image.ashx?id=2711710&use=l&cat=p&typeid=i","cat":334134},{"id":76721,"n":"Serviette papier Olive Homeside Triple épaisseur 40x40cm - x20","p":1.39,"u":"0,07 €/P","img":"https://fd3-photos.leclercdrive.fr/image.ashx?id=2712337&use=l&cat=p&typeid=i","cat":334134},{"id":76725,"n":"Serviette papier Rouge Homeside Triple épaisseur 40x40cm - x20","p":1.39,"u":"0,07 €/P","img":"https://fd3-photos.leclercdrive.fr/image.ashx?id=1659735&use=l&cat=p&typeid=i","cat":334134},{"id":76731,"n":"Sachet mini burger Trolli 100g","p":2.23,"u":"22,30 €/KG","img":"https://fd3-photos.leclercdrive.fr/image.ashx?id=2651179&use=l&cat=p&typeid=i","cat":304250},{"id":76780,"n":"Eau micellaire Mixa  Bio peaux sensibles - 200ml","p":2.97,"u":"14,85 €/L","img":"https://fd3-photos.leclercdrive.fr/image.ashx?id=2421853&use=l&cat=p&typeid=i","cat":284603},{"id":76802,"n":"Biscuits cacao Kinder Cards Au lait et au cacao x5 - 128g","p":1.86,"u":"14,53 €/KG","img":"https://fd3-photos.leclercdrive.fr/image.ashx?id=2673328&use=l&cat=p&typeid=i","cat":284488},{"id":76859,"n":"Pâté de boeuf pour chat Eco+ Barquette - 100g","p":0.24,"u":"2,40 €/KG","img":"https://fd3-photos.leclercdrive.fr/image.ashx?id=2052724&use=l&cat=p&typeid=i","cat":285286},{"id":76861,"n":"Pâté au poisson pour chat Eco+ Barquette - 100g","p":0.24,"u":"2,40 €/KG","img":"https://fd3-photos.leclercdrive.fr/image.ashx?id=2052742&use=l&cat=p&typeid=i","cat":285286},{"id":76864,"n":"Gelée Bonne Maman Mûres - 370g","p":2.47,"u":"6,68 €/KG","img":"https://fd3-photos.leclercdrive.fr/image.ashx?id=2476305&use=l&cat=p&typeid=i","cat":284480},{"id":76869,"n":"Compote bio Bio Village Gourdes multivariétés - 12x90g","p":6.29,"u":"5,82 €/KG","img":"https://fd3-photos.leclercdrive.fr/image.ashx?id=1974308&use=l&cat=p&typeid=i","cat":284508},{"id":76870,"n":"Sachet fraîcheur chien Pedigree  Mixte en gelée - 12x100g","p":5.02,"u":"4,18 €/KG","img":"https://fd3-photos.leclercdrive.fr/image.ashx?id=2870239&use=l&cat=p&typeid=i","cat":284673},{"id":76875,"n":"Confiture Bonne Maman Fraise intense - 335g","p":2.17,"u":"6,48 €/KG","img":"https://fd3-photos.leclercdrive.fr/image.ashx?id=2341008&use=l&cat=p&typeid=i","cat":284480},{"id":76877,"n":"Confiture Bonne Maman Framboise intense - 335g","p":2.99,"u":"8,93 €/KG","img":"https://fd3-photos.leclercdrive.fr/image.ashx?id=2341017&use=l&cat=p&typeid=i","cat":284480},{"id":76878,"n":"Confiture Bonne Maman Fruits rouges intense - 335g","p":1.97,"u":"5,88 €/KG","img":"https://fd3-photos.leclercdrive.fr/image.ashx?id=2900977&use=l&cat=p&typeid=i","cat":284480},{"id":76882,"n":"Sachet chat stérilisé Perfect Fit poulet boeuf sauce - 4x85g","p":2.49,"u":"7,32 €/KG","img":"https://fd3-photos.leclercdrive.fr/image.ashx?id=2759721&use=l&cat=p&typeid=i","cat":285286},{"id":76883,"n":"Sachet chat stérilisé Perfect Fit poissons sauce - 4x85g","p":2.7,"u":"7,94 €/KG","img":"https://fd3-photos.leclercdrive.fr/image.ashx?id=2759724&use=l&cat=p&typeid=i","cat":285286},{"id":76886,"n":"Sachet chat stérilisé Perfect  Fit poulet saumon sauce - 4x85g","p":2.71,"u":"7,97 €/KG","img":"https://fd3-photos.leclercdrive.fr/image.ashx?id=2759727&use=l&cat=p&typeid=i","cat":285286},{"id":76888,"n":"Compotes Pom'Potes Gourdes  Multivariétés - 12x90g","p":4.91,"u":"4,55 €/KG","img":"https://fd3-photos.leclercdrive.fr/image.ashx?id=2986143&use=l&cat=p&typeid=i","cat":284508},{"id":76889,"n":"Compotes Pom'Potes Gourdes  Pomme Nature - 20x90g","p":7.25,"u":"4,03 €/KG","img":"https://fd3-photos.leclercdrive.fr/image.ashx?id=2889220&use=l&cat=p&typeid=i","cat":284508},{"id":76893,"n":"Gousse vanille bourbon Vahiné De Madagascar Bio - x1","p":4.19,"img":"https://fd3-photos.leclercdrive.fr/image.ashx?id=2559847&use=l&cat=p&typeid=i","cat":284504},{"id":76895,"n":"Lait croissance Bio Guigoz En poudre - dès 12 mois - 800g","p":15.13,"u":"18,91 €/KG","img":"https://fd3-photos.leclercdrive.fr/image.ashx?id=2740289&use=l&cat=p&typeid=i","cat":290219},{"id":76999,"n":"Vinaigre de vin rouge Maille 50cl","p":1.97,"u":"3,94 €/L","img":"https://fd3-photos.leclercdrive.fr/image.ashx?id=2812747&use=l&cat=p&typeid=i","cat":298543},{"id":77008,"n":"Petits pains grillés Epi d'Or Briochés - 225g","p":1.45,"u":"6,44 €/KG","img":"https://fd3-photos.leclercdrive.fr/image.ashx?id=2496416&use=l&cat=p&typeid=i","cat":284479},{"id":77010,"n":"Lait concentré sucré Nestlé 8% MG - 397g","p":1.7,"u":"4,28 €/KG","img":"https://fd3-photos.leclercdrive.fr/image.ashx?id=2906832&use=l&cat=p&typeid=i","cat":299162},{"id":77017,"n":"Vinaigrette Maille Huile sésame/soja - 36cl","p":2.91,"u":"8,08 €/L","img":"https://fd3-photos.leclercdrive.fr/image.ashx?id=2985657&use=l&cat=p&typeid=i","cat":284456},{"id":77082,"n":"Compote bio Hipp Bio - 4/6 mois Pommes Abricots - 4x100g","p":2.08,"u":"5,20 €/KG","img":"https://fd3-photos.leclercdrive.fr/image.ashx?id=2940300&use=l&cat=p&typeid=i","cat":312387},{"id":77083,"n":"Compote bio Hipp Bio 4/6mois  Pommes 100% fruits - 4x100g","p":2.04,"u":"4,08 €/KG","img":"https://fd3-photos.leclercdrive.fr/image.ashx?id=2924668&use=l&cat=p&typeid=i","cat":312387},{"id":77084,"n":"Dessert bébé Hipp Bio - 6 mois Banane Fruits rouges - 4x100g","p":2.03,"u":"5,08 €/KG","img":"https://fd3-photos.leclercdrive.fr/image.ashx?id=2924671&use=l&cat=p&typeid=i","cat":312388},{"id":77085,"n":"Spaghetti bio Hipp Bio A la bolognaise 12 mois - 230g","p":2.22,"u":"9,65 €/KG","img":"https://fd3-photos.leclercdrive.fr/image.ashx?id=2917043&use=l&cat=p&typeid=i","cat":312237},{"id":77236,"n":"Liniment bébé bio SoBio Etic Oléo-calcaire - 500ml","p":8.97,"u":"17,94 €/L","img":"https://fd3-photos.leclercdrive.fr/image.ashx?id=2494758&use=l&cat=p&typeid=i","cat":284741},{"id":77238,"n":"Eau micellaire bio SoBio Etic Nettoyante bébé - 500ml","p":6.3,"u":"12,60 €/L","img":"https://fd3-photos.leclercdrive.fr/image.ashx?id=2787077&use=l&cat=p&typeid=i","cat":284741},{"id":77244,"n":"Saucisse de Morteau IGP Label Rouge - 350g","p":5.79,"u":"16,54 €/KG","img":"https://fd3-photos.leclercdrive.fr/image.ashx?id=2795147&use=l&cat=p&typeid=i","cat":316012},{"id":77246,"n":"Saucisse fumée \"Saugette\" x2 - 300g","p":3.16,"u":"10,53 €/KG","img":"https://fd3-photos.leclercdrive.fr/image.ashx?id=1621439&use=l&cat=p&typeid=i","cat":316012},{"id":77289,"n":"Friandises chats  Félix Poulet, foie, dinde  - 200g","p":2.31,"u":"11,55 €/KG","img":"https://fd3-photos.leclercdrive.fr/image.ashx?id=2740859&use=l&cat=p&typeid=i","cat":285285},{"id":77290,"n":"Friandises chats Félix Saveur ocean Saumon,truite 200g","p":2.31,"u":"11,55 €/KG","img":"https://fd3-photos.leclercdrive.fr/image.ashx?id=2940465&use=l&cat=p&typeid=i","cat":285285},{"id":77359,"n":"Ravioli pur boeuf Côté Table Sauce italienne - 800g","p":2.19,"u":"2,74 €/KG","img":"https://fd3-photos.leclercdrive.fr/image.ashx?id=3015102&use=l&cat=p&typeid=i","cat":284442},{"id":77360,"n":"Ravioli bolognaise Côté Table 800g","p":2.89,"u":"3,61 €/KG","img":"https://fd3-photos.leclercdrive.fr/image.ashx?id=3015099&use=l&cat=p&typeid=i","cat":284442},{"id":77382,"n":"Filets maqueraux Pêche Océan Vin blanc citron romarin - 176g","p":1.85,"u":"10,51 €/KG","img":"https://fd3-photos.leclercdrive.fr/image.ashx?id=2436681&use=l&cat=p&typeid=i","cat":303868},{"id":77503,"n":"Kit pour Burritos Old El Paso Original - 510g","p":5.0,"u":"9,80 €/KG","img":"https://fd3-photos.leclercdrive.fr/image.ashx?id=2759511&use=l&cat=p&typeid=i","cat":288993},{"id":77504,"n":"Kit pour Fajitas Old El Paso Original - 500g","p":4.98,"u":"9,96 €/KG","img":"https://fd3-photos.leclercdrive.fr/image.ashx?id=2759709&use=l&cat=p&typeid=i","cat":288993},{"id":77506,"n":"Kit pour Fajitas Old El Paso Sans piment - 478g","p":5.01,"u":"10,48 €/KG","img":"https://fd3-photos.leclercdrive.fr/image.ashx?id=2759712&use=l&cat=p&typeid=i","cat":288993},{"id":77507,"n":"Chips Tortilla Old El Paso Fajita maxi format - 300g","p":4.73,"u":"15,77 €/KG","img":"https://fd3-photos.leclercdrive.fr/image.ashx?id=2737699&use=l&cat=p&typeid=i","cat":288993},{"id":77557,"n":"Rhum blanc Charrette  40%vol - 2L","p":26.25,"u":"13,13 €/L","img":"https://fd3-photos.leclercdrive.fr/image.ashx?id=2811491&use=l&cat=p&typeid=i","cat":284550},{"id":77605,"n":"AOC Vin blanc Arbois Pupillin Savagnin - 75cl","p":16.26,"u":"21,68 €/L","img":"https://fd3-photos.leclercdrive.fr/image.ashx?id=2940027&use=l&cat=p&typeid=i","cat":289557},{"id":77607,"n":"AOP Côtes du Jura Vin rouge Trousseau - 75cl","p":9.18,"u":"12,24 €/L","img":"https://fd3-photos.leclercdrive.fr/image.ashx?id=3011647&use=l&cat=p&typeid=i","cat":289556},{"id":77608,"n":"AOP Côtes du Jura Vin jaune Jura-Savoie - 62cl","p":26.84,"u":"43,29 €/L","img":"https://fd3-photos.leclercdrive.fr/image.ashx?id=2929392&use=l&cat=p&typeid=i","cat":289557},{"id":77635,"n":"Tartelettes panachées x4 - 390g","p":6.59,"u":"16,90 €/KG","img":"https://fd3-photos.leclercdrive.fr/image.ashx?id=2496575&use=l&cat=p&typeid=i","cat":284360},{"id":77640,"n":"Purée de fruits Charles & Alice Pomme Abricot  4x100g 2 offerts","p":2.24,"u":"3,73 €/KG","img":"https://fd3-photos.leclercdrive.fr/image.ashx?id=2187505&use=l&cat=p&typeid=i","cat":284416},{"id":77642,"n":"Compote de fruits Charles&Alice Pomme banane -4x97g + 2 offerts","p":2.24,"u":"3,85 €/KG","img":"https://fd3-photos.leclercdrive.fr/image.ashx?id=2625484&use=l&cat=p&typeid=i","cat":284508},{"id":77646,"n":"Purée de fruits Charles & Alice Pomme Mirabelle - 4x97g+2offert","p":2.24,"u":"3,85 €/KG","img":"https://fd3-photos.leclercdrive.fr/image.ashx?id=2628887&use=l&cat=p&typeid=i","cat":284416},{"id":77652,"n":"Plaisir Citron  Recette Lenôtre - 410g","p":7.51,"u":"18,32 €/KG","img":"https://fd3-photos.leclercdrive.fr/image.ashx?id=2807747&use=l&cat=p&typeid=i","cat":284267},{"id":77681,"n":"Amandes décortiquées Vahiné 125g","p":3.93,"u":"31,44 €/KG","img":"https://fd3-photos.leclercdrive.fr/image.ashx?id=2559805&use=l&cat=p&typeid=i","cat":284504},{"id":77683,"n":"Gousses vanille Vahiné x2","p":6.97,"u":"3,49 €/P","img":"https://fd3-photos.leclercdrive.fr/image.ashx?id=2524317&use=l&cat=p&typeid=i","cat":284504},{"id":77699,"n":"Yaourt lait de chèvre Soignon Brassé Mûre/Framboise - 4x125g","p":2.77,"u":"5,54 €/KG","img":"https://fd3-photos.leclercdrive.fr/image.ashx?id=2518265&use=l&cat=p&typeid=i","cat":314998},{"id":77702,"n":"LE VANILLE AU LAIT DE BREBIS 4x110g SOIGNON","p":2.96,"u":"6,73 €/KG","img":"https://fd3-photos.leclercdrive.fr/image.ashx?id=2948114&use=l&cat=p&typeid=i","cat":314998},{"id":77704,"n":"BRASSE AU LAIT DE BREBIS CITRON 4x110g SOIGNON","p":2.81,"u":"6,39 €/KG","img":"https://fd3-photos.leclercdrive.fr/image.ashx?id=2948120&use=l&cat=p&typeid=i","cat":314998},{"id":77705,"n":"BRASSE AU LAIT DE BREBIS MÛRE-FRAMBOISE 4x110g SOIGNON","p":2.85,"u":"6,48 €/KG","img":"https://fd3-photos.leclercdrive.fr/image.ashx?id=2948123&use=l&cat=p&typeid=i","cat":314998},{"id":77727,"n":"Pain Bagel La Boulangère x2 - 180g","p":1.44,"u":"8,00 €/KG","img":"https://fd3-photos.leclercdrive.fr/image.ashx?id=2333959&use=l&cat=p&typeid=i","cat":284985},{"id":77735,"n":"IGP Vinaigrette à l'orange Maille 36cl","p":2.45,"u":"6,81 €/L","img":"https://fd3-photos.leclercdrive.fr/image.ashx?id=2082855&use=l&cat=p&typeid=i","cat":284456},{"id":77739,"n":"Crème sans rinçage Elsève Cheveu Abimé, Cassant - 200ml","p":5.19,"u":"25,95 €/L","img":"https://fd3-photos.leclercdrive.fr/image.ashx?id=2948980&use=l&cat=p&typeid=i","cat":284608},{"id":77745,"n":"Sauce Gourmet Amora Béarnaise - 184g","p":1.8,"u":"9,78 €/KG","img":"https://fd3-photos.leclercdrive.fr/image.ashx?id=2387876&use=l&cat=p&typeid=i","cat":318430},{"id":77746,"n":"Sauce Gourmet Amora Burger - 188g","p":1.73,"u":"9,20 €/KG","img":"https://fd3-photos.leclercdrive.fr/image.ashx?id=2387879&use=l&cat=p&typeid=i","cat":318430},{"id":77754,"n":"Pain grillé Pelletier Goût brioche - 500g","p":3.33,"u":"6,66 €/KG","img":"https://fd3-photos.leclercdrive.fr/image.ashx?id=3002246&use=l&cat=p&typeid=i","cat":284479},{"id":77755,"n":"Vinaigrette Légère MAILLE Vin Rouge & Echalotes - 36cl","p":2.71,"u":"7,53 €/L","img":"https://fd3-photos.leclercdrive.fr/image.ashx?id=2788154&use=l&cat=p&typeid=i","cat":284456},{"id":77811,"n":"Roll-On EasyWax Expert Veet Appareil + Recharge Cire 50ml","p":9.96,"img":"https://fd3-photos.leclercdrive.fr/image.ashx?id=2854345&use=l&cat=p&typeid=i","cat":325351},{"id":77812,"n":"Déodorant Black&white Nivea Atomiseur - 2x200ml","p":4.92,"u":"12,30 €/L","img":"https://fd3-photos.leclercdrive.fr/image.ashx?id=2290320&use=l&cat=p&typeid=i","cat":284595},{"id":77855,"n":"Huile à barbe L'Oréal Paris Men Expert bois de cèdre - 30ml","p":8.49,"u":"283,00 €/L","img":"https://fd3-photos.leclercdrive.fr/image.ashx?id=3008770&use=l&cat=p&typeid=i","cat":284622},{"id":77871,"n":"Brosse à dent Aquafresh Flex Medium x3","p":3.57,"u":"1,19 €/P","img":"https://fd3-photos.leclercdrive.fr/image.ashx?id=2303855&use=l&cat=p&typeid=i","cat":284614},{"id":77882,"n":"Houmous L'Atelier Blini Extra au citron - 175g","p":2.77,"u":"15,83 €/KG","img":"https://fd3-photos.leclercdrive.fr/image.ashx?id=2868984&use=l&cat=p&typeid=i","cat":315999},{"id":77885,"n":"Eau de bleuets Christian Lenart 200ml","p":3.35,"u":"16,75 €/L","img":"https://fd3-photos.leclercdrive.fr/image.ashx?id=2324807&use=l&cat=p&typeid=i","cat":325345},{"id":77901,"n":"Tzatziki Bio l'Atelier Blini Extra - 160g","p":3.3,"u":"20,63 €/KG","img":"https://fd3-photos.leclercdrive.fr/image.ashx?id=2297081&use=l&cat=p&typeid=i","cat":315999},{"id":77915,"n":"Eau micellaire Diadermine Express 3 en 1 - 400ml","p":4.97,"u":"12,43 €/L","img":"https://fd3-photos.leclercdrive.fr/image.ashx?id=2507862&use=l&cat=p&typeid=i","cat":284603},{"id":77946,"n":"Soin visage L'Oréal Paris Revitalift anti-âge - 50ml","p":13.96,"u":"279,20 €/L","img":"https://fd3-photos.leclercdrive.fr/image.ashx?id=2867527&use=l&cat=p&typeid=i","cat":325345},{"id":77976,"n":"Beurre Grand Fermage Doux - 82% MG - 250g","p":2.68,"u":"10,72 €/KG","img":"https://fd3-photos.leclercdrive.fr/image.ashx?id=2985207&use=l&cat=p&typeid=i","cat":284379},{"id":77980,"n":"Parmigiano Reg AOP Casa Azzurra Copeaux - 80g","p":3.15,"u":"39,38 €/KG","img":"https://fd3-photos.leclercdrive.fr/image.ashx?id=2261954&use=l&cat=p&typeid=i","cat":314035},{"id":77986,"n":"Houmous Blini 200g","p":2.03,"u":"10,15 €/KG","img":"https://fd3-photos.leclercdrive.fr/image.ashx?id=2487716&use=l&cat=p&typeid=i","cat":315999},{"id":78005,"n":"Feta AOP Casa Azzurra Portion - 150g","p":3.2,"u":"21,33 €/KG","img":"https://fd3-photos.leclercdrive.fr/image.ashx?id=1620610&use=l&cat=p&typeid=i","cat":314026},{"id":78057,"n":"Pain de mie nature Sans gluten - 300g","p":2.72,"u":"9,07 €/KG","img":"https://fd3-photos.leclercdrive.fr/image.ashx?id=2710828&use=l&cat=p&typeid=i","cat":284477},{"id":78060,"n":"Spaghetti Chaque Jour  Sans gluten - 400g","p":1.6,"u":"4,00 €/KG","img":"https://fd3-photos.leclercdrive.fr/image.ashx?id=2872712&use=l&cat=p&typeid=i","cat":284427},{"id":78071,"n":"Café moulu L'Or Doux 100% Arabica - 2x250g","p":9.92,"u":"19,84 €/KG","img":"https://fd3-photos.leclercdrive.fr/image.ashx?id=1876661&use=l&cat=p&typeid=i","cat":284750},{"id":78075,"n":"Café moulu L'Or Intense 100% Arabica - 250g","p":5.18,"u":"20,72 €/KG","img":"https://fd3-photos.leclercdrive.fr/image.ashx?id=2289927&use=l&cat=p&typeid=i","cat":284750},{"id":78078,"n":"Café moulu San Marco n°7 - 250g","p":5.37,"u":"21,48 €/KG","img":"https://fd3-photos.leclercdrive.fr/image.ashx?id=2322169&use=l&cat=p&typeid=i","cat":284750},{"id":78083,"n":"Capsules café L'Or Espresso Lungo Profondo N°8 x10","p":3.57,"u":"68,65 €/KG","img":"https://fd3-photos.leclercdrive.fr/image.ashx?id=2100281&use=l&cat=p&typeid=i","cat":284749},{"id":78087,"n":"Café solubleMaxwell House Qualité Filtre Jarre - 100g","p":5.31,"u":"53,10 €/KG","img":"https://fd3-photos.leclercdrive.fr/image.ashx?id=1793910&use=l&cat=p&typeid=i","cat":284843},{"id":78090,"n":"Café solubleMaxwell House Qualité Filtre Recharge - 235g","p":6.49,"u":"36,06 €/KG","img":"https://fd3-photos.leclercdrive.fr/image.ashx?id=1793916&use=l&cat=p&typeid=i","cat":284843},{"id":78092,"n":"Purée de brocolis Florette 2x200g","p":2.38,"u":"5,95 €/KG","img":"https://fd3-photos.leclercdrive.fr/image.ashx?id=2790009&use=l&cat=p&typeid=i","cat":333665},{"id":78098,"n":"Sauce Épicée TABASCO Piment Rouge - 60ml","p":2.68,"u":"44,67 €/L","img":"https://fd3-photos.leclercdrive.fr/image.ashx?id=2961317&use=l&cat=p&typeid=i","cat":298298},{"id":78105,"n":"Capsules café L'Or Espresso Splendente N°7 x10","p":3.08,"u":"59,23 €/KG","img":"https://fd3-photos.leclercdrive.fr/image.ashx?id=3000465&use=l&cat=p&typeid=i","cat":284749},{"id":78107,"n":"Capsules café L'Or Espresso Decaffeinato N°6 x10","p":3.14,"u":"60,38 €/KG","img":"https://fd3-photos.leclercdrive.fr/image.ashx?id=2100275&use=l&cat=p&typeid=i","cat":284749},{"id":78108,"n":"Capsules café L'Or Espresso Or Absolu N°9 x10","p":4.0,"u":"76,92 €/KG","img":"https://fd3-photos.leclercdrive.fr/image.ashx?id=2100287&use=l&cat=p&typeid=i","cat":284749},{"id":78131,"n":"Penne Chaque Jour  Sans gluten - 400g","p":1.62,"u":"4,05 €/KG","img":"https://fd3-photos.leclercdrive.fr/image.ashx?id=2866247&use=l&cat=p&typeid=i","cat":284427},{"id":78135,"n":"Safran filament Ducros 0.35g","p":5.53,"img":"https://fd3-photos.leclercdrive.fr/image.ashx?id=2474296&use=l&cat=p&typeid=i","cat":298297},{"id":78137,"n":"Coquillettes Chaque Jour  Sans gluten - 400g","p":1.57,"u":"3,93 €/KG","img":"https://fd3-photos.leclercdrive.fr/image.ashx?id=2872715&use=l&cat=p&typeid=i","cat":284427},{"id":78138,"n":"Sablé de Retz Saint Michel Oter Bahlsen - 2x120g","p":1.85,"u":"7,71 €/KG","img":"https://fd3-photos.leclercdrive.fr/image.ashx?id=2935684&use=l&cat=p&typeid=i","cat":284487},{"id":78140,"n":"Tagliatelles Chaque Jour  Sans gluten - 250g","p":1.69,"u":"6,76 €/KG","img":"https://fd3-photos.leclercdrive.fr/image.ashx?id=2885771&use=l&cat=p&typeid=i","cat":284427},{"id":78150,"n":"Biscuits aux amandes Kambly Tradition Suisse Rocher - 80g","p":2.63,"u":"32,88 €/KG","img":"https://fd3-photos.leclercdrive.fr/image.ashx?id=2883747&use=l&cat=p&typeid=i","cat":284487},{"id":78154,"n":"Fusilli Chaque Jour  Sans gluten - 400g","p":1.75,"u":"4,38 €/KG","img":"https://fd3-photos.leclercdrive.fr/image.ashx?id=2885774&use=l&cat=p&typeid=i","cat":284427},{"id":78159,"n":"Barres céréales chocolat Chaque jour sans gluten - 132g","p":3.56,"u":"26,97 €/KG","img":"https://fd3-photos.leclercdrive.fr/image.ashx?id=2764395&use=l&cat=p&typeid=i","cat":318654},{"id":78160,"n":"Petits cookies Bonne Maman Pépites de chocolat - 250g","p":2.49,"u":"9,96 €/KG","img":"https://fd3-photos.leclercdrive.fr/image.ashx?id=2936170&use=l&cat=p&typeid=i","cat":325066},{"id":78176,"n":"Mini cônes Extrême Vanille Chocolat x8 - 312g","p":3.59,"u":"11,51 €/KG","img":"https://fd3-photos.leclercdrive.fr/image.ashx?id=2737030&use=l&cat=p&typeid=i","cat":284264},{"id":78187,"n":"Amandes Wonderful 200g","p":5.18,"u":"25,90 €/KG","img":"https://fd3-photos.leclercdrive.fr/image.ashx?id=2659822&use=l&cat=p&typeid=i","cat":284357},{"id":78188,"n":"Amandes grillées Wonderful En sachet - salées - 200g","p":5.3,"u":"26,50 €/KG","img":"https://fd3-photos.leclercdrive.fr/image.ashx?id=2659825&use=l&cat=p&typeid=i","cat":284357},{"id":78192,"n":"Pizza extrème Marie L'américaine - 530g","p":4.39,"u":"8,28 €/KG","img":"https://fd3-photos.leclercdrive.fr/image.ashx?id=2996767&use=l&cat=p&typeid=i","cat":284256},{"id":78204,"n":"Biscuits Palmito LU 100g","p":0.83,"u":"8,30 €/KG","img":"https://fd3-photos.leclercdrive.fr/image.ashx?id=3001949&use=l&cat=p&typeid=i","cat":284487},{"id":78210,"n":"Biscuits Nutella B-ready 6x22g","p":1.9,"u":"14,39 €/KG","img":"https://fd3-photos.leclercdrive.fr/image.ashx?id=2770602&use=l&cat=p&typeid=i","cat":284488},{"id":78212,"n":"Biscuits Mini Prince Fourré chocolat - 160g","p":2.02,"u":"12,63 €/KG","img":"https://fd3-photos.leclercdrive.fr/image.ashx?id=1864026&use=l&cat=p&typeid=i","cat":284488},{"id":78214,"n":"Cookies mini Granola Pépites de chocolat - 160g","p":1.9,"u":"11,88 €/KG","img":"https://fd3-photos.leclercdrive.fr/image.ashx?id=3002252&use=l&cat=p&typeid=i","cat":325066},{"id":78223,"n":"Crevettes Nordiques Balthor Décortiquées - 90g","p":3.89,"u":"43,22 €/KG","img":"https://fd3-photos.leclercdrive.fr/image.ashx?id=2105143&use=l&cat=p&typeid=i","cat":305147},{"id":78269,"n":"Gourde bébé Good Goût Bio 6Mois Petit déj - Fraise - 70g","p":1.36,"u":"19,43 €/KG","img":"https://fd3-photos.leclercdrive.fr/image.ashx?id=2736088&use=l&cat=p&typeid=i","cat":312393},{"id":78270,"n":"Gourde bébé Good Goût Bio 6Mois Petit déj : Myrtille - 70g","p":1.32,"u":"18,86 €/KG","img":"https://fd3-photos.leclercdrive.fr/image.ashx?id=2736091&use=l&cat=p&typeid=i","cat":312393},{"id":78271,"n":"Gourde bébé Good Goût Bio 6mois Petit déj - Pomme - 70g","p":1.14,"u":"16,29 €/KG","img":"https://fd3-photos.leclercdrive.fr/image.ashx?id=2736094&use=l&cat=p&typeid=i","cat":312393},{"id":78274,"n":"Mini galette de riz Good Goût Bio - pomme - 40g","p":1.83,"u":"45,75 €/KG","img":"https://fd3-photos.leclercdrive.fr/image.ashx?id=2633133&use=l&cat=p&typeid=i","cat":312227},{"id":78275,"n":"Mini galette de riz Good Goût Myrtille bio - 40g","p":1.78,"u":"44,50 €/KG","img":"https://fd3-photos.leclercdrive.fr/image.ashx?id=2532135&use=l&cat=p&typeid=i","cat":312227},{"id":78369,"n":"Litchi  250g","p":3.29,"u":"13,16 €/KG","img":"https://fd3-photos.leclercdrive.fr/image.ashx?id=1636323&use=l&cat=p&typeid=i","cat":284356},{"id":78412,"n":"Pommes de terre en cubes  Allaire - 500g","p":1.47,"u":"2,94 €/KG","img":"https://fd3-photos.leclercdrive.fr/image.ashx?id=2472270&use=l&cat=p&typeid=i","cat":284352},{"id":78422,"n":"Houmous intense Sud & Sol 175g","p":1.81,"u":"10,34 €/KG","img":"https://fd3-photos.leclercdrive.fr/image.ashx?id=2937319&use=l&cat=p&typeid=i","cat":315999},{"id":78430,"n":"Coquilles St Jacques  à la bretonne - 2x110g","p":5.58,"u":"25,36 €/KG","img":"https://fd3-photos.leclercdrive.fr/image.ashx?id=2604620&use=l&cat=p&typeid=i","cat":319775},{"id":78446,"n":"Olives farcies citron La Ciota  Boîte - 120g","p":1.97,"u":"16,42 €/KG","img":"https://fd3-photos.leclercdrive.fr/image.ashx?id=2296578&use=l&cat=p&typeid=i","cat":284458},{"id":78447,"n":"Café soluble Nescafé Spécial filtre décaféiné - 200g","p":8.01,"u":"40,05 €/KG","img":"https://fd3-photos.leclercdrive.fr/image.ashx?id=2864071&use=l&cat=p&typeid=i","cat":284843},{"id":78453,"n":"Graines de Tournesol Sun 500g","p":2.57,"u":"5,14 €/KG","img":"https://fd3-photos.leclercdrive.fr/image.ashx?id=2692167&use=l&cat=p&typeid=i","cat":284357},{"id":78454,"n":"Biscuits petit déjeuner Belvita Chocolat - 600g","p":4.1,"u":"6,83 €/KG","img":"https://fd3-photos.leclercdrive.fr/image.ashx?id=2345484&use=l&cat=p&typeid=i","cat":284491},{"id":78467,"n":"Houmous aux poivrons Sud & Sol - 175g","p":2.77,"u":"15,83 €/KG","img":"https://fd3-photos.leclercdrive.fr/image.ashx?id=2937331&use=l&cat=p&typeid=i","cat":315999},{"id":78485,"n":"Cacahuètes Menguy's Grillées à sec - 450g","p":3.6,"u":"8,00 €/KG","img":"https://fd3-photos.leclercdrive.fr/image.ashx?id=2979797&use=l&cat=p&typeid=i","cat":284448},{"id":78496,"n":"Boudoirs Brossard x30 - 175g","p":1.69,"u":"9,66 €/KG","img":"https://fd3-photos.leclercdrive.fr/image.ashx?id=2964995&use=l&cat=p&typeid=i","cat":284487},{"id":78544,"n":"Ravioli pur boeuf Côté Table  400g","p":1.35,"u":"3,38 €/KG","img":"https://fd3-photos.leclercdrive.fr/image.ashx?id=3014281&use=l&cat=p&typeid=i","cat":284442},{"id":78546,"n":"Ravioli bolognaise Côté Table 400g","p":1.99,"u":"4,98 €/KG","img":"https://fd3-photos.leclercdrive.fr/image.ashx?id=3014275&use=l&cat=p&typeid=i","cat":284442},{"id":78574,"n":"Biscuits Choc'land Magie BN Chocolat au lait - 150g","p":1.96,"u":"13,07 €/KG","img":"https://fd3-photos.leclercdrive.fr/image.ashx?id=1739699&use=l&cat=p&typeid=i","cat":284488},{"id":78577,"n":"Gaufrettes Brun  Chocolat - 146g","p":0.92,"u":"6,30 €/KG","img":"https://fd3-photos.leclercdrive.fr/image.ashx?id=2842543&use=l&cat=p&typeid=i","cat":284487},{"id":78580,"n":"Gaufrettes Brun  Vanille - 146g","p":0.92,"u":"6,30 €/KG","img":"https://fd3-photos.leclercdrive.fr/image.ashx?id=2354320&use=l&cat=p&typeid=i","cat":284487},{"id":78586,"n":"Biscuits cuillers Brossard Pâtissier -300g","p":4.97,"u":"16,57 €/KG","img":"https://fd3-photos.leclercdrive.fr/image.ashx?id=2983384&use=l&cat=p&typeid=i","cat":284487},{"id":78594,"n":"Biscuits croquants Délichoc Chocolat noir - 150g","p":1.83,"u":"12,20 €/KG","img":"https://fd3-photos.leclercdrive.fr/image.ashx?id=2956307&use=l&cat=p&typeid=i","cat":284488},{"id":78618,"n":"Assiettes en carton Eco+ x100","p":3.0,"img":"https://fd3-photos.leclercdrive.fr/image.ashx?id=1307672&use=l&cat=p&typeid=i","cat":334134},{"id":78628,"n":"Serviettes blanches Homeside x30 - 38cmx38cm - 2 plis","p":1.31,"u":"0,04 €/P","img":"https://fd3-photos.leclercdrive.fr/image.ashx?id=1659693&use=l&cat=p&typeid=i","cat":334134},{"id":78641,"n":"AOC Bordeaux rouge Mouton Cadet - 37.5cl","p":4.53,"u":"12,08 €/L","img":"https://fd3-photos.leclercdrive.fr/image.ashx?id=2732638&use=l&cat=p&typeid=i","cat":289556},{"id":78642,"n":"Nappe damassée Homeside Turquoise - 7m","p":2.96,"img":"https://fd3-photos.leclercdrive.fr/image.ashx?id=2713581&use=l&cat=p&typeid=i","cat":334134},{"id":78643,"n":"Serviettes 2 plis Ardence Aqua - 38x38cm - x30","p":1.7,"u":"0,06 €/P","img":"https://fd3-photos.leclercdrive.fr/image.ashx?id=2744125&use=l&cat=p&typeid=i","cat":334134},{"id":78645,"n":"Nappe damassée Homeside Bleu ciel - 7m","p":2.96,"u":"0,42 €/MT","img":"https://fd3-photos.leclercdrive.fr/image.ashx?id=2693144&use=l&cat=p&typeid=i","cat":334134},{"id":78673,"n":"Préparation aux Fraises Bio Lucien Georgelin - 320g","p":2.77,"u":"8,66 €/KG","img":"https://fd3-photos.leclercdrive.fr/image.ashx?id=2098739&use=l&cat=p&typeid=i","cat":284480},{"id":78674,"n":"Préparation Ananas/Kiwi Lucien Georgelin - 320g","p":2.56,"u":"8,00 €/KG","img":"https://fd3-photos.leclercdrive.fr/image.ashx?id=1638397&use=l&cat=p&typeid=i","cat":284480},{"id":78676,"n":"Champagne Rosé Tsarine 75cl","p":29.75,"u":"39,67 €/L","img":"https://fd3-photos.leclercdrive.fr/image.ashx?id=2748479&use=l&cat=p&typeid=i","cat":284542},{"id":78714,"n":"Mayonnaise Eco+ Flacon souple - 450g","p":1.27,"u":"2,82 €/KG","img":"https://fd3-photos.leclercdrive.fr/image.ashx?id=2954331&use=l&cat=p&typeid=i","cat":298295},{"id":78715,"n":"Gaufrettes vanille Eco+ 190g","p":0.69,"u":"3,63 €/KG","img":"https://fd3-photos.leclercdrive.fr/image.ashx?id=2760786&use=l&cat=p&typeid=i","cat":284487},{"id":78716,"n":"Gaufrettes chocolat Eco+ 190g","p":0.69,"u":"3,63 €/KG","img":"https://fd3-photos.leclercdrive.fr/image.ashx?id=2843036&use=l&cat=p&typeid=i","cat":284487},{"id":78719,"n":"Goûter fourré rond Eco+ Vanille - 500g","p":1.43,"u":"2,86 €/KG","img":"https://fd3-photos.leclercdrive.fr/image.ashx?id=3014341&use=l&cat=p&typeid=i","cat":284489},{"id":78722,"n":"Tartelettes à l'abricot Eco+ x12 - 200g","p":0.8,"u":"4,00 €/KG","img":"https://fd3-photos.leclercdrive.fr/image.ashx?id=2869754&use=l&cat=p&typeid=i","cat":284489},{"id":78723,"n":"Petits beurre Eco+ x24 - 175g","p":0.58,"u":"3,31 €/KG","img":"https://fd3-photos.leclercdrive.fr/image.ashx?id=2758782&use=l&cat=p&typeid=i","cat":284487},{"id":78725,"n":"Génoises fourrées orange Eco+ 300g","p":1.5,"u":"5,00 €/KG","img":"https://fd3-photos.leclercdrive.fr/image.ashx?id=2768445&use=l&cat=p&typeid=i","cat":284489},{"id":78726,"n":"Biscuits petit déjeuner Eco+ x25 - 350g","p":0.73,"u":"2,09 €/KG","img":"https://fd3-photos.leclercdrive.fr/image.ashx?id=2550821&use=l&cat=p&typeid=i","cat":284491},{"id":78728,"n":"Goûter fourré Eco+ Chocolat - 300g","p":1.07,"u":"3,57 €/KG","img":"https://fd3-photos.leclercdrive.fr/image.ashx?id=2775884&use=l&cat=p&typeid=i","cat":284488},{"id":78732,"n":"Guacamole Old El Paso Doux - 320g","p":2.27,"u":"7,09 €/KG","img":"https://fd3-photos.leclercdrive.fr/image.ashx?id=2737612&use=l&cat=p&typeid=i","cat":288993},{"id":78734,"n":"Boisson gourmande PAGO Red ACE Orange sang carotte ctrn - 75cl","p":1.76,"u":"2,35 €/L","img":"https://fd3-photos.leclercdrive.fr/image.ashx?id=2861234&use=l&cat=p&typeid=i","cat":284915},{"id":78737,"n":"Petit beurre Schar Sans gluten - 165g","p":2.0,"u":"12,12 €/KG","img":"https://fd3-photos.leclercdrive.fr/image.ashx?id=2137072&use=l&cat=p&typeid=i","cat":318654},{"id":78744,"n":"Pain de mie Schär - Classic Sans gluten - 300g","p":3.48,"u":"11,60 €/KG","img":"https://fd3-photos.leclercdrive.fr/image.ashx?id=2659418&use=l&cat=p&typeid=i","cat":318654},{"id":78745,"n":"Crackers Schar Sans gluten - 210g","p":3.63,"u":"17,29 €/KG","img":"https://fd3-photos.leclercdrive.fr/image.ashx?id=2439941&use=l&cat=p&typeid=i","cat":297000},{"id":78767,"n":"Chocolat noir Bio Ethiquable Côte d'Ivoire/Bolivie - 100g","p":3.31,"u":"33,10 €/KG","img":"https://fd3-photos.leclercdrive.fr/image.ashx?id=3003378&use=l&cat=p&typeid=i","cat":284956},{"id":78773,"n":"Tablette de chocolat noir Lindt Noir 78% cacao - 100g","p":2.71,"u":"27,10 €/KG","img":"https://fd3-photos.leclercdrive.fr/image.ashx?id=2689481&use=l&cat=p&typeid=i","cat":284956},{"id":78953,"n":"Savon solide Bionaïa Abricot bio - 100g","p":1.39,"u":"13,90 €/KG","img":"https://fd3-photos.leclercdrive.fr/image.ashx?id=2331324&use=l&cat=p&typeid=i","cat":284597},{"id":78965,"n":"Xtrem Box Sodebo Radiatori à la Bolognaise -400g","p":3.5,"u":"8,75 €/KG","img":"https://fd3-photos.leclercdrive.fr/image.ashx?id=2638760&use=l&cat=p&typeid=i","cat":334983},{"id":78970,"n":"Ravioli emmental Bio Village Bio Basilic - 250g","p":2.99,"u":"11,96 €/KG","img":"https://fd3-photos.leclercdrive.fr/image.ashx?id=2843611&use=l&cat=p&typeid=i","cat":333682},{"id":79016,"n":"Galette boulgour Céréal Bio  Bio tomate parmesan x2 200G","p":2.43,"u":"12,15 €/KG","img":"https://fd3-photos.leclercdrive.fr/image.ashx?id=2573519&use=l&cat=p&typeid=i","cat":284953},{"id":79019,"n":"Galettes bio Céréal Bio  Rroquefort, figues - 2x200g","p":2.27,"u":"11,35 €/KG","img":"https://fd3-photos.leclercdrive.fr/image.ashx?id=2573522&use=l&cat=p&typeid=i","cat":284953},{"id":79021,"n":"Galette Blé bio Céréal Bio  Pommes Terres Emmental xé 200g","p":2.57,"u":"12,85 €/KG","img":"https://fd3-photos.leclercdrive.fr/image.ashx?id=2575102&use=l&cat=p&typeid=i","cat":284953},{"id":79092,"n":"Adoucissant peaux sensibles 40 lavages - 750 ml - UNI VERT","p":1.78,"u":"2,37 €/L","img":"https://fd3-photos.leclercdrive.fr/image.ashx?id=2893334&use=l&cat=p&typeid=i","cat":284650},{"id":79181,"n":"Huile lavante Mots d'Enfants Bébé - 250ml","p":1.24,"u":"4,96 €/L","img":"https://fd3-photos.leclercdrive.fr/image.ashx?id=2485092&use=l&cat=p&typeid=i","cat":284741},{"id":79243,"n":"Petit pot bébé bio Blédina 4-6m Patate douce - 2x130g","p":1.87,"u":"7,19 €/KG","img":"https://fd3-photos.leclercdrive.fr/image.ashx?id=2848581&use=l&cat=p&typeid=i","cat":312234},{"id":79252,"n":"Compote bébé bio Blédina 6 mois Pomme banane kiwi - 2x130g","p":1.87,"u":"7,19 €/KG","img":"https://fd3-photos.leclercdrive.fr/image.ashx?id=2848560&use=l&cat=p&typeid=i","cat":312388},{"id":79311,"n":"Après-Shampooing Sobio Etic Lait d'amande Bio - 200ml","p":4.62,"u":"23,10 €/L","img":"https://fd3-photos.leclercdrive.fr/image.ashx?id=2787065&use=l&cat=p&typeid=i","cat":284607},{"id":79323,"n":"Shampooing Bio Sobio Etic Cheveux nourris - 250ml","p":3.66,"u":"14,64 €/L","img":"https://fd3-photos.leclercdrive.fr/image.ashx?id=2792681&use=l&cat=p&typeid=i","cat":284606},{"id":79360,"n":"Noisettes Bio Les Fada 150g","p":3.82,"u":"25,47 €/KG","img":"https://fd3-photos.leclercdrive.fr/image.ashx?id=2864360&use=l&cat=p&typeid=i","cat":284357},{"id":79391,"n":"Salade de lentilles BIO Pierre Martinet - 200g","p":1.58,"u":"7,90 €/KG","img":"https://fd3-photos.leclercdrive.fr/image.ashx?id=2432232&use=l&cat=p&typeid=i","cat":333657},{"id":79402,"n":"Chorizo espagnol fort x30 - 150g","p":2.19,"u":"14,60 €/KG","img":"https://fd3-photos.leclercdrive.fr/image.ashx?id=1873728&use=l&cat=p&typeid=i","cat":316007},{"id":79406,"n":"P'tit max Délisse Framboise - 6x180g","p":2.03,"u":"1,88 €/KG","img":"https://fd3-photos.leclercdrive.fr/image.ashx?id=2757936&use=l&cat=p&typeid=i","cat":284415},{"id":79519,"n":"Soupe mouliné Knorr Légumes variés - 1L","p":1.77,"u":"1,77 €/L","img":"https://fd3-photos.leclercdrive.fr/image.ashx?id=2408276&use=l&cat=p&typeid=i","cat":284462},{"id":79527,"n":"Sauce Pizza Zapetti tomates et  origan - 2x190g","p":2.04,"u":"5,37 €/KG","img":"https://fd3-photos.leclercdrive.fr/image.ashx?id=2579984&use=l&cat=p&typeid=i","cat":288384},{"id":79528,"n":"Nouilles Tables du Monde Asiatiques Boeuf cup - 61.5g","p":0.74,"u":"11,94 €/KG","img":"https://fd3-photos.leclercdrive.fr/image.ashx?id=1297258&use=l&cat=p&typeid=i","cat":288992},{"id":79529,"n":"Nouille Tables du Monde Asiatique Poulet cup - 61.5g","p":0.74,"u":"11,94 €/KG","img":"https://fd3-photos.leclercdrive.fr/image.ashx?id=1297261&use=l&cat=p&typeid=i","cat":288992},{"id":79532,"n":"Nouilles Table du Monde Asiatiques Curry cup - 61.5g","p":0.79,"u":"12,74 €/KG","img":"https://fd3-photos.leclercdrive.fr/image.ashx?id=2920205&use=l&cat=p&typeid=i","cat":288992},{"id":79534,"n":"Nouilles Tables du Monde Asiatiques crevette cup - 61.5g","p":0.74,"u":"11,94 €/KG","img":"https://fd3-photos.leclercdrive.fr/image.ashx?id=2920208&use=l&cat=p&typeid=i","cat":288992},{"id":79545,"n":"Pâtes Collezione Barilla Tortellini jambon fromage -250g","p":2.84,"u":"11,36 €/KG","img":"https://fd3-photos.leclercdrive.fr/image.ashx?id=2588624&use=l&cat=p&typeid=i","cat":284427},{"id":79551,"n":"Pâtes Collezione Barilla Trofie - 500g","p":1.47,"u":"2,94 €/KG","img":"https://fd3-photos.leclercdrive.fr/image.ashx?id=2651714&use=l&cat=p&typeid=i","cat":284427},{"id":79552,"n":"Pâtes Barilla Spaghettoni n°7 - 1kg","p":1.9,"u":"1,90 €/KG","img":"https://fd3-photos.leclercdrive.fr/image.ashx?id=2392233&use=l&cat=p&typeid=i","cat":284427},{"id":79556,"n":"Couscous parfumé Tipiak Epice - 510g","p":2.0,"u":"3,92 €/KG","img":"https://fd3-photos.leclercdrive.fr/image.ashx?id=2882866&use=l&cat=p&typeid=i","cat":284429},{"id":79560,"n":"Madeleines moelleuses Saint Michel x10 - 250g","p":1.72,"u":"6,88 €/KG","img":"https://fd3-photos.leclercdrive.fr/image.ashx?id=2936155&use=l&cat=p&typeid=i","cat":284492},{"id":79624,"n":"Barre de céréales Nature Valley Crunchy avoine chocolat x5-210g","p":2.31,"u":"11,00 €/KG","img":"https://fd3-photos.leclercdrive.fr/image.ashx?id=2844475&use=l&cat=p&typeid=i","cat":285869},{"id":79625,"n":"Barre de céréales Nature Valley  Sweet & Salty chocolat x5-150g","p":3.1,"u":"20,67 €/KG","img":"https://fd3-photos.leclercdrive.fr/image.ashx?id=2737714&use=l&cat=p&typeid=i","cat":285869},{"id":79668,"n":"Bouillon cubes Knorr Légumes réduit en sel x12- 109g","p":1.63,"u":"14,95 €/KG","img":"https://fd3-photos.leclercdrive.fr/image.ashx?id=2793068&use=l&cat=p&typeid=i","cat":288379},{"id":79670,"n":"Eau de toilette Vanderbilt  Gloria - 30ml","p":14.29,"pp":10.0,"u":"333,33 €/L","img":"https://fd3-photos.leclercdrive.fr/image.ashx?id=2848908&use=l&cat=p&typeid=i","cat":291525},{"id":79743,"n":"Liquide vaisselle Rainett Aloé véra - 500ml","p":1.71,"u":"3,42 €/L","img":"https://fd3-photos.leclercdrive.fr/image.ashx?id=2297126&use=l&cat=p&typeid=i","cat":284655},{"id":79797,"n":"Fond de Teint L'Oréal Paris Accord Parfait 3.R Beige Rosé","p":14.78,"img":"https://fd3-photos.leclercdrive.fr/image.ashx?id=2900971&use=l&cat=p&typeid=i","cat":287029},{"id":79832,"n":"Gourde bébé Good Goût Bio 4mois Prune - 120g","p":1.62,"u":"13,50 €/KG","img":"https://fd3-photos.leclercdrive.fr/image.ashx?id=2381270&use=l&cat=p&typeid=i","cat":312393},{"id":79833,"n":"Gourde bébé Good Goût Bio 6mois Purée de Pomme/Coing - 120g","p":1.58,"u":"13,17 €/KG","img":"https://fd3-photos.leclercdrive.fr/image.ashx?id=2736181&use=l&cat=p&typeid=i","cat":312393},{"id":79843,"n":"Dosettes Lobodis Bio Bolivie - x18 - 125g","p":3.24,"u":"25,92 €/KG","img":"https://fd3-photos.leclercdrive.fr/image.ashx?id=2598891&use=l&cat=p&typeid=i","cat":293238},{"id":79872,"n":"Magret de canard fumé Feyel Pré-tranché 100g","p":4.93,"u":"49,30 €/KG","img":"https://fd3-photos.leclercdrive.fr/image.ashx?id=2646095&use=l&cat=p&typeid=i","cat":284339},{"id":79875,"n":"Fond de teint Maybelline  Dream Radiant Eclat 30 Sable","p":8.65,"img":"https://fd3-photos.leclercdrive.fr/image.ashx?id=2248561&use=l&cat=p&typeid=i","cat":287029},{"id":79876,"n":"Eyeliner feutre Maybelline Tracé Fin Ultra-précis 700 Noir","p":8.87,"img":"https://fd3-photos.leclercdrive.fr/image.ashx?id=2601118&use=l&cat=p&typeid=i","cat":287029},{"id":79903,"n":"Rouge à lèvres Maybelline Superstay - Matte ink 15 lover","p":9.44,"img":"https://fd3-photos.leclercdrive.fr/image.ashx?id=2925451&use=l&cat=p&typeid=i","cat":287029},{"id":79904,"n":"Mascara waterproof Maybelline  Volum'Express noir","p":6.21,"img":"https://fd3-photos.leclercdrive.fr/image.ashx?id=2470285&use=l&cat=p&typeid=i","cat":287029},{"id":79909,"n":"Mascara Maybelline  Cils Sensational Intense Noir","p":8.05,"img":"https://fd3-photos.leclercdrive.fr/image.ashx?id=2278154&use=l&cat=p&typeid=i","cat":287029},{"id":79936,"n":"Jambon Tranché Fin Fleury Michon -25% de sel x4 - 120g","p":2.28,"u":"19,00 €/KG","img":"https://fd3-photos.leclercdrive.fr/image.ashx?id=2889295&use=l&cat=p&typeid=i","cat":316009},{"id":79937,"n":"Dés de jambon Fleury Michon -25% de sel - 2x75g","p":2.16,"u":"14,40 €/KG","img":"https://fd3-photos.leclercdrive.fr/image.ashx?id=2645492&use=l&cat=p&typeid=i","cat":316011},{"id":79940,"n":"Bière blonde Grimbergen 6,7° - 50cl canette","p":2.05,"u":"4,10 €/L","img":"https://fd3-photos.leclercdrive.fr/image.ashx?id=2605458&use=l&cat=p&typeid=i","cat":334853},{"id":79960,"n":"Joker Le Fruit Jus de pomme - 1L","p":2.06,"u":"2,06 €/L","img":"https://fd3-photos.leclercdrive.fr/image.ashx?id=2846601&use=l&cat=p&typeid=i","cat":284522},{"id":79961,"n":"Nectar Bio Pressade Multifruits - 1L","p":2.06,"u":"2,06 €/L","img":"https://fd3-photos.leclercdrive.fr/image.ashx?id=2732530&use=l&cat=p&typeid=i","cat":284917},{"id":79966,"n":"Joker Pur Jus Engagé Orange sans pulpe - 1,5L","p":3.95,"u":"2,63 €/L","img":"https://fd3-photos.leclercdrive.fr/image.ashx?id=3001290&use=l&cat=p&typeid=i","cat":284521},{"id":79971,"n":"Boisson Citronnade Pulco Citron - 1L","p":2.2,"u":"2,20 €/L","img":"https://fd3-photos.leclercdrive.fr/image.ashx?id=2942263&use=l&cat=p&typeid=i","cat":295018},{"id":79972,"n":"Soda rouge Orangina Orange Sanguine - 1,5L","p":1.93,"u":"1,29 €/L","img":"https://fd3-photos.leclercdrive.fr/image.ashx?id=2539833&use=l&cat=p&typeid=i","cat":284532},{"id":80008,"n":"Chocolat noir Bio Ethiquable  Gingembre confit - 100g","p":3.35,"u":"33,50 €/KG","img":"https://fd3-photos.leclercdrive.fr/image.ashx?id=2870911&use=l&cat=p&typeid=i","cat":284956},{"id":80009,"n":"Chocolat noir bio Ethiquable Equateur/Nicaragua 98% - 100g","p":2.8,"u":"28,00 €/KG","img":"https://fd3-photos.leclercdrive.fr/image.ashx?id=2870899&use=l&cat=p&typeid=i","cat":284956},{"id":80100,"n":"Graine de courge bio Happy Bio 250g","p":5.4,"u":"21,60 €/KG","img":"https://fd3-photos.leclercdrive.fr/image.ashx?id=2970993&use=l&cat=p&typeid=i","cat":323809},{"id":80102,"n":"Lentille corail bio Happy Bio 500g","p":2.48,"u":"4,96 €/KG","img":"https://fd3-photos.leclercdrive.fr/image.ashx?id=2685012&use=l&cat=p&typeid=i","cat":284430},{"id":80114,"n":"Lait bébé Les récoltes bio croissance Blédina 10 mois 6x1l","p":14.4,"u":"2,40 €/L","img":"https://fd3-photos.leclercdrive.fr/image.ashx?id=2605440&use=l&cat=p&typeid=i","cat":284728},{"id":80128,"n":"Rosette de Lyon Saint-Azay 12 tranches - 100g","p":1.44,"u":"14,40 €/KG","img":"https://fd3-photos.leclercdrive.fr/image.ashx?id=2728264&use=l&cat=p&typeid=i","cat":316007},{"id":80130,"n":"Alèses absorbantes DryNites 78x88cm - x12","p":12.86,"u":"1,07 €/P","img":"https://fd3-photos.leclercdrive.fr/image.ashx?id=2883717&use=l&cat=p&typeid=i","cat":290633},{"id":80186,"n":"Rhum tradition Rivière du Mat Blanc - 40%vol - 70cl","p":11.4,"u":"16,29 €/L","img":"https://fd3-photos.leclercdrive.fr/image.ashx?id=2616117&use=l&cat=p&typeid=i","cat":284550},{"id":80204,"n":"Noix de cajou Vico 170g","p":5.8,"u":"34,12 €/KG","img":"https://fd3-photos.leclercdrive.fr/image.ashx?id=2601091&use=l&cat=p&typeid=i","cat":284448},{"id":80221,"n":"Pistaches Vico 150g","p":4.51,"u":"30,07 €/KG","img":"https://fd3-photos.leclercdrive.fr/image.ashx?id=2446833&use=l&cat=p&typeid=i","cat":284448},{"id":80229,"n":"Graines de lin brun Bio Village Bio - 200g","p":1.99,"u":"9,95 €/KG","img":"https://fd3-photos.leclercdrive.fr/image.ashx?id=2699577&use=l&cat=p&typeid=i","cat":284357},{"id":80230,"n":"Graines de sésame Bio Village Bio - 200g","p":1.99,"u":"9,95 €/KG","img":"https://fd3-photos.leclercdrive.fr/image.ashx?id=2699586&use=l&cat=p&typeid=i","cat":284357},{"id":80232,"n":"Graines Bio Village Bio - tournesol - 200g","p":1.59,"u":"7,95 €/KG","img":"https://fd3-photos.leclercdrive.fr/image.ashx?id=2699580&use=l&cat=p&typeid=i","cat":284357},{"id":80302,"n":"Eau minérale naturelle Volvic 6x1,5L","p":3.04,"u":"0,34 €/L","img":"https://fd3-photos.leclercdrive.fr/image.ashx?id=2730244&use=l&cat=p&typeid=i","cat":284535},{"id":80305,"n":"Boisson aux fruits Oasis Tropical - 12x33cl","p":7.02,"u":"1,77 €/L","img":"https://fd3-photos.leclercdrive.fr/image.ashx?id=2880706&use=l&cat=p&typeid=i","cat":295018},{"id":80306,"n":"Soda Schweppes Saveur Agrumes -12x33cl","p":6.88,"u":"1,74 €/L","img":"https://fd3-photos.leclercdrive.fr/image.ashx?id=2852426&use=l&cat=p&typeid=i","cat":284532},{"id":80308,"n":"Soda Pepsi Cola zéro - 5x1.5L + 1 offerte","p":6.4,"u":"0,71 €/L","img":"https://fd3-photos.leclercdrive.fr/image.ashx?id=2983327&use=l&cat=p&typeid=i","cat":284530},{"id":80380,"n":"Tablette De Chocolat Poulain Noir Extra - 200g","p":2.1,"u":"10,50 €/KG","img":"https://fd3-photos.leclercdrive.fr/image.ashx?id=2890262&use=l&cat=p&typeid=i","cat":284956},{"id":80382,"n":"Tablette De Chocolat Poulain Noir Extra - 2x100g","p":2.68,"u":"13,40 €/KG","img":"https://fd3-photos.leclercdrive.fr/image.ashx?id=2867566&use=l&cat=p&typeid=i","cat":284956},{"id":80383,"n":"Tablette KINDER Chocolat Chocolat au Lait x12 - 150g","p":2.84,"u":"18,93 €/KG","img":"https://fd3-photos.leclercdrive.fr/image.ashx?id=1904474&use=l&cat=p&typeid=i","cat":284498},{"id":80385,"n":"Barres Chocolatées KINDER BUENO  Chocolat au Lait x5 - 215g","p":3.89,"u":"18,09 €/KG","img":"https://fd3-photos.leclercdrive.fr/image.ashx?id=2679621&use=l&cat=p&typeid=i","cat":284498},{"id":80386,"n":"Barres KINDER BUENO White  Chocolat Blanc x6 - 234g","p":4.2,"u":"17,95 €/KG","img":"https://fd3-photos.leclercdrive.fr/image.ashx?id=2679639&use=l&cat=p&typeid=i","cat":284498},{"id":80398,"n":"Eau Micellaire visage Nivea Peaux sensibles - 400ml","p":3.17,"u":"7,93 €/L","img":"https://fd3-photos.leclercdrive.fr/image.ashx?id=2800965&use=l&cat=p&typeid=i","cat":284603},{"id":80630,"n":"Purée de tomates Bio Village Bio  - 72cl","p":1.54,"u":"2,14 €/L","img":"https://fd3-photos.leclercdrive.fr/image.ashx?id=2077475&use=l&cat=p&typeid=i","cat":288384},{"id":80838,"n":"Compote Cool Fruits bio Vitabio Pomme Fraise Myrtille - 12x90g","p":9.57,"u":"8,86 €/KG","img":"https://fd3-photos.leclercdrive.fr/image.ashx?id=2682267&use=l&cat=p&typeid=i","cat":284508},{"id":80840,"n":"Bouillon Cube Maggi Pot au feu - Dégraissé - 120g","p":1.54,"u":"12,83 €/KG","img":"https://fd3-photos.leclercdrive.fr/image.ashx?id=2212327&use=l&cat=p&typeid=i","cat":288379},{"id":80841,"n":"Bouillon Cube Maggi Volaille - Degraissé - 120g","p":1.51,"u":"12,58 €/KG","img":"https://fd3-photos.leclercdrive.fr/image.ashx?id=2737087&use=l&cat=p&typeid=i","cat":288379},{"id":80842,"n":"Bouillon Cube Maggi Dégraissé - 120g","p":1.69,"u":"14,08 €/KG","img":"https://fd3-photos.leclercdrive.fr/image.ashx?id=2737090&use=l&cat=p&typeid=i","cat":288379},{"id":80853,"n":"Fonds d'artichauts Géant Vert - 210g","p":3.97,"u":"18,90 €/KG","img":"https://fd3-photos.leclercdrive.fr/image.ashx?id=2840563&use=l&cat=p&typeid=i","cat":312611},{"id":80939,"n":"Préparation orange  Lucien Georgelin - 320g","p":2.23,"u":"6,97 €/KG","img":"https://fd3-photos.leclercdrive.fr/image.ashx?id=2445202&use=l&cat=p&typeid=i","cat":284480},{"id":81009,"n":"Lardons Le Gaulois Volailles fumés - 2x75g","p":2.08,"u":"13,87 €/KG","img":"https://fd3-photos.leclercdrive.fr/image.ashx?id=2947913&use=l&cat=p&typeid=i","cat":316011},{"id":81014,"n":"Lardons de canard Le Gaulois Sous atmosphère - 2x75g","p":2.1,"u":"14,00 €/KG","img":"https://fd3-photos.leclercdrive.fr/image.ashx?id=2732743&use=l&cat=p&typeid=i","cat":316011},{"id":81193,"n":"Compotes Douceur du Verger Pomme Châtaigne - 4x100g","p":1.46,"u":"3,65 €/KG","img":"https://fd3-photos.leclercdrive.fr/image.ashx?id=2389560&use=l&cat=p&typeid=i","cat":284416},{"id":81196,"n":"Flan aromatisé vanille Flanby nappé de caramel - 6x100g","p":1.47,"u":"2,45 €/KG","img":"https://fd3-photos.leclercdrive.fr/image.ashx?id=2483786&use=l&cat=p&typeid=i","cat":284420},{"id":81199,"n":"Yaourt La Laitière  Vanille - 8x125g","p":3.53,"u":"3,53 €/KG","img":"https://fd3-photos.leclercdrive.fr/image.ashx?id=2613981&use=l&cat=p&typeid=i","cat":286006},{"id":81215,"n":"Compote Cool Fruits bio Vitabio Pomme Mangue Ananas -12x90g","p":6.67,"u":"6,18 €/KG","img":"https://fd3-photos.leclercdrive.fr/image.ashx?id=2621399&use=l&cat=p&typeid=i","cat":284508},{"id":81217,"n":"Compote Cool Fruits bio Vitabio Pomme Pêche Abricot -12x90g","p":8.87,"u":"8,21 €/KG","img":"https://fd3-photos.leclercdrive.fr/image.ashx?id=2621423&use=l&cat=p&typeid=i","cat":284508},{"id":81222,"n":"Pizza La pizz Sodebo Chorizo - 470g","p":3.44,"u":"7,32 €/KG","img":"https://fd3-photos.leclercdrive.fr/image.ashx?id=2868389&use=l&cat=p&typeid=i","cat":333679},{"id":81234,"n":"Les carrés Good Goût Dès 8 mois - banane bio - 50g","p":2.78,"u":"55,60 €/KG","img":"https://fd3-photos.leclercdrive.fr/image.ashx?id=2640052&use=l&cat=p&typeid=i","cat":312227},{"id":81236,"n":"Fromage à tartiner Boursin Ail et fines herbes 10 portions","p":2.66,"u":"16,63 €/KG","img":"https://fd3-photos.leclercdrive.fr/image.ashx?id=2964682&use=l&cat=p&typeid=i","cat":314029},{"id":81243,"n":"Bière blonde Heineken Sans alcool - 12x25cl","p":8.17,"u":"2,72 €/L","img":"https://fd3-photos.leclercdrive.fr/image.ashx?id=2795944&use=l&cat=p&typeid=i","cat":334877},{"id":81246,"n":"Bière blonde Pelforth 12x25cl","p":7.23,"u":"2,41 €/L","img":"https://fd3-photos.leclercdrive.fr/image.ashx?id=2645146&use=l&cat=p&typeid=i","cat":334873},{"id":81250,"n":"Bière blonde Grimbergen 6,7° - 20x25cl","p":13.88,"u":"2,78 €/L","img":"https://fd3-photos.leclercdrive.fr/image.ashx?id=2294791&use=l&cat=p&typeid=i","cat":334852},{"id":81254,"n":"Bière blonde Grimbergen 6,7° - 12x25cl","p":9.05,"u":"3,02 €/L","img":"https://fd3-photos.leclercdrive.fr/image.ashx?id=2872865&use=l&cat=p&typeid=i","cat":334852},{"id":81268,"n":"Bière blonde Grimbergen 6,7° - 6x25cl","p":4.93,"u":"3,29 €/L","img":"https://fd3-photos.leclercdrive.fr/image.ashx?id=2294381&use=l&cat=p&typeid=i","cat":334852},{"id":81277,"n":"Vin mousseux demi-sec blanc  Produit en Allemagne - 75cl","p":1.59,"u":"2,12 €/L","img":"https://fd3-photos.leclercdrive.fr/image.ashx?id=2720130&use=l&cat=p&typeid=i","cat":284544},{"id":81278,"n":"Vinaigre IGP Toscoro Balsamique de Modène - 50cl","p":2.57,"u":"5,14 €/L","img":"https://fd3-photos.leclercdrive.fr/image.ashx?id=2758150&use=l&cat=p&typeid=i","cat":289010},{"id":81280,"n":"Fromage La Vache qui rit Toastinette nature 10 tranches","p":1.63,"u":"8,15 €/KG","img":"https://fd3-photos.leclercdrive.fr/image.ashx?id=2342776&use=l&cat=p&typeid=i","cat":314028},{"id":81281,"n":"Fromage La Vache qui rit Toastinette cheddar 10 tranches","p":1.63,"u":"8,15 €/KG","img":"https://fd3-photos.leclercdrive.fr/image.ashx?id=2342773&use=l&cat=p&typeid=i","cat":314028},{"id":81285,"n":"Céréales bébé soir Blédiner 8m Légumes en poudre - 240g","p":2.17,"u":"9,04 €/KG","img":"https://fd3-photos.leclercdrive.fr/image.ashx?id=2192763&use=l&cat=p&typeid=i","cat":312239},{"id":81291,"n":"Bière sans alcool Tourtel Twist Citron Vert Menthe 0,0° -6x27cl","p":5.64,"u":"3,42 €/L","img":"https://fd3-photos.leclercdrive.fr/image.ashx?id=2896567&use=l&cat=p&typeid=i","cat":334877},{"id":81304,"n":"Marron sous vide 420g","p":7.19,"u":"17,12 €/KG","img":"https://fd3-photos.leclercdrive.fr/image.ashx?id=1575035&use=l&cat=p&typeid=i","cat":312612},{"id":81316,"n":"Tablette KINDER Chocolat Chocolat au Lait x24 - 300g","p":4.14,"u":"13,80 €/KG","img":"https://fd3-photos.leclercdrive.fr/image.ashx?id=2868167&use=l&cat=p&typeid=i","cat":284498},{"id":81318,"n":"Bonbons KINDER Schoko-Bons Chocolat au lait - 500G","p":7.77,"u":"15,54 €/KG","img":"https://fd3-photos.leclercdrive.fr/image.ashx?id=2402925&use=l&cat=p&typeid=i","cat":304238},{"id":81322,"n":"Huile de Tournesol Eco+ 3L","p":4.89,"u":"1,63 €/L","img":"https://fd3-photos.leclercdrive.fr/image.ashx?id=3002506&use=l&cat=p&typeid=i","cat":284453},{"id":81323,"n":"Huile d'olive Bio Carapelli Extra-vierge - 75cl","p":13.09,"u":"17,45 €/L","img":"https://fd3-photos.leclercdrive.fr/image.ashx?id=2737447&use=l&cat=p&typeid=i","cat":284453},{"id":81352,"n":"Dosettes Bio Village Bio Amérique latine  x36 - 252g","p":4.49,"u":"17,82 €/KG","img":"https://fd3-photos.leclercdrive.fr/image.ashx?id=2181837&use=l&cat=p&typeid=i","cat":293238},{"id":81354,"n":"Confiture Eco+ Abricot - 1kg","p":2.17,"u":"2,17 €/KG","img":"https://fd3-photos.leclercdrive.fr/image.ashx?id=2953194&use=l&cat=p&typeid=i","cat":284480},{"id":81371,"n":"Tartine de pain Pasquier Au blé complet - 240g","p":1.49,"u":"6,21 €/KG","img":"https://fd3-photos.leclercdrive.fr/image.ashx?id=2927339&use=l&cat=p&typeid=i","cat":284479},{"id":81374,"n":"Vodka Zubrowka Biala 37.5%vol - 1L","p":14.95,"pp":13.45,"u":"13,45 €/L","img":"https://fd3-photos.leclercdrive.fr/image.ashx?id=2955510&use=l&cat=p&typeid=i","cat":284550},{"id":81378,"n":"Bière Arômatisée Desquiles Rhum - 5.9%vol - 50cl","p":1.7,"u":"3,40 €/L","img":"https://fd3-photos.leclercdrive.fr/image.ashx?id=2865074&use=l&cat=p&typeid=i","cat":334853},{"id":81434,"n":"Tablette de chocolat Côte d'Or Chocolat Noir/Amandes - 4x180g","p":12.92,"u":"17,94 €/KG","img":"https://fd3-photos.leclercdrive.fr/image.ashx?id=2938028&use=l&cat=p&typeid=i","cat":284956},{"id":81437,"n":"Tortillas de Blé Old El Paso 326g","p":2.33,"u":"7,15 €/KG","img":"https://fd3-photos.leclercdrive.fr/image.ashx?id=2175611&use=l&cat=p&typeid=i","cat":288993},{"id":81450,"n":"Bière Blonde Duvel 6x33cl","p":9.56,"u":"4,83 €/L","img":"https://fd3-photos.leclercdrive.fr/image.ashx?id=2314587&use=l&cat=p&typeid=i","cat":334872},{"id":81462,"n":"Fromage Apéritif Apérivrais  Ail et Fines Herbes - 100g","p":2.08,"u":"20,80 €/KG","img":"https://fd3-photos.leclercdrive.fr/image.ashx?id=2854612&use=l&cat=p&typeid=i","cat":314027},{"id":81547,"n":"Capsules Nescafé Dolce Gusto  Cappuccino - x8 - 186g","p":4.52,"u":"24,30 €/KG","img":"https://fd3-photos.leclercdrive.fr/image.ashx?id=2838809&use=l&cat=p&typeid=i","cat":293239},{"id":81554,"n":"Riz au lait Bonne Maman Vanille Naturelle - 4x100g","p":2.56,"u":"6,40 €/KG","img":"https://fd3-photos.leclercdrive.fr/image.ashx?id=2619130&use=l&cat=p&typeid=i","cat":284418},{"id":81558,"n":"Pain de mie 100% Mie Harrys Nature petites tranches - 500g","p":1.71,"u":"3,42 €/KG","img":"https://fd3-photos.leclercdrive.fr/image.ashx?id=2517453&use=l&cat=p&typeid=i","cat":284477},{"id":81559,"n":"Yaourt Enfant Petits Filous Fruits Mixés Panaché - 12x50g","p":2.48,"u":"4,13 €/KG","img":"https://fd3-photos.leclercdrive.fr/image.ashx?id=2767359&use=l&cat=p&typeid=i","cat":284414},{"id":81563,"n":"AOP Champagne Canard Duchêne Demi Sec - 75cl","p":24.65,"u":"32,87 €/L","img":"https://fd3-photos.leclercdrive.fr/image.ashx?id=2757259&use=l&cat=p&typeid=i","cat":284542},{"id":81564,"n":"AOP Champagne Canard-Duchêne Brut - 75cl","p":22.95,"u":"30,60 €/L","img":"https://fd3-photos.leclercdrive.fr/image.ashx?id=2756909&use=l&cat=p&typeid=i","cat":284542},{"id":81566,"n":"Fromage Raclette Burger Les Croisés 8 Tranches - 150g","p":1.23,"u":"8,20 €/KG","img":"https://fd3-photos.leclercdrive.fr/image.ashx?id=2959731&use=l&cat=p&typeid=i","cat":314028},{"id":81567,"n":"Biscuits Good Goût - 8 mois Bio - Mangue - 50g","p":2.81,"u":"56,20 €/KG","img":"https://fd3-photos.leclercdrive.fr/image.ashx?id=2762256&use=l&cat=p&typeid=i","cat":312227},{"id":81678,"n":"Pané de dinde Le Gaulois 200g","p":2.82,"u":"14,10 €/KG","img":"https://fd3-photos.leclercdrive.fr/image.ashx?id=2261648&use=l&cat=p&typeid=i","cat":333683},{"id":81700,"n":"Compote bébé bio BabyBio Pomme châtaigne - 6 mois - 260g","p":2.16,"u":"8,31 €/KG","img":"https://fd3-photos.leclercdrive.fr/image.ashx?id=2838338&use=l&cat=p&typeid=i","cat":312388},{"id":81701,"n":"Repas bébé bio BabyBio 12 mois Patate douce Pintade - 230g","p":2.15,"u":"9,35 €/KG","img":"https://fd3-photos.leclercdrive.fr/image.ashx?id=2827410&use=l&cat=p&typeid=i","cat":312237},{"id":81702,"n":"Gourde bébé Babybio - 6 mois Bio Pomme / Framboise - 360g","p":3.33,"u":"9,25 €/KG","img":"https://fd3-photos.leclercdrive.fr/image.ashx?id=2827542&use=l&cat=p&typeid=i","cat":312393},{"id":81703,"n":"Gourde bébé Babybio - 6 mois Bio Orange / Banane - 360g","p":3.59,"u":"9,97 €/KG","img":"https://fd3-photos.leclercdrive.fr/image.ashx?id=2832017&use=l&cat=p&typeid=i","cat":312393},{"id":81735,"n":"Bière Blonde Delirium Tremens 33cl","p":2.6,"u":"7,88 €/L","img":"https://fd3-photos.leclercdrive.fr/image.ashx?id=2363111&use=l&cat=p&typeid=i","cat":334872},{"id":81779,"n":"Thé noir Bio Ethiquable  Tchaï aux épices x20 - 36g","p":2.4,"u":"66,67 €/KG","img":"https://fd3-photos.leclercdrive.fr/image.ashx?id=2870833&use=l&cat=p&typeid=i","cat":293233},{"id":81781,"n":"Thé noir Bio Ethiquable  Earl grey Darjeeling x20 - 36g","p":2.58,"u":"71,67 €/KG","img":"https://fd3-photos.leclercdrive.fr/image.ashx?id=2870836&use=l&cat=p&typeid=i","cat":293233},{"id":81861,"n":"Pain de mie 100% Mie Harrys Nature grandes tranches - 500g","p":1.78,"u":"3,56 €/KG","img":"https://fd3-photos.leclercdrive.fr/image.ashx?id=2517456&use=l&cat=p&typeid=i","cat":284477},{"id":81909,"n":"Café moulu Grand Mère Familial - 250g","p":3.46,"u":"13,84 €/KG","img":"https://fd3-photos.leclercdrive.fr/image.ashx?id=1755046&use=l&cat=p&typeid=i","cat":284750},{"id":81968,"n":"Sauce Burger Halal Samia 350ml","p":2.07,"u":"5,91 €/L","img":"https://fd3-photos.leclercdrive.fr/image.ashx?id=2576958&use=l&cat=p&typeid=i","cat":289013},{"id":81969,"n":"Sauce Blanche Halal Samia 350ml","p":1.93,"u":"5,51 €/L","img":"https://fd3-photos.leclercdrive.fr/image.ashx?id=2579634&use=l&cat=p&typeid=i","cat":289013},{"id":82004,"n":"Mozzarella mini Galbani 150g","p":2.45,"u":"16,33 €/KG","img":"https://fd3-photos.leclercdrive.fr/image.ashx?id=2766586&use=l&cat=p&typeid=i","cat":314026},{"id":82008,"n":"Emmental râpé fondant Président 3x70g","p":2.66,"u":"12,67 €/KG","img":"https://fd3-photos.leclercdrive.fr/image.ashx?id=2462741&use=l&cat=p&typeid=i","cat":314035},{"id":82009,"n":"Mozzarella râpée cucina Galbani 150g","p":2.81,"u":"18,73 €/KG","img":"https://fd3-photos.leclercdrive.fr/image.ashx?id=2787887&use=l&cat=p&typeid=i","cat":314035},{"id":82011,"n":"Pecorino Romano râpé Galbani 60g","p":2.0,"u":"33,33 €/KG","img":"https://fd3-photos.leclercdrive.fr/image.ashx?id=2171225&use=l&cat=p&typeid=i","cat":314035},{"id":82050,"n":"Cordons bleu de dinde halal 200g","p":2.93,"u":"14,65 €/KG","img":"https://fd3-photos.leclercdrive.fr/image.ashx?id=2733190&use=l&cat=p&typeid=i","cat":333683},{"id":82099,"n":"Steak haché Eco+ x10 - 1kg","p":8.74,"u":"8,74 €/KG","img":"https://fd3-photos.leclercdrive.fr/image.ashx?id=2966532&use=l&cat=p&typeid=i","cat":319778},{"id":82102,"n":"Lanières Trio de poivrons Bio Bio village - 600g","p":2.99,"u":"4,98 €/KG","img":"https://fd3-photos.leclercdrive.fr/image.ashx?id=2898092&use=l&cat=p&typeid=i","cat":319805},{"id":82145,"n":"Bière blonde La G de Goudale 7.9%vol - 75cl","p":3.99,"u":"5,32 €/L","img":"https://fd3-photos.leclercdrive.fr/image.ashx?id=2861566&use=l&cat=p&typeid=i","cat":334872},{"id":82148,"n":"Lardons fumés Supérieur Eco+ 2x100g","p":1.28,"u":"6,40 €/KG","img":"https://fd3-photos.leclercdrive.fr/image.ashx?id=2998895&use=l&cat=p&typeid=i","cat":316011},{"id":82149,"n":"lardons supérieurs ECO+ Nature - 2x100g","p":1.28,"u":"6,40 €/KG","img":"https://fd3-photos.leclercdrive.fr/image.ashx?id=2968655&use=l&cat=p&typeid=i","cat":316011},{"id":82152,"n":"Compote Andros Abricot Morceaux - 4x100g","p":2.5,"u":"6,25 €/KG","img":"https://fd3-photos.leclercdrive.fr/image.ashx?id=2853566&use=l&cat=p&typeid=i","cat":284416},{"id":82157,"n":"Dessert fruitier pêche Andros En morceaux - 4x100g","p":2.1,"u":"5,25 €/KG","img":"https://fd3-photos.leclercdrive.fr/image.ashx?id=2845470&use=l&cat=p&typeid=i","cat":284416},{"id":82159,"n":"Compotes Andros Pomme/chataigne - 4x100g","p":1.7,"u":"4,25 €/KG","img":"https://fd3-photos.leclercdrive.fr/image.ashx?id=2937361&use=l&cat=p&typeid=i","cat":284416},{"id":82160,"n":"Compote Andros Pomme abricot - 4x100g","p":1.4,"u":"3,50 €/KG","img":"https://fd3-photos.leclercdrive.fr/image.ashx?id=2961074&use=l&cat=p&typeid=i","cat":284416},{"id":82166,"n":"Compotes Andros Pomme Fraise - 4x100g","p":1.5,"u":"3,75 €/KG","img":"https://fd3-photos.leclercdrive.fr/image.ashx?id=2915572&use=l&cat=p&typeid=i","cat":284416},{"id":82167,"n":"Compotes Andros Pomme Banane - 4x100g","p":1.68,"u":"4,20 €/KG","img":"https://fd3-photos.leclercdrive.fr/image.ashx?id=2883997&use=l&cat=p&typeid=i","cat":284416},{"id":82168,"n":"Compotes Andros Pomme Poire - 4x100g","p":1.4,"u":"3,50 €/KG","img":"https://fd3-photos.leclercdrive.fr/image.ashx?id=2883994&use=l&cat=p&typeid=i","cat":284416},{"id":82172,"n":"Mini cônes Extrême  Vanille Caramel x8 - 312g","p":4.08,"u":"13,08 €/KG","img":"https://fd3-photos.leclercdrive.fr/image.ashx?id=2737033&use=l&cat=p&typeid=i","cat":284264},{"id":82174,"n":"Extrême  Citron Framboise - 6x71g","p":3.22,"u":"7,56 €/KG","img":"https://fd3-photos.leclercdrive.fr/image.ashx?id=2866076&use=l&cat=p&typeid=i","cat":284264},{"id":82179,"n":"Bière blonde 3 Monts 75cl","p":2.32,"u":"3,09 €/L","img":"https://fd3-photos.leclercdrive.fr/image.ashx?id=2550553&use=l&cat=p&typeid=i","cat":334852},{"id":82181,"n":"Bière Mort Subite Kriek A la cerise - 33cl","p":1.4,"u":"4,24 €/L","img":"https://fd3-photos.leclercdrive.fr/image.ashx?id=2796414&use=l&cat=p&typeid=i","cat":334872},{"id":82182,"n":"Miel de fleurs lune de miel Crémeux - 1kg","p":7.2,"u":"7,20 €/KG","img":"https://fd3-photos.leclercdrive.fr/image.ashx?id=2303831&use=l&cat=p&typeid=i","cat":287643},{"id":82184,"n":"Barres KINDER BUENO White  Chocolat Blanc x12 - 468g","p":8.35,"u":"17,84 €/KG","img":"https://fd3-photos.leclercdrive.fr/image.ashx?id=2679642&use=l&cat=p&typeid=i","cat":284498},{"id":82217,"n":"Gin Hendrick's 41.1%vol - 70cl","p":32.93,"u":"47,04 €/L","img":"https://fd3-photos.leclercdrive.fr/image.ashx?id=2225594&use=l&cat=p&typeid=i","cat":284550},{"id":82218,"n":"Emmental fromage rapé Les Croisés - 750g","p":5.98,"u":"7,97 €/KG","img":"https://fd3-photos.leclercdrive.fr/image.ashx?id=2900665&use=l&cat=p&typeid=i","cat":314035},{"id":82219,"n":"Lait écrémé Bio Matin Léger  Sans lactose - Lactel - 6x1L","p":13.8,"u":"2,30 €/L","img":"https://fd3-photos.leclercdrive.fr/image.ashx?id=2883555&use=l&cat=p&typeid=i","cat":284949},{"id":82234,"n":"Liniment Corine de Farme Bio - 500ml","p":4.28,"u":"8,56 €/L","img":"https://fd3-photos.leclercdrive.fr/image.ashx?id=2424449&use=l&cat=p&typeid=i","cat":284741},{"id":82235,"n":"Crème de douche Arbre vert A l'argan - Bien être - 250ml","p":2.78,"u":"11,12 €/L","img":"https://fd3-photos.leclercdrive.fr/image.ashx?id=2458634&use=l&cat=p&typeid=i","cat":284594},{"id":82245,"n":"Boisson aux fruits Fruit Shoot  Au jus de pomme - 4x20cl","p":2.05,"u":"2,56 €/L","img":"https://fd3-photos.leclercdrive.fr/image.ashx?id=2551641&use=l&cat=p&typeid=i","cat":295018},{"id":82247,"n":"Boisson aux fruits Fruit Shoot Au jus de fraise - 4x20cl","p":2.19,"u":"2,74 €/L","img":"https://fd3-photos.leclercdrive.fr/image.ashx?id=2915739&use=l&cat=p&typeid=i","cat":295018},{"id":82250,"n":"Thon au Naturel Petit Navire Démarche Responsable 140g","p":2.43,"u":"17,36 €/KG","img":"https://fd3-photos.leclercdrive.fr/image.ashx?id=2928360&use=l&cat=p&typeid=i","cat":303867},{"id":82251,"n":"Thon MSC Naturel Petit Navire Entier -  112g","p":2.87,"u":"25,63 €/KG","img":"https://fd3-photos.leclercdrive.fr/image.ashx?id=2928357&use=l&cat=p&typeid=i","cat":303867},{"id":82253,"n":"Biscuits Thé LU 350g","p":1.47,"u":"4,20 €/KG","img":"https://fd3-photos.leclercdrive.fr/image.ashx?id=2977738&use=l&cat=p&typeid=i","cat":284487},{"id":82262,"n":"Sardine sans arêtes Connetable A l'huile d'olive - 140g","p":2.41,"u":"17,21 €/KG","img":"https://fd3-photos.leclercdrive.fr/image.ashx?id=2677336&use=l&cat=p&typeid=i","cat":305146},{"id":82266,"n":"Filet de sardines Saupiquet A l'huile d'olive - 100g","p":1.53,"u":"15,30 €/KG","img":"https://fd3-photos.leclercdrive.fr/image.ashx?id=2845347&use=l&cat=p&typeid=i","cat":305146},{"id":82267,"n":"Céréales Quaker Cruesli Chocolat au lait - 900g","p":5.46,"u":"6,07 €/KG","img":"https://fd3-photos.leclercdrive.fr/image.ashx?id=2212150&use=l&cat=p&typeid=i","cat":309512},{"id":82268,"n":"Filet de Sardines Saupiquet Marinade Citron Basilic - 100g","p":1.47,"u":"14,70 €/KG","img":"https://fd3-photos.leclercdrive.fr/image.ashx?id=2845326&use=l&cat=p&typeid=i","cat":305146},{"id":82269,"n":"Moules Escabèche Saupiquet 110g","p":2.67,"u":"24,27 €/KG","img":"https://fd3-photos.leclercdrive.fr/image.ashx?id=2799386&use=l&cat=p&typeid=i","cat":305147},{"id":82272,"n":"Sardine Parmentier Tomates - 135g","p":1.47,"u":"10,89 €/KG","img":"https://fd3-photos.leclercdrive.fr/image.ashx?id=3014416&use=l&cat=p&typeid=i","cat":305146},{"id":82276,"n":"Sardines Huile PARMENTIER Tournesol 135g","p":1.47,"u":"10,89 €/KG","img":"https://fd3-photos.leclercdrive.fr/image.ashx?id=2989057&use=l&cat=p&typeid=i","cat":305146},{"id":82280,"n":"Sardines Parmentier Piment - 135g","p":1.64,"u":"12,15 €/KG","img":"https://fd3-photos.leclercdrive.fr/image.ashx?id=2988312&use=l&cat=p&typeid=i","cat":305146},{"id":82281,"n":"Boulettes de boeuf Eco+ x30 - 900g","p":6.97,"u":"7,74 €/KG","img":"https://fd3-photos.leclercdrive.fr/image.ashx?id=2966529&use=l&cat=p&typeid=i","cat":319779},{"id":82283,"n":"Bière ambrée corse Pietra 6° - 33cl","p":1.83,"u":"5,55 €/L","img":"https://fd3-photos.leclercdrive.fr/image.ashx?id=2929362&use=l&cat=p&typeid=i","cat":334872},{"id":82350,"n":"Frites fines McCain Côté Comptoir - 650g","p":2.72,"u":"4,18 €/KG","img":"https://fd3-photos.leclercdrive.fr/image.ashx?id=2693887&use=l&cat=p&typeid=i","cat":319791},{"id":82351,"n":"Frites incurvées McCain Côté Brasserie - 650g","p":2.27,"u":"3,49 €/KG","img":"https://fd3-photos.leclercdrive.fr/image.ashx?id=2927044&use=l&cat=p&typeid=i","cat":319791},{"id":82353,"n":"Biscuits Oréo enrobé chocolat Au lait - 246g","p":2.46,"u":"10,00 €/KG","img":"https://fd3-photos.leclercdrive.fr/image.ashx?id=2908333&use=l&cat=p&typeid=i","cat":284488},{"id":82433,"n":"Cordons Bleus Côté Croc Poulet x4 - 400g","p":3.14,"u":"7,85 €/KG","img":"https://fd3-photos.leclercdrive.fr/image.ashx?id=2801052&use=l&cat=p&typeid=i","cat":333683},{"id":82440,"n":"Boisson lactée Candy'UP Vanille - 6x20cl","p":2.76,"u":"2,30 €/L","img":"https://fd3-photos.leclercdrive.fr/image.ashx?id=2485632&use=l&cat=p&typeid=i","cat":295246},{"id":82449,"n":"Amande en poudre Sun 500g","p":6.73,"u":"13,46 €/KG","img":"https://fd3-photos.leclercdrive.fr/image.ashx?id=2730613&use=l&cat=p&typeid=i","cat":284504},{"id":82520,"n":"Fromage Croque emmental Président - 12 tranches - 200g","p":1.74,"u":"8,70 €/KG","img":"https://fd3-photos.leclercdrive.fr/image.ashx?id=2446356&use=l&cat=p&typeid=i","cat":314028},{"id":82575,"n":"Bière ambrée La Goudale 7.2%vol - 6x25cl","p":5.27,"u":"3,51 €/L","img":"https://fd3-photos.leclercdrive.fr/image.ashx?id=2915521&use=l&cat=p&typeid=i","cat":334852},{"id":82647,"n":"Garniture :bouchées à la reine Petit Jean 2+1 offert - 3x400g","p":4.1,"u":"3,42 €/KG","img":"https://fd3-photos.leclercdrive.fr/image.ashx?id=2185286&use=l&cat=p&typeid=i","cat":284441},{"id":82663,"n":"Arrangé Rivière du Mât Banane Vanillé - 70cl - 35%vol","p":17.45,"u":"24,93 €/L","img":"https://fd3-photos.leclercdrive.fr/image.ashx?id=2731300&use=l&cat=p&typeid=i","cat":284551},{"id":82664,"n":"Arrangé Rivière du Mât Coco Torréfiée - 35%vol - 70cl","p":17.45,"u":"24,93 €/L","img":"https://fd3-photos.leclercdrive.fr/image.ashx?id=3002045&use=l&cat=p&typeid=i","cat":284551},{"id":82665,"n":"Arrangé Rivière du Mât Vanille des Tropiques - 70cl","p":17.45,"u":"24,93 €/L","img":"https://fd3-photos.leclercdrive.fr/image.ashx?id=2731291&use=l&cat=p&typeid=i","cat":284551},{"id":82667,"n":"Yaourt aux fruits bifidus Activia poire - 4x125g","p":2.06,"u":"4,12 €/KG","img":"https://fd3-photos.leclercdrive.fr/image.ashx?id=2885330&use=l&cat=p&typeid=i","cat":315000},{"id":82669,"n":"Yaourt aux fruits bifidus Activia mangue - 4x125g","p":1.87,"u":"3,74 €/KG","img":"https://fd3-photos.leclercdrive.fr/image.ashx?id=2886642&use=l&cat=p&typeid=i","cat":315000},{"id":82675,"n":"Yaourt aux fruits bifidus Activia mûre framboise - 4x125g","p":1.95,"u":"3,90 €/KG","img":"https://fd3-photos.leclercdrive.fr/image.ashx?id=2960651&use=l&cat=p&typeid=i","cat":315000},{"id":82676,"n":"Yaourt aux fruits bifidus Activia figue - 4x125g","p":2.12,"u":"4,24 €/KG","img":"https://fd3-photos.leclercdrive.fr/image.ashx?id=2886630&use=l&cat=p&typeid=i","cat":315000},{"id":82688,"n":"Brandade de Morue Tipiak 1.050kg","p":6.18,"u":"5,89 €/KG","img":"https://fd3-photos.leclercdrive.fr/image.ashx?id=2944023&use=l&cat=p&typeid=i","cat":284254},{"id":82717,"n":"Arrangé Rivière du Mât Ananas Caramélisé 35% vol 70cl","p":17.45,"u":"24,93 €/L","img":"https://fd3-photos.leclercdrive.fr/image.ashx?id=2731297&use=l&cat=p&typeid=i","cat":284551},{"id":82739,"n":"Poisson pané Croustibat Findus Petit trésor MSC - x15 - 450g","p":3.23,"u":"7,18 €/KG","img":"https://fd3-photos.leclercdrive.fr/image.ashx?id=3008758&use=l&cat=p&typeid=i","cat":319788},{"id":82741,"n":"Poisson pané Findus Colin  Alaska Fish and Chips x13- 364g","p":2.85,"u":"7,83 €/KG","img":"https://fd3-photos.leclercdrive.fr/image.ashx?id=3008761&use=l&cat=p&typeid=i","cat":319788},{"id":82745,"n":"Couches Activ+ Mots d'enfants  Taille 5 : 11/25kg - x35","p":12.99,"u":"0,37 €/P","img":"https://fd3-photos.leclercdrive.fr/image.ashx?id=2922424&use=l&cat=p&typeid=i","cat":284737},{"id":82748,"n":"Couches Activ+ Mots d'enfants  Taille 4+ 9/20kg - x37 changes","p":12.99,"u":"0,35 €/P","img":"https://fd3-photos.leclercdrive.fr/image.ashx?id=2699747&use=l&cat=p&typeid=i","cat":284737},{"id":82876,"n":"Compotes bio Hipp Bio Dès 4 mois pomme poire - 4x100g","p":2.2,"u":"4,40 €/KG","img":"https://fd3-photos.leclercdrive.fr/image.ashx?id=2924647&use=l&cat=p&typeid=i","cat":312387},{"id":82998,"n":"Bigarreaux au sirop Beyer 355g","p":2.83,"u":"7,97 €/KG","img":"https://fd3-photos.leclercdrive.fr/image.ashx?id=2761489&use=l&cat=p&typeid=i","cat":284507},{"id":83132,"n":"Boisson lactée Tous mes amis pour chats - 3x200ml","p":2.13,"u":"3,55 €/L","img":"https://fd3-photos.leclercdrive.fr/image.ashx?id=2313482&use=l&cat=p&typeid=i","cat":285285},{"id":83227,"n":"Nuggets de poulet Le Gaulois x10 - 200g","p":2.06,"u":"10,30 €/KG","img":"https://fd3-photos.leclercdrive.fr/image.ashx?id=2342818&use=l&cat=p&typeid=i","cat":333684},{"id":83303,"n":"Happy Cola Haribo Sachet bonbons - 300g","p":2.07,"u":"6,90 €/KG","img":"https://fd3-photos.leclercdrive.fr/image.ashx?id=2806087&use=l&cat=p&typeid=i","cat":304250},{"id":83348,"n":"Coloration permanente Vitanove Chatain cuivre","p":3.45,"img":"https://fd3-photos.leclercdrive.fr/image.ashx?id=2522521&use=l&cat=p&typeid=i","cat":288899},{"id":83350,"n":"Bonbons Haribo Moam Happy fruttis - 200g","p":1.83,"u":"9,15 €/KG","img":"https://fd3-photos.leclercdrive.fr/image.ashx?id=2984916&use=l&cat=p&typeid=i","cat":304250},{"id":83377,"n":"Pâte à tartiner Karéléa Noisette sans sucre ajouté-400g","p":3.68,"u":"9,20 €/KG","img":"https://fd3-photos.leclercdrive.fr/image.ashx?id=2888013&use=l&cat=p&typeid=i","cat":284481},{"id":83382,"n":"Coeurs d'Artichauts Florelli A la paysanne - 280g","p":2.67,"u":"9,54 €/KG","img":"https://fd3-photos.leclercdrive.fr/image.ashx?id=2594533&use=l&cat=p&typeid=i","cat":289010},{"id":83429,"n":"AOP Côtes de Provence rosé H Haussmann - 75cl","p":6.49,"u":"8,65 €/L","img":"https://fd3-photos.leclercdrive.fr/image.ashx?id=2093535&use=l&cat=p&typeid=i","cat":289558},{"id":83434,"n":"Olives Père Olive Ail et basilic - 150g","p":2.98,"u":"19,87 €/KG","img":"https://fd3-photos.leclercdrive.fr/image.ashx?id=2892730&use=l&cat=p&typeid=i","cat":316002},{"id":83474,"n":"Sauce pour pâtes Florelli Asperges tomates parmesan -190g","p":2.13,"u":"11,21 €/KG","img":"https://fd3-photos.leclercdrive.fr/image.ashx?id=3011665&use=l&cat=p&typeid=i","cat":289010},{"id":83476,"n":"Tapenade d'Olives vertes Les Tartinables Florelli 190g","p":2.17,"u":"11,42 €/KG","img":"https://fd3-photos.leclercdrive.fr/image.ashx?id=2904347&use=l&cat=p&typeid=i","cat":289010},{"id":83698,"n":"IGP Pays d'Oc Grenache vin rosé Vieux Carion 12.5% vol - 75cl","p":2.25,"u":"3,00 €/L","img":"https://fd3-photos.leclercdrive.fr/image.ashx?id=2722823&use=l&cat=p&typeid=i","cat":289558},{"id":83706,"n":"Mélange grillé, salé Seeberger 150g","p":3.09,"u":"20,60 €/KG","img":"https://fd3-photos.leclercdrive.fr/image.ashx?id=2950567&use=l&cat=p&typeid=i","cat":284357},{"id":83707,"n":"Amandes Seeberger 200g","p":3.19,"u":"15,95 €/KG","img":"https://fd3-photos.leclercdrive.fr/image.ashx?id=2950594&use=l&cat=p&typeid=i","cat":284448},{"id":83709,"n":"Noisettes Décortiquées Seeberger - 200g","p":3.65,"u":"18,25 €/KG","img":"https://fd3-photos.leclercdrive.fr/image.ashx?id=2950600&use=l&cat=p&typeid=i","cat":284357},{"id":83710,"n":"Noix de cajou Seeberger Grillées - 150g","p":3.37,"u":"22,47 €/KG","img":"https://fd3-photos.leclercdrive.fr/image.ashx?id=2950609&use=l&cat=p&typeid=i","cat":316002},{"id":83764,"n":"Thon vapeur Petit Navire Filet d'huile d'olive - 130g","p":2.62,"u":"20,15 €/KG","img":"https://fd3-photos.leclercdrive.fr/image.ashx?id=2829658&use=l&cat=p&typeid=i","cat":303867},{"id":83787,"n":"Dessert Lacté P'TIT BRASSE BIO Poire Banane 6M+ - 4x90g","p":1.87,"u":"5,19 €/KG","img":"https://fd3-photos.leclercdrive.fr/image.ashx?id=2670866&use=l&cat=p&typeid=i","cat":312392},{"id":83790,"n":"Desserts Lactés P'TIT BRASSE BIO Pomme Pêche 6M+ - 4x90g","p":2.05,"u":"5,69 €/KG","img":"https://fd3-photos.leclercdrive.fr/image.ashx?id=2670863&use=l&cat=p&typeid=i","cat":312392},{"id":83820,"n":"Chips Pom'Lisse  Saveur Chèvre miel - 135g","p":1.35,"u":"10,00 €/KG","img":"https://fd3-photos.leclercdrive.fr/image.ashx?id=2654474&use=l&cat=p&typeid=i","cat":284447},{"id":83852,"n":"Petites tranches Saint-Agaûne Nature - 70g","p":2.88,"u":"41,14 €/KG","img":"https://fd3-photos.leclercdrive.fr/image.ashx?id=2852558&use=l&cat=p&typeid=i","cat":316006},{"id":83935,"n":"Thon mariné au piment d\"espelette Petit Navire - 110g","p":2.1,"u":"19,09 €/KG","img":"https://fd3-photos.leclercdrive.fr/image.ashx?id=2682863&use=l&cat=p&typeid=i","cat":303867},{"id":83979,"n":"Vin de l'Union Européenne Vieux Papes 12.5%vol - 75cl","p":2.25,"u":"3,00 €/L","img":"https://fd3-photos.leclercdrive.fr/image.ashx?id=2093388&use=l&cat=p&typeid=i","cat":289556},{"id":83986,"n":"IGP Pays d'Oc rosé Merlot Grand Sud 12.5% vol - 1L","p":4.31,"u":"4,31 €/L","img":"https://fd3-photos.leclercdrive.fr/image.ashx?id=2941580&use=l&cat=p&typeid=i","cat":289558},{"id":84021,"n":"AOP Bordeaux rouge Mission Saint Vincent - 75cl","p":4.24,"u":"5,65 €/L","img":"https://fd3-photos.leclercdrive.fr/image.ashx?id=2734459&use=l&cat=p&typeid=i","cat":289556},{"id":84022,"n":"AOP Fitou Vin Rouge  Réserve Saint Esteve - BIB 3L","p":11.57,"u":"3,86 €/L","img":"https://fd3-photos.leclercdrive.fr/image.ashx?id=1741460&use=l&cat=p&typeid=i","cat":289556},{"id":84060,"n":"Riz long Riz du Monde  Parfumé Dragon - 1kg","p":3.07,"u":"3,07 €/KG","img":"https://fd3-photos.leclercdrive.fr/image.ashx?id=2101585&use=l&cat=p&typeid=i","cat":288992},{"id":84064,"n":"Lentilles blondes Samia 1kg","p":2.67,"u":"2,67 €/KG","img":"https://fd3-photos.leclercdrive.fr/image.ashx?id=2732986&use=l&cat=p&typeid=i","cat":289013},{"id":84070,"n":"Pois chiches bocal Samia - 570g","p":1.44,"u":"2,53 €/KG","img":"https://fd3-photos.leclercdrive.fr/image.ashx?id=2986431&use=l&cat=p&typeid=i","cat":312609},{"id":84078,"n":"Pâte d'arachide PCD - 500g","p":4.17,"u":"8,34 €/KG","img":"https://fd3-photos.leclercdrive.fr/image.ashx?id=2433867&use=l&cat=p&typeid=i","cat":284481},{"id":84154,"n":"Bonbons VICHY Menthe 230g","p":1.18,"u":"5,13 €/KG","img":"https://fd3-photos.leclercdrive.fr/image.ashx?id=2806342&use=l&cat=p&typeid=i","cat":304252},{"id":84156,"n":"Carambar mini mix 220g","p":2.13,"u":"9,68 €/KG","img":"https://fd3-photos.leclercdrive.fr/image.ashx?id=2817845&use=l&cat=p&typeid=i","cat":304250},{"id":84158,"n":"Bonbons CARAMBAR Fruits Assortiment - 320g","p":1.67,"u":"5,22 €/KG","img":"https://fd3-photos.leclercdrive.fr/image.ashx?id=2964499&use=l&cat=p&typeid=i","cat":304250},{"id":84159,"n":"Bonbons CARAMBAR Family Assortiment - 450g","p":2.69,"u":"5,98 €/KG","img":"https://fd3-photos.leclercdrive.fr/image.ashx?id=2903446&use=l&cat=p&typeid=i","cat":304250},{"id":84160,"n":"Bonbons CARAMBAR Caramel 320g","p":1.72,"u":"5,38 €/KG","img":"https://fd3-photos.leclercdrive.fr/image.ashx?id=2770124&use=l&cat=p&typeid=i","cat":304250},{"id":84161,"n":"Bonbons LA PIE QUI CHANTE Michoko Noir - 280g","p":2.62,"u":"9,36 €/KG","img":"https://fd3-photos.leclercdrive.fr/image.ashx?id=2817842&use=l&cat=p&typeid=i","cat":304250},{"id":84163,"n":"Break P'tit Déli 135g","p":1.33,"u":"9,85 €/KG","img":"https://fd3-photos.leclercdrive.fr/image.ashx?id=2058708&use=l&cat=p&typeid=i","cat":284488},{"id":84186,"n":"Lait bébé en poudre Bio Guigoz 2ème âge - 6-12 mois - 800g","p":18.41,"u":"23,01 €/KG","img":"https://fd3-photos.leclercdrive.fr/image.ashx?id=2740286&use=l&cat=p&typeid=i","cat":284727},{"id":84188,"n":"Lait bébé en poudre Bio Guigoz 1er âge - 0-6 mois - 800g","p":20.05,"u":"25,06 €/KG","img":"https://fd3-photos.leclercdrive.fr/image.ashx?id=3000438&use=l&cat=p&typeid=i","cat":284726},{"id":84212,"n":"Compote Cool Fruits bio Vitabio Pomme Passion - 12x90g","p":6.67,"u":"6,18 €/KG","img":"https://fd3-photos.leclercdrive.fr/image.ashx?id=2621405&use=l&cat=p&typeid=i","cat":284508},{"id":84249,"n":"Crème Bio Hydratante Sobio Etic Aloe Vera - 100ml","p":7.43,"u":"74,30 €/L","img":"https://fd3-photos.leclercdrive.fr/image.ashx?id=2787074&use=l&cat=p&typeid=i","cat":325345},{"id":84250,"n":"Soin nuit Bio Sobio Etic Regénérant, Anti-rides - 50ml","p":13.93,"u":"278,60 €/L","img":"https://fd3-photos.leclercdrive.fr/image.ashx?id=2735017&use=l&cat=p&typeid=i","cat":325345},{"id":84253,"n":"Crème de Douche Bio Sobio Etic Peaux Sensibles Aloe Vera-650ml","p":5.6,"u":"8,62 €/L","img":"https://fd3-photos.leclercdrive.fr/image.ashx?id=2891577&use=l&cat=p&typeid=i","cat":284594},{"id":84266,"n":"Crème de jour bio Sobio Etic  Hydratante à l'aloé Vera - 50ml","p":7.46,"u":"149,20 €/L","img":"https://fd3-photos.leclercdrive.fr/image.ashx?id=2802485&use=l&cat=p&typeid=i","cat":325345},{"id":84327,"n":"Chicorée en grains Leroux  nature - 520g","p":2.25,"u":"4,33 €/KG","img":"https://fd3-photos.leclercdrive.fr/image.ashx?id=2730496&use=l&cat=p&typeid=i","cat":284843},{"id":84385,"n":"Croc'Choc Lucien Georgelin Noisette - 375g","p":2.38,"u":"6,35 €/KG","img":"https://fd3-photos.leclercdrive.fr/image.ashx?id=2561811&use=l&cat=p&typeid=i","cat":309513},{"id":84386,"n":"Croc'Tou Choc Lucien Georgelin 375g - Lucien Georgelin","p":3.71,"u":"9,89 €/KG","img":"https://fd3-photos.leclercdrive.fr/image.ashx?id=2561808&use=l&cat=p&typeid=i","cat":309513},{"id":84437,"n":"Yaourt à boire Mini Yop Aromatisé Framboise - 8x100g","p":2.93,"u":"3,66 €/KG","img":"https://fd3-photos.leclercdrive.fr/image.ashx?id=2320000&use=l&cat=p&typeid=i","cat":284415},{"id":84440,"n":"Saucisse perche d'Aveyron  NRT - 320g","p":6.96,"u":"21,75 €/KG","img":"https://fd3-photos.leclercdrive.fr/image.ashx?id=1910667&use=l&cat=p&typeid=i","cat":316006},{"id":84441,"n":"Trio saucissons Cévennes  Nos Régions ont du Talent 345g","p":6.84,"u":"19,83 €/KG","img":"https://fd3-photos.leclercdrive.fr/image.ashx?id=2898113&use=l&cat=p&typeid=i","cat":316006},{"id":84449,"n":"Poivronade Cruscana 150g","p":2.71,"u":"18,07 €/KG","img":"https://fd3-photos.leclercdrive.fr/image.ashx?id=2790639&use=l&cat=p&typeid=i","cat":315999},{"id":84450,"n":"Crevettes Marinées Baltic  150g","p":3.72,"u":"24,80 €/KG","img":"https://fd3-photos.leclercdrive.fr/image.ashx?id=2845910&use=l&cat=p&typeid=i","cat":285191},{"id":84452,"n":"Calamars Baltic 150g","p":3.65,"u":"24,33 €/KG","img":"https://fd3-photos.leclercdrive.fr/image.ashx?id=2943882&use=l&cat=p&typeid=i","cat":285191},{"id":84454,"n":"Filets d'Anchois Baltic 150g","p":3.34,"u":"22,27 €/KG","img":"https://fd3-photos.leclercdrive.fr/image.ashx?id=2845901&use=l&cat=p&typeid=i","cat":285190},{"id":84455,"n":"Salade de la mer Baltic Mollusques et crustacés - 150g","p":3.98,"u":"26,53 €/KG","img":"https://fd3-photos.leclercdrive.fr/image.ashx?id=2845898&use=l&cat=p&typeid=i","cat":285191},{"id":84457,"n":"Sorbet plein fruit L'Angelys Abricot - 500g","p":4.1,"u":"8,20 €/KG","img":"https://fd3-photos.leclercdrive.fr/image.ashx?id=2963622&use=l&cat=p&typeid=i","cat":284263},{"id":84458,"n":"Crème glacée L'Angélys Artisanale Chocolat noir - 450g","p":4.13,"u":"9,18 €/KG","img":"https://fd3-photos.leclercdrive.fr/image.ashx?id=2963571&use=l&cat=p&typeid=i","cat":284263},{"id":84774,"n":"Préparation brownie Nestlé Au chocolat - 405g","p":4.32,"u":"10,67 €/KG","img":"https://fd3-photos.leclercdrive.fr/image.ashx?id=2849259&use=l&cat=p&typeid=i","cat":284505},{"id":84789,"n":"Filet de poulet blanc Le Gaulois x2 - 300g","p":4.97,"u":"16,57 €/KG","img":"https://fd3-photos.leclercdrive.fr/image.ashx?id=2633989&use=l&cat=p&typeid=i","cat":284336},{"id":84790,"n":"Cuisse de poulet blanc Le Gaulois - 500g","p":3.1,"u":"6,20 €/KG","img":"https://fd3-photos.leclercdrive.fr/image.ashx?id=2732752&use=l&cat=p&typeid=i","cat":284336},{"id":84794,"n":"Coton Lotus Baby Peau nette - x85","p":2.55,"u":"0,03 €/P","img":"https://fd3-photos.leclercdrive.fr/image.ashx?id=2981355&use=l&cat=p&typeid=i","cat":284739},{"id":84819,"n":"Cerneaux de noix Seeberger 150g","p":3.38,"u":"22,53 €/KG","img":"https://fd3-photos.leclercdrive.fr/image.ashx?id=2950615&use=l&cat=p&typeid=i","cat":284357},{"id":84820,"n":"Minis sandwich Daunat jambon/emmental - 130g","p":1.63,"u":"12,54 €/KG","img":"https://fd3-photos.leclercdrive.fr/image.ashx?id=2951812&use=l&cat=p&typeid=i","cat":333658},{"id":84834,"n":"Mi-chaussette Homme Dim 5 paires - Noir - 39/42","p":10.5,"u":"2,10 €/P","img":"https://fd3-photos.leclercdrive.fr/image.ashx?id=2305766&use=l&cat=p&typeid=i","cat":334130},{"id":84835,"n":"Mi-chaussette Homme Dim 5 paires - Noir - 43/46","p":10.5,"u":"2,10 €/P","img":"https://fd3-photos.leclercdrive.fr/image.ashx?id=2305763&use=l&cat=p&typeid=i","cat":334130},{"id":84838,"n":"3 paires de mi-chaussettes Dim Noir Taille 39/42","p":9.95,"u":"3,32 €/P","img":"https://fd3-photos.leclercdrive.fr/image.ashx?id=2180981&use=l&cat=p&typeid=i","cat":334130},{"id":84841,"n":"3 paires de chaussettes Dim Noir Taille 43/46","p":9.95,"u":"3,32 €/P","img":"https://fd3-photos.leclercdrive.fr/image.ashx?id=2180984&use=l&cat=p&typeid=i","cat":334130},{"id":84996,"n":"Beurre Le Campagnou  Demi-sel - 500g","p":7.87,"u":"15,74 €/KG","img":"https://fd3-photos.leclercdrive.fr/image.ashx?id=2546626&use=l&cat=p&typeid=i","cat":284379},{"id":85023,"n":"Boulgour gros Bio Happy Bio 500g","p":2.69,"u":"5,38 €/KG","img":"https://fd3-photos.leclercdrive.fr/image.ashx?id=2228828&use=l&cat=p&typeid=i","cat":284429},{"id":85024,"n":"Lentille verte bio Happy Bio  500g","p":2.74,"u":"5,48 €/KG","img":"https://fd3-photos.leclercdrive.fr/image.ashx?id=2685015&use=l&cat=p&typeid=i","cat":284430},{"id":85029,"n":"Flocon avoine Happy Bio gros bio  - 500g","p":2.28,"u":"4,56 €/KG","img":"https://fd3-photos.leclercdrive.fr/image.ashx?id=2684994&use=l&cat=p&typeid=i","cat":318651},{"id":85032,"n":"Après-shampooing Naturé Moi Nourrissant-cheveux secs- 200ml","p":2.44,"u":"12,20 €/L","img":"https://fd3-photos.leclercdrive.fr/image.ashx?id=2741475&use=l&cat=p&typeid=i","cat":284607},{"id":85040,"n":"Shampooing sec Batiste Cherry - 200ml","p":3.53,"u":"17,65 €/L","img":"https://fd3-photos.leclercdrive.fr/image.ashx?id=2983459&use=l&cat=p&typeid=i","cat":289143},{"id":85059,"n":"Protection auditive Quies En mousse fluo - x16","p":6.2,"u":"0,39 €/P","img":"https://fd3-photos.leclercdrive.fr/image.ashx?id=2159511&use=l&cat=p&typeid=i","cat":284630},{"id":85069,"n":"Dentifrice Sensodyne Blancheur multiprotect - 75ml","p":5.27,"u":"70,27 €/L","img":"https://fd3-photos.leclercdrive.fr/image.ashx?id=2630730&use=l&cat=p&typeid=i","cat":284612},{"id":85073,"n":"Croûtons pour salade Tipiak Ail&Fine Herbes - 100g","p":0.95,"u":"9,50 €/KG","img":"https://fd3-photos.leclercdrive.fr/image.ashx?id=2276723&use=l&cat=p&typeid=i","cat":284464},{"id":85106,"n":"Mayonnaise American Style Heinz  - 395g","p":2.48,"u":"6,28 €/KG","img":"https://fd3-photos.leclercdrive.fr/image.ashx?id=2927059&use=l&cat=p&typeid=i","cat":298295},{"id":85207,"n":"Génoise fourrées Pim's LU Poire - 150g","p":1.74,"u":"11,60 €/KG","img":"https://fd3-photos.leclercdrive.fr/image.ashx?id=2145202&use=l&cat=p&typeid=i","cat":284489},{"id":85268,"n":"Infusion Bio Ethiquable Rooibos Afrique du Sud x20 - 40g","p":2.46,"u":"3,08 €/KG","img":"https://fd3-photos.leclercdrive.fr/image.ashx?id=2870878&use=l&cat=p&typeid=i","cat":293233},{"id":85278,"n":"Barres Têtes Brûlées Fraise/pomme - 200g","p":1.87,"u":"9,35 €/KG","img":"https://fd3-photos.leclercdrive.fr/image.ashx?id=2917882&use=l&cat=p&typeid=i","cat":304250},{"id":85290,"n":"Chocolat noir Bio Ethiquable  74% Côte d'Ivoire - 100g","p":3.07,"u":"30,70 €/KG","img":"https://fd3-photos.leclercdrive.fr/image.ashx?id=2870929&use=l&cat=p&typeid=i","cat":284956},{"id":85380,"n":"Serviette lady silhouette Tena Normal M - x12","p":7.83,"u":"0,65 €/P","img":"https://fd3-photos.leclercdrive.fr/image.ashx?id=2428579&use=l&cat=p&typeid=i","cat":284628},{"id":85383,"n":"Sous-vêtements Tena Lady silhouette - Normal L x10","p":7.76,"u":"0,78 €/P","img":"https://fd3-photos.leclercdrive.fr/image.ashx?id=2428582&use=l&cat=p&typeid=i","cat":284628},{"id":85445,"n":"Serpillères jetables St Marc  Anti-Bactériennes - x20","p":2.68,"u":"0,13 €/P","img":"https://fd3-photos.leclercdrive.fr/image.ashx?id=2228552&use=l&cat=p&typeid=i","cat":325358},{"id":85666,"n":"IGP Ardeche rosé Pont d'Arc 12.5% vol - BIB 5L","p":10.99,"u":"2,20 €/L","img":"https://fd3-photos.leclercdrive.fr/image.ashx?id=2527922&use=l&cat=p&typeid=i","cat":289560},{"id":85735,"n":"Soda au cola Pepsi Zéro sucres La bouteille de 2L","p":1.57,"u":"0,79 €/L","img":"https://fd3-photos.leclercdrive.fr/image.ashx?id=2682297&use=l&cat=p&typeid=i","cat":284530},{"id":85739,"n":"Soda Pepsi Saveur cola sans sucres - 1L","p":1.21,"u":"1,21 €/L","img":"https://fd3-photos.leclercdrive.fr/image.ashx?id=2682300&use=l&cat=p&typeid=i","cat":284530},{"id":85745,"n":"Batonnets Surimi Coraya x30 - 450g","p":4.27,"u":"9,49 €/KG","img":"https://fd3-photos.leclercdrive.fr/image.ashx?id=2962683&use=l&cat=p&typeid=i","cat":285189},{"id":85898,"n":"Crevette d'equateur Escal Crues - ASC - 300 g","p":7.49,"u":"24,97 €/KG","img":"https://fd3-photos.leclercdrive.fr/image.ashx?id=1563082&use=l&cat=p&typeid=i","cat":319787},{"id":85901,"n":"Poêlée fermière Paysan Breton 750g","p":2.92,"u":"3,89 €/KG","img":"https://fd3-photos.leclercdrive.fr/image.ashx?id=2882415&use=l&cat=p&typeid=i","cat":319823},{"id":85960,"n":"AOP Bordeaux rosé Mouton Cadet - 75cl","p":5.59,"u":"7,45 €/L","img":"https://fd3-photos.leclercdrive.fr/image.ashx?id=2943987&use=l&cat=p&typeid=i","cat":289558},{"id":85998,"n":"Sauce Curry Mango Heinz - 225g","p":1.99,"u":"8,84 €/KG","img":"https://fd3-photos.leclercdrive.fr/image.ashx?id=2927050&use=l&cat=p&typeid=i","cat":318431},{"id":86017,"n":"Chocolat Nougatti Côte d'Or Nougat/chocolat au lait - 180g","p":4.33,"u":"24,06 €/KG","img":"https://fd3-photos.leclercdrive.fr/image.ashx?id=3002273&use=l&cat=p&typeid=i","cat":284498},{"id":86020,"n":"Champagne Alfred Rothschild Brut - 75cl","p":26.88,"u":"35,84 €/L","img":"https://fd3-photos.leclercdrive.fr/image.ashx?id=2628473&use=l&cat=p&typeid=i","cat":284542},{"id":86071,"n":"AOP Prosecco Perlino Extra Dry - 75cl","p":6.4,"u":"8,53 €/L","img":"https://fd3-photos.leclercdrive.fr/image.ashx?id=2612778&use=l&cat=p&typeid=i","cat":289461},{"id":86191,"n":"Rillettes de thon/tomatees 120g","p":2.13,"u":"17,75 €/KG","img":"https://fd3-photos.leclercdrive.fr/image.ashx?id=2424308&use=l&cat=p&typeid=i","cat":285191},{"id":86208,"n":"Pâte à tartiner Nutella 1kg","p":6.48,"u":"6,48 €/KG","img":"https://fd3-photos.leclercdrive.fr/image.ashx?id=2935648&use=l&cat=p&typeid=i","cat":284481},{"id":86375,"n":"Rochers Suchard  Lait - 7x35g","p":3.95,"u":"16,12 €/KG","img":"https://fd3-photos.leclercdrive.fr/image.ashx?id=2950372&use=l&cat=p&typeid=i","cat":284499},{"id":86376,"n":"Rochers Suchard Noir - 7x35g","p":3.95,"u":"16,12 €/KG","img":"https://fd3-photos.leclercdrive.fr/image.ashx?id=2950375&use=l&cat=p&typeid=i","cat":284499},{"id":86403,"n":"Capsules café L'Or Espresso Delizioso N°5 x10","p":3.13,"u":"60,19 €/KG","img":"https://fd3-photos.leclercdrive.fr/image.ashx?id=3000462&use=l&cat=p&typeid=i","cat":284749},{"id":86411,"n":"Biscuit bio Bjorg Avoine pépites chocolat - 130g","p":2.49,"u":"19,15 €/KG","img":"https://fd3-photos.leclercdrive.fr/image.ashx?id=2999985&use=l&cat=p&typeid=i","cat":325066},{"id":86416,"n":"Confiture bio Bio Village Fruits rouges - 370g","p":2.79,"u":"7,54 €/KG","img":"https://fd3-photos.leclercdrive.fr/image.ashx?id=2965638&use=l&cat=p&typeid=i","cat":284480},{"id":86417,"n":"Barquettes Bio Village Fraise bio - 120g","p":1.99,"u":"16,58 €/KG","img":"https://fd3-photos.leclercdrive.fr/image.ashx?id=2907476&use=l&cat=p&typeid=i","cat":284489},{"id":86420,"n":"Farine blé bio Mon Fournil T65 - 1kg","p":2.35,"u":"2,35 €/KG","img":"https://fd3-photos.leclercdrive.fr/image.ashx?id=2859626&use=l&cat=p&typeid=i","cat":284503},{"id":86438,"n":"Dentifrice Integral 8 Signal Nature Elements Coco 75ml","p":1.72,"u":"22,93 €/L","img":"https://fd3-photos.leclercdrive.fr/image.ashx?id=2974659&use=l&cat=p&typeid=i","cat":284612},{"id":86448,"n":"Désinfectant protection Sanytol Salle de bain - 500ml","p":2.97,"u":"5,94 €/L","img":"https://fd3-photos.leclercdrive.fr/image.ashx?id=2848620&use=l&cat=p&typeid=i","cat":325357},{"id":86451,"n":"Lessive gel Génie Lavage main - 200ml","p":1.57,"u":"7,85 €/L","img":"https://fd3-photos.leclercdrive.fr/image.ashx?id=2664142&use=l&cat=p&typeid=i","cat":284643},{"id":86452,"n":"Gel douche Monsavon Amande très douce - 300ml","p":2.27,"u":"7,57 €/L","img":"https://fd3-photos.leclercdrive.fr/image.ashx?id=2532291&use=l&cat=p&typeid=i","cat":284594},{"id":86470,"n":"Bonbons KREMA Festival Assortiment - 360g","p":2.62,"u":"7,28 €/KG","img":"https://fd3-photos.leclercdrive.fr/image.ashx?id=2817875&use=l&cat=p&typeid=i","cat":304250},{"id":86474,"n":"Bonbons KREMA Batna Réglisse & Anis - 360g","p":2.33,"u":"6,47 €/KG","img":"https://fd3-photos.leclercdrive.fr/image.ashx?id=2817878&use=l&cat=p&typeid=i","cat":304250},{"id":86482,"n":"Bonbons KREMA Régal'ad Assortiment Fruits - 360g","p":2.45,"u":"6,81 €/KG","img":"https://fd3-photos.leclercdrive.fr/image.ashx?id=2855295&use=l&cat=p&typeid=i","cat":304250},{"id":86483,"n":"Bonbons La pie qui chante Menthe claire - 360g","p":2.18,"u":"6,06 €/KG","img":"https://fd3-photos.leclercdrive.fr/image.ashx?id=2817869&use=l&cat=p&typeid=i","cat":304252},{"id":86488,"n":"Bonbons La pie qui chante Stoptou à la réglisse - 450g","p":2.59,"u":"5,76 €/KG","img":"https://fd3-photos.leclercdrive.fr/image.ashx?id=2817872&use=l&cat=p&typeid=i","cat":304250},{"id":86570,"n":"Chewing gum Malabar Tutti Frutti - 214g","p":1.86,"u":"8,69 €/KG","img":"https://fd3-photos.leclercdrive.fr/image.ashx?id=2817848&use=l&cat=p&typeid=i","cat":304251},{"id":86580,"n":"Gousse de vanille Sainte Lucie Poudre pot - 3g","p":4.11,"img":"https://fd3-photos.leclercdrive.fr/image.ashx?id=2774960&use=l&cat=p&typeid=i","cat":284504},{"id":86584,"n":"Pain burger Harry's Maxi Nature - 510g","p":2.63,"u":"5,16 €/KG","img":"https://fd3-photos.leclercdrive.fr/image.ashx?id=2517444&use=l&cat=p&typeid=i","cat":325067},{"id":86591,"n":"AOP Champagne Pommery Brut Royal étui- 75cl","p":33.09,"u":"44,12 €/L","img":"https://fd3-photos.leclercdrive.fr/image.ashx?id=2791500&use=l&cat=p&typeid=i","cat":284542},{"id":86656,"n":"Bouillon cubes légumes Knorr Méditerranéens x12- 132g","p":1.41,"u":"10,68 €/KG","img":"https://fd3-photos.leclercdrive.fr/image.ashx?id=2940636&use=l&cat=p&typeid=i","cat":288379},{"id":86658,"n":"Thé vert Twinings Simplement pur - x25 - 37g","p":2.71,"u":"73,24 €/KG","img":"https://fd3-photos.leclercdrive.fr/image.ashx?id=2893015&use=l&cat=p&typeid=i","cat":293233},{"id":86661,"n":"Farine bio Mon Fournil Maïs sans gluten - 500g","p":3.48,"u":"6,96 €/KG","img":"https://fd3-photos.leclercdrive.fr/image.ashx?id=2378039&use=l&cat=p&typeid=i","cat":318654},{"id":86663,"n":"Farine complète bio Mon Fournil Riz sans gluten - 400g","p":3.46,"u":"8,65 €/KG","img":"https://fd3-photos.leclercdrive.fr/image.ashx?id=2378045&use=l&cat=p&typeid=i","cat":318654},{"id":86669,"n":"Huile vierge Bio village  Sésame grillé bio - 25cl","p":2.67,"u":"10,68 €/L","img":"https://fd3-photos.leclercdrive.fr/image.ashx?id=3005715&use=l&cat=p&typeid=i","cat":284453},{"id":86670,"n":"Flocons d'avoine complet Bjorg bio - 900g","p":2.5,"u":"2,78 €/KG","img":"https://fd3-photos.leclercdrive.fr/image.ashx?id=2928534&use=l&cat=p&typeid=i","cat":309512},{"id":86671,"n":"Flocon avoine bio Mon Fournil Complet sans gluten - 500g","p":3.8,"u":"7,60 €/KG","img":"https://fd3-photos.leclercdrive.fr/image.ashx?id=2748590&use=l&cat=p&typeid=i","cat":318654},{"id":86675,"n":"Sachet fraîcheur chien Pedigree  Mixte en sauce - 24x100g","p":10.05,"u":"4,19 €/KG","img":"https://fd3-photos.leclercdrive.fr/image.ashx?id=2870245&use=l&cat=p&typeid=i","cat":284673},{"id":86724,"n":"Huile d'olive Bio Village Bio Vierge extra fruité - 75 cl","p":7.99,"u":"10,65 €/L","img":"https://fd3-photos.leclercdrive.fr/image.ashx?id=3005712&use=l&cat=p&typeid=i","cat":284453},{"id":86725,"n":"Poudre de cacao bio Bio Village 500g - 32% de cacao","p":3.95,"u":"7,90 €/KG","img":"https://fd3-photos.leclercdrive.fr/image.ashx?id=2441516&use=l&cat=p&typeid=i","cat":293235},{"id":86732,"n":"Chips Barbecue Pom'lisse Maxi format - 270g","p":1.81,"u":"6,70 €/KG","img":"https://fd3-photos.leclercdrive.fr/image.ashx?id=2710837&use=l&cat=p&typeid=i","cat":284447},{"id":86734,"n":"Cookies P'tit Déli Triple chocolat - 200g","p":1.44,"u":"7,20 €/KG","img":"https://fd3-photos.leclercdrive.fr/image.ashx?id=2529608&use=l&cat=p&typeid=i","cat":325066},{"id":86738,"n":"Croquants des cordes NRT 90g","p":3.55,"u":"39,44 €/KG","img":"https://fd3-photos.leclercdrive.fr/image.ashx?id=2622341&use=l&cat=p&typeid=i","cat":284487},{"id":86743,"n":"IGP Côtes de Gascogne blanc  Vieux Carion - 12% vol 75 cl","p":2.79,"u":"3,72 €/L","img":"https://fd3-photos.leclercdrive.fr/image.ashx?id=2872724&use=l&cat=p&typeid=i","cat":289557},{"id":86744,"n":"Mouchoirs blancs 3 plis Caresse Boîte mouchoirs papier parf x80","p":1.65,"u":"0,02 €/P","img":"https://fd3-photos.leclercdrive.fr/image.ashx?id=2339876&use=l&cat=p&typeid=i","cat":284638},{"id":86747,"n":"Sacs de congélation Elembal Curseur moyen - x15","p":1.99,"u":"0,13 €/P","img":"https://fd3-photos.leclercdrive.fr/image.ashx?id=2511120&use=l&cat=p&typeid=i","cat":334134},{"id":86779,"n":"Colin d'Alaska Pêche Océan Beurre citron - MSC - 400g","p":3.39,"u":"8,48 €/KG","img":"https://fd3-photos.leclercdrive.fr/image.ashx?id=2930126&use=l&cat=p&typeid=i","cat":319786},{"id":86781,"n":"Trio de poissons nordiques  Pêche Océan - 600g","p":11.49,"u":"19,15 €/KG","img":"https://fd3-photos.leclercdrive.fr/image.ashx?id=2175714&use=l&cat=p&typeid=i","cat":319786},{"id":86784,"n":"Frites au four Pom'Lisse Pom'Steak - 600g","p":1.46,"u":"2,43 €/KG","img":"https://fd3-photos.leclercdrive.fr/image.ashx?id=2770687&use=l&cat=p&typeid=i","cat":319791},{"id":86788,"n":"Tartinable thon Fromage frais MSC Ronde des mers - 140g","p":1.99,"u":"14,21 €/KG","img":"https://fd3-photos.leclercdrive.fr/image.ashx?id=2823084&use=l&cat=p&typeid=i","cat":285191},{"id":86834,"n":"Crème Solaire Spray Nivea Sun FPS 30 Protect&Bronze - 200ml","p":8.69,"u":"43,45 €/L","img":"https://fd3-photos.leclercdrive.fr/image.ashx?id=2986792&use=l&cat=p&typeid=i","cat":325355},{"id":86905,"n":"Bière blonde 1664 5,5° - 12x33cl canettes","p":10.27,"u":"2,59 €/L","img":"https://fd3-photos.leclercdrive.fr/image.ashx?id=2246617&use=l&cat=p&typeid=i","cat":334853},{"id":86907,"n":"Lait en poudre Modilac Bébé : 2ème âge - 820g","p":15.65,"u":"19,09 €/KG","img":"https://fd3-photos.leclercdrive.fr/image.ashx?id=2873393&use=l&cat=p&typeid=i","cat":284727},{"id":86909,"n":"Lait en poudre Modilac Doucéa Bébé 0-6mois - 820g","p":18.61,"u":"22,70 €/KG","img":"https://fd3-photos.leclercdrive.fr/image.ashx?id=2997031&use=l&cat=p&typeid=i","cat":284726},{"id":86914,"n":"Fromage Camembert Isigny NRT 250g","p":2.81,"u":"11,24 €/KG","img":"https://fd3-photos.leclercdrive.fr/image.ashx?id=1961500&use=l&cat=p&typeid=i","cat":314033},{"id":86916,"n":"Lames de rasoir Carré Homme 2 lames - x10","p":1.29,"u":"0,13 €/P","img":"https://fd3-photos.leclercdrive.fr/image.ashx?id=2591721&use=l&cat=p&typeid=i","cat":284616},{"id":86940,"n":"Emmental fromage râpé bio Bio village - 400g","p":4.45,"u":"11,13 €/KG","img":"https://fd3-photos.leclercdrive.fr/image.ashx?id=2501688&use=l&cat=p&typeid=i","cat":314035},{"id":86957,"n":"Lentilles blondes Notre Jardin 500g","p":2.64,"u":"5,28 €/KG","img":"https://fd3-photos.leclercdrive.fr/image.ashx?id=2096455&use=l&cat=p&typeid=i","cat":284430},{"id":86967,"n":"Pois Cassés Notre Jardin 500g","p":2.15,"u":"4,30 €/KG","img":"https://fd3-photos.leclercdrive.fr/image.ashx?id=2096452&use=l&cat=p&typeid=i","cat":284430},{"id":86969,"n":"Haricots blancs Notre Jardin 500g","p":2.09,"u":"4,18 €/KG","img":"https://fd3-photos.leclercdrive.fr/image.ashx?id=2096449&use=l&cat=p&typeid=i","cat":284430},{"id":86976,"n":"Couscous en perles Ebly Sachets cuisson 10min - 3x100g","p":2.54,"u":"8,47 €/KG","img":"https://fd3-photos.leclercdrive.fr/image.ashx?id=2286272&use=l&cat=p&typeid=i","cat":284429},{"id":86986,"n":"Sachet fraicheur chat Sheba Thon saumon en gelée - 6x50g","p":2.45,"u":"8,17 €/KG","img":"https://fd3-photos.leclercdrive.fr/image.ashx?id=2850162&use=l&cat=p&typeid=i","cat":285286},{"id":86996,"n":"Muesli Chaque jour sans Gluten  Croustillant fruit sec bio-375g","p":3.49,"u":"9,31 €/KG","img":"https://fd3-photos.leclercdrive.fr/image.ashx?id=2554520&use=l&cat=p&typeid=i","cat":318654},{"id":87007,"n":"Bâtonnets à mâcher Dentalife Extra mini x23 - 207g","p":4.3,"u":"20,77 €/KG","img":"https://fd3-photos.leclercdrive.fr/image.ashx?id=2963970&use=l&cat=p&typeid=i","cat":294527},{"id":87024,"n":"Smoothie innocent énergie boogie ruby 750ml","p":3.66,"u":"4,88 €/L","img":"https://fd3-photos.leclercdrive.fr/image.ashx?id=2187631&use=l&cat=p&typeid=i","cat":285435},{"id":87061,"n":"Boisson gourmande PAGO ACE Orange carotte citron - 75cl","p":1.73,"u":"2,31 €/L","img":"https://fd3-photos.leclercdrive.fr/image.ashx?id=2861237&use=l&cat=p&typeid=i","cat":284916},{"id":87067,"n":"Yaourt à boire P'tit max  Délisse Fraise - 6x180g","p":2.03,"u":"1,88 €/KG","img":"https://fd3-photos.leclercdrive.fr/image.ashx?id=2762510&use=l&cat=p&typeid=i","cat":284415},{"id":87074,"n":"Nappe Damassée Homeside Grise - 7m","p":2.96,"img":"https://fd3-photos.leclercdrive.fr/image.ashx?id=1659750&use=l&cat=p&typeid=i","cat":334134},{"id":87078,"n":"Serviettes en papier Homeside Aqua - 33x33cm - 3 plis","p":1.99,"img":"https://fd3-photos.leclercdrive.fr/image.ashx?id=1659729&use=l&cat=p&typeid=i","cat":334134},{"id":87081,"n":"Serviettes en papier Homeside Rouge - 33x33cm - x50","p":1.99,"img":"https://fd3-photos.leclercdrive.fr/image.ashx?id=1659723&use=l&cat=p&typeid=i","cat":334134},{"id":87082,"n":"Serviettes en papier Homeside x30 - 38x38cm - point à point","p":1.7,"img":"https://fd3-photos.leclercdrive.fr/image.ashx?id=1659696&use=l&cat=p&typeid=i","cat":334134},{"id":87084,"n":"Rhum ambré Bacardi Carta Oro 37,5° - 70cl","p":17.25,"u":"24,64 €/L","img":"https://fd3-photos.leclercdrive.fr/image.ashx?id=2858171&use=l&cat=p&typeid=i","cat":284550},{"id":87089,"n":"Pavé Gourmand Garden Gourmet Epinards et Fromage 180g","p":2.65,"u":"14,72 €/KG","img":"https://fd3-photos.leclercdrive.fr/image.ashx?id=2971389&use=l&cat=p&typeid=i","cat":316036},{"id":87093,"n":"Eau coiffante Vitanove 150ml","p":1.99,"u":"13,27 €/L","img":"https://fd3-photos.leclercdrive.fr/image.ashx?id=2496419&use=l&cat=p&typeid=i","cat":284609},{"id":87100,"n":"Gel lavant Manava Purifiant mandarine - 300ml","p":1.25,"u":"4,17 €/L","img":"https://fd3-photos.leclercdrive.fr/image.ashx?id=2935519&use=l&cat=p&typeid=i","cat":284597},{"id":87133,"n":"Thé vert Bio Ethiquable  Menthe x20 - 36g","p":2.56,"u":"71,11 €/KG","img":"https://fd3-photos.leclercdrive.fr/image.ashx?id=2870875&use=l&cat=p&typeid=i","cat":293233},{"id":87261,"n":"Litière chats Tranquille Super agglomérante - 4.5L","p":4.63,"u":"1,03 €/L","img":"https://fd3-photos.leclercdrive.fr/image.ashx?id=1934844&use=l&cat=p&typeid=i","cat":284683},{"id":87375,"n":"Serviettes Doulys Ultra mince Nuit + large - x9","p":2.2,"u":"0,24 €/P","img":"https://fd3-photos.leclercdrive.fr/image.ashx?id=2839927&use=l&cat=p&typeid=i","cat":284624},{"id":87378,"n":"Shampooing detox L'Arbre Vert Cheveux gras - 250ml","p":2.48,"u":"9,92 €/L","img":"https://fd3-photos.leclercdrive.fr/image.ashx?id=2175906&use=l&cat=p&typeid=i","cat":284606},{"id":87379,"n":"Shampooing L'Arbre Vert Nutrition cheveux secs - 250ml","p":2.25,"u":"9,00 €/L","img":"https://fd3-photos.leclercdrive.fr/image.ashx?id=2885390&use=l&cat=p&typeid=i","cat":284606},{"id":87701,"n":"Carrés feuilletés Croustipate x4 - 240g","p":1.43,"u":"5,96 €/KG","img":"https://fd3-photos.leclercdrive.fr/image.ashx?id=2875069&use=l&cat=p&typeid=i","cat":333681},{"id":87809,"n":"Collant Dim Opaque velouté Noir - T1/2","p":5.5,"img":"https://fd3-photos.leclercdrive.fr/image.ashx?id=2876092&use=l&cat=p&typeid=i","cat":334130},{"id":87810,"n":"Collant Dim Opaque velouté Noir - T3/4","p":5.5,"img":"https://fd3-photos.leclercdrive.fr/image.ashx?id=2876095&use=l&cat=p&typeid=i","cat":334130},{"id":87849,"n":"Boisson végétale Alpro lait de coco riz - 1l","p":2.18,"u":"2,18 €/L","img":"https://fd3-photos.leclercdrive.fr/image.ashx?id=2790243&use=l&cat=p&typeid=i","cat":316067},{"id":87923,"n":"Compotes  gourdes Pom'Potes Multivariétés - 12x90g","p":5.17,"u":"4,79 €/KG","img":"https://fd3-photos.leclercdrive.fr/image.ashx?id=3010942&use=l&cat=p&typeid=i","cat":284508},{"id":87924,"n":"Dosettes café Senseo Classique x40","p":6.33,"u":"22,85 €/KG","img":"https://fd3-photos.leclercdrive.fr/image.ashx?id=2876326&use=l&cat=p&typeid=i","cat":293238},{"id":87925,"n":"Dosettes café Senseo Corsé x40","p":6.37,"u":"23,00 €/KG","img":"https://fd3-photos.leclercdrive.fr/image.ashx?id=2393581&use=l&cat=p&typeid=i","cat":293238},{"id":87926,"n":"Dosettes café Senseo Doux x40","p":7.02,"u":"25,34 €/KG","img":"https://fd3-photos.leclercdrive.fr/image.ashx?id=2337567&use=l&cat=p&typeid=i","cat":293238},{"id":87927,"n":"Dosettes café Senseo Décaféiné x40","p":7.0,"u":"25,27 €/KG","img":"https://fd3-photos.leclercdrive.fr/image.ashx?id=2324921&use=l&cat=p&typeid=i","cat":293238},{"id":87929,"n":"Dosettes café Senseo Classique x54","p":8.52,"u":"22,72 €/KG","img":"https://fd3-photos.leclercdrive.fr/image.ashx?id=2391798&use=l&cat=p&typeid=i","cat":293238},{"id":87931,"n":"Dosettes café Senseo Doux x54","p":9.2,"u":"24,53 €/KG","img":"https://fd3-photos.leclercdrive.fr/image.ashx?id=2289951&use=l&cat=p&typeid=i","cat":293238},{"id":87950,"n":"Snacks chats Tous mes amis Liquide - 90g","p":1.45,"u":"16,11 €/KG","img":"https://fd3-photos.leclercdrive.fr/image.ashx?id=2520041&use=l&cat=p&typeid=i","cat":285285},{"id":88036,"n":"Barre Céréales Chocolat GERBLE  Sans gluten Chocolat - 132g","p":3.12,"u":"23,64 €/KG","img":"https://fd3-photos.leclercdrive.fr/image.ashx?id=2662817&use=l&cat=p&typeid=i","cat":318654},{"id":88046,"n":"Compote Charles & Alice Pommes - 16x100g","p":5.61,"u":"3,51 €/KG","img":"https://fd3-photos.leclercdrive.fr/image.ashx?id=2807009&use=l&cat=p&typeid=i","cat":284416},{"id":88048,"n":"Compote Charles & Alice Pommes Bananes Vanille -4x100g","p":1.88,"u":"4,85 €/KG","img":"https://fd3-photos.leclercdrive.fr/image.ashx?id=2757698&use=l&cat=p&typeid=i","cat":284416},{"id":88053,"n":"Lasagne à la bolognaise Marie - 1 kg","p":4.74,"u":"4,74 €/KG","img":"https://fd3-photos.leclercdrive.fr/image.ashx?id=2993394&use=l&cat=p&typeid=i","cat":284254},{"id":88054,"n":"Fromage à tartiner Madame Loïk Fouetté Nat. Sel réduit - 150g","p":1.77,"u":"11,80 €/KG","img":"https://fd3-photos.leclercdrive.fr/image.ashx?id=2948018&use=l&cat=p&typeid=i","cat":314029},{"id":88056,"n":"Sachets repas Ultima Nature 2x Saumon - 2x Truite - 340g","p":2.96,"u":"8,71 €/KG","img":"https://fd3-photos.leclercdrive.fr/image.ashx?id=1592175&use=l&cat=p&typeid=i","cat":285601},{"id":88058,"n":"Apéritif anisé Pastis 51 45%vol - 1.5L","p":29.43,"u":"19,62 €/L","img":"https://fd3-photos.leclercdrive.fr/image.ashx?id=2877709&use=l&cat=p&typeid=i","cat":284548},{"id":88115,"n":"yaourt à boire danonino fraise banane abricot - 6x100g","p":2.73,"u":"4,55 €/KG","img":"https://fd3-photos.leclercdrive.fr/image.ashx?id=3003143&use=l&cat=p&typeid=i","cat":284415},{"id":88117,"n":"yaourt à boire danonino fraise banane - 4x70g","p":2.02,"u":"7,21 €/KG","img":"https://fd3-photos.leclercdrive.fr/image.ashx?id=2785202&use=l&cat=p&typeid=i","cat":284415},{"id":88206,"n":"Céréales bébé Blédine 12 mois  Vanille - 400g","p":2.5,"u":"6,25 €/KG","img":"https://fd3-photos.leclercdrive.fr/image.ashx?id=2763124&use=l&cat=p&typeid=i","cat":312225},{"id":88248,"n":"Céréales Lion Wild - 600g","p":4.17,"u":"6,95 €/KG","img":"https://fd3-photos.leclercdrive.fr/image.ashx?id=2989429&use=l&cat=p&typeid=i","cat":309513},{"id":88340,"n":"Berries Haribo Sachet bonbons - 200g","p":1.79,"u":"8,95 €/KG","img":"https://fd3-photos.leclercdrive.fr/image.ashx?id=2982411&use=l&cat=p&typeid=i","cat":304250},{"id":88342,"n":"Fécule et farine Tipiak Sans gluten - 500g","p":3.17,"u":"6,34 €/KG","img":"https://fd3-photos.leclercdrive.fr/image.ashx?id=2649217&use=l&cat=p&typeid=i","cat":318654},{"id":88380,"n":"Vinaigre de vin à l'ancienne Martin Pouret 75cl","p":5.93,"u":"7,91 €/L","img":"https://fd3-photos.leclercdrive.fr/image.ashx?id=2101201&use=l&cat=p&typeid=i","cat":298543},{"id":88413,"n":"Beurre Allégé Elle&Vire Doux - 41% MG - 250g","p":2.17,"u":"8,68 €/KG","img":"https://fd3-photos.leclercdrive.fr/image.ashx?id=2969169&use=l&cat=p&typeid=i","cat":284379},{"id":88414,"n":"Boisson a base de thé Fresh Tea Thé vert saveur menthe 1L","p":0.96,"u":"0,96 €/L","img":"https://fd3-photos.leclercdrive.fr/image.ashx?id=3003058&use=l&cat=p&typeid=i","cat":295019},{"id":88417,"n":"Matière grasse St Hubert 51%MG-Sans huile de palme -500g","p":4.97,"u":"9,94 €/KG","img":"https://fd3-photos.leclercdrive.fr/image.ashx?id=2734117&use=l&cat=p&typeid=i","cat":315229},{"id":88418,"n":"Boisson a base de thé Fresh Tea Pêche - 1L","p":0.89,"u":"0,89 €/L","img":"https://fd3-photos.leclercdrive.fr/image.ashx?id=2622275&use=l&cat=p&typeid=i","cat":295019},{"id":88429,"n":"Eau gazeuse San Pellegrino Minérale naturelle - 6x33cl","p":3.13,"u":"1,58 €/L","img":"https://fd3-photos.leclercdrive.fr/image.ashx?id=2459090&use=l&cat=p&typeid=i","cat":284536},{"id":88440,"n":"Fromage Crèmeux Saint Albray  Format Familial - 310g","p":4.74,"u":"15,29 €/KG","img":"https://fd3-photos.leclercdrive.fr/image.ashx?id=2686771&use=l&cat=p&typeid=i","cat":329558},{"id":88441,"n":"Fromage à tartiner St Môret Nature maxi format - 400g","p":4.3,"u":"10,75 €/KG","img":"https://fd3-photos.leclercdrive.fr/image.ashx?id=2755459&use=l&cat=p&typeid=i","cat":314029},{"id":88446,"n":"Fromage Le Rustique Tomme  Fruitée - 280g","p":4.25,"u":"15,18 €/KG","img":"https://fd3-photos.leclercdrive.fr/image.ashx?id=2921549&use=l&cat=p&typeid=i","cat":329184},{"id":88451,"n":"AOP Champagne Chanoine Frères Brut - 75cl","p":20.74,"u":"27,65 €/L","img":"https://fd3-photos.leclercdrive.fr/image.ashx?id=2673217&use=l&cat=p&typeid=i","cat":284542},{"id":88454,"n":"Saucisson Fuet Justin Bridou  170g","p":3.3,"u":"19,41 €/KG","img":"https://fd3-photos.leclercdrive.fr/image.ashx?id=2751165&use=l&cat=p&typeid=i","cat":316006},{"id":88458,"n":"Fromage 0% Carré Frais Ails et fines herbes - 8x25g","p":2.67,"u":"13,35 €/KG","img":"https://fd3-photos.leclercdrive.fr/image.ashx?id=2870611&use=l&cat=p&typeid=i","cat":314029},{"id":88460,"n":"Fromage de Chèvre Chavroux  9 Portions - 162g","p":3.31,"u":"20,43 €/KG","img":"https://fd3-photos.leclercdrive.fr/image.ashx?id=2936689&use=l&cat=p&typeid=i","cat":314031},{"id":88461,"n":"Salami Danois  Saint-Azay x16 - 160g","p":1.58,"u":"9,88 €/KG","img":"https://fd3-photos.leclercdrive.fr/image.ashx?id=2708354&use=l&cat=p&typeid=i","cat":316007},{"id":88471,"n":"Protège slip Tena Long - x20","p":2.47,"u":"0,12 €/P","img":"https://fd3-photos.leclercdrive.fr/image.ashx?id=2428588&use=l&cat=p&typeid=i","cat":284628},{"id":88521,"n":"Pain de mie céréales Gerblé Sans gluten  - 400g","p":4.08,"u":"10,20 €/KG","img":"https://fd3-photos.leclercdrive.fr/image.ashx?id=2662847&use=l&cat=p&typeid=i","cat":284477},{"id":88538,"n":"Fromage à tartiner St Môret Nature léger - 150g","p":3.18,"u":"21,20 €/KG","img":"https://fd3-photos.leclercdrive.fr/image.ashx?id=2755462&use=l&cat=p&typeid=i","cat":314029},{"id":88542,"n":"Tomato Ketchup Allégé Heinz 50% sucre/sel en moins - 435g","p":2.18,"u":"5,01 €/KG","img":"https://fd3-photos.leclercdrive.fr/image.ashx?id=2973357&use=l&cat=p&typeid=i","cat":284455},{"id":88557,"n":"Céréales bébé Blédine 6 mois  Vanille - 400g","p":2.2,"u":"5,50 €/KG","img":"https://fd3-photos.leclercdrive.fr/image.ashx?id=2773992&use=l&cat=p&typeid=i","cat":312225},{"id":88558,"n":"Céréales bébé Blédine 6 mois  Cacao - 400g","p":2.14,"u":"5,35 €/KG","img":"https://fd3-photos.leclercdrive.fr/image.ashx?id=2763112&use=l&cat=p&typeid=i","cat":312225},{"id":88560,"n":"Céréales bébé Blédine 6 mois  Biscuit - 400g","p":2.13,"u":"5,33 €/KG","img":"https://fd3-photos.leclercdrive.fr/image.ashx?id=2773295&use=l&cat=p&typeid=i","cat":312225},{"id":88662,"n":"Yaourt bifidus Activia Vanille - 4x125g","p":1.76,"u":"3,52 €/KG","img":"https://fd3-photos.leclercdrive.fr/image.ashx?id=3006184&use=l&cat=p&typeid=i","cat":315000},{"id":88707,"n":"Endive bio Bio Village Sachet 400g","p":3.99,"u":"9,98 €/KG","img":"https://fd3-photos.leclercdrive.fr/image.ashx?id=2655619&use=l&cat=p&typeid=i","cat":284352},{"id":88742,"n":"Yaourt bifidus Activia coco - 4x125g","p":1.65,"u":"3,30 €/KG","img":"https://fd3-photos.leclercdrive.fr/image.ashx?id=2886651&use=l&cat=p&typeid=i","cat":315000},{"id":88974,"n":"Artichauts grillés Sud & Sol 125g","p":3.04,"u":"24,32 €/KG","img":"https://fd3-photos.leclercdrive.fr/image.ashx?id=2986645&use=l&cat=p&typeid=i","cat":316002},{"id":88981,"n":"Tablette chocolat au lait Milka Caramel - 3x100g","p":4.17,"u":"13,90 €/KG","img":"https://fd3-photos.leclercdrive.fr/image.ashx?id=2617078&use=l&cat=p&typeid=i","cat":284497},{"id":88986,"n":"Barre Chocolat au Lait KitKat x6 barres - 249g","p":3.39,"u":"13,61 €/KG","img":"https://fd3-photos.leclercdrive.fr/image.ashx?id=2989426&use=l&cat=p&typeid=i","cat":284498},{"id":89010,"n":"Fromage Roquefort Société Crème 2x100g","p":4.16,"u":"20,80 €/KG","img":"https://fd3-photos.leclercdrive.fr/image.ashx?id=2789706&use=l&cat=p&typeid=i","cat":314032},{"id":89054,"n":"Bière blonde Kronenbourg 4,2° - 50cl canette","p":0.96,"u":"1,92 €/L","img":"https://fd3-photos.leclercdrive.fr/image.ashx?id=1586574&use=l&cat=p&typeid=i","cat":334853},{"id":89088,"n":"Boisson au Soja Alpro Goût vanille - 1L","p":2.38,"u":"2,38 €/L","img":"https://fd3-photos.leclercdrive.fr/image.ashx?id=2944383&use=l&cat=p&typeid=i","cat":316067},{"id":89090,"n":"Boisson végétale Alpro Soja - 1L","p":1.77,"u":"1,77 €/L","img":"https://fd3-photos.leclercdrive.fr/image.ashx?id=2977681&use=l&cat=p&typeid=i","cat":316067},{"id":89092,"n":"Boisson au soja Alpro Saveur chocolat - 1L","p":2.48,"u":"2,48 €/L","img":"https://fd3-photos.leclercdrive.fr/image.ashx?id=1889294&use=l&cat=p&typeid=i","cat":316067},{"id":89093,"n":"Boisson végétale Alpro avoine - 1l","p":2.17,"u":"2,17 €/L","img":"https://fd3-photos.leclercdrive.fr/image.ashx?id=2986852&use=l&cat=p&typeid=i","cat":316067},{"id":89094,"n":"Boisson végétale lait d'amande grillée sans sucre alpro - 1l","p":2.13,"u":"2,13 €/L","img":"https://fd3-photos.leclercdrive.fr/image.ashx?id=2985543&use=l&cat=p&typeid=i","cat":316067},{"id":89160,"n":"Recharge liquide nettoyant Swiffer WetJet - 1.25L","p":4.69,"pp":2.81,"u":"2,25 €/L","img":"https://fd3-photos.leclercdrive.fr/image.ashx?id=2867800&use=l&cat=p&typeid=i","cat":325364},{"id":89196,"n":"Eau gazeuse aromatisée Badoit Citron vert - 1L","p":1.18,"u":"1,18 €/L","img":"https://fd3-photos.leclercdrive.fr/image.ashx?id=2730658&use=l&cat=p&typeid=i","cat":284536},{"id":89197,"n":"Eau gazeuse aromatisée Badoit Pamplemousse citron - 1L","p":1.18,"u":"1,18 €/L","img":"https://fd3-photos.leclercdrive.fr/image.ashx?id=2730655&use=l&cat=p&typeid=i","cat":284536},{"id":89198,"n":"Eau gazeuse aromatisée Badoit Citron menthe - 1L","p":1.29,"u":"1,29 €/L","img":"https://fd3-photos.leclercdrive.fr/image.ashx?id=2730661&use=l&cat=p&typeid=i","cat":284536},{"id":89316,"n":"Fromage Carré de Normandie NRT 200g","p":2.11,"u":"10,55 €/KG","img":"https://fd3-photos.leclercdrive.fr/image.ashx?id=2488377&use=l&cat=p&typeid=i","cat":314033},{"id":89329,"n":"Dentifrice Aquafresh Triple protection menthe - 75ml","p":1.28,"u":"17,07 €/L","img":"https://fd3-photos.leclercdrive.fr/image.ashx?id=2487614&use=l&cat=p&typeid=i","cat":284612},{"id":89336,"n":"Cire coiffante Vitanove Effet mat - 75ml","p":2.27,"u":"30,27 €/L","img":"https://fd3-photos.leclercdrive.fr/image.ashx?id=2791314&use=l&cat=p&typeid=i","cat":284609},{"id":89338,"n":"Soin anti-rides Inell Q10 Jour - 50ml","p":2.49,"u":"49,80 €/L","img":"https://fd3-photos.leclercdrive.fr/image.ashx?id=2822132&use=l&cat=p&typeid=i","cat":325345},{"id":89341,"n":"Gel lavant recharge Manava Antibactérien Mandarine - 250ml","p":0.54,"u":"2,16 €/L","img":"https://fd3-photos.leclercdrive.fr/image.ashx?id=2935522&use=l&cat=p&typeid=i","cat":284597},{"id":89344,"n":"Serviettes Normal Doulys Ultra mince - x28","p":2.42,"u":"0,09 €/P","img":"https://fd3-photos.leclercdrive.fr/image.ashx?id=2789143&use=l&cat=p&typeid=i","cat":284624},{"id":89345,"n":"Serviettes Super Doulys Ultra mince - x24","p":1.8,"u":"0,08 €/P","img":"https://fd3-photos.leclercdrive.fr/image.ashx?id=2839931&use=l&cat=p&typeid=i","cat":284624},{"id":89346,"n":"Serviettes Nuit Doulys Ultra mince - x20","p":2.55,"u":"0,13 €/P","img":"https://fd3-photos.leclercdrive.fr/image.ashx?id=2839935&use=l&cat=p&typeid=i","cat":284624},{"id":89383,"n":"Changes Bébé Harmonie Pampers T2 - x39","p":15.64,"u":"0,40 €/P","img":"https://fd3-photos.leclercdrive.fr/image.ashx?id=2542648&use=l&cat=p&typeid=i","cat":284737},{"id":89390,"n":"Boxers coton stretch Dim Noir - Taille 3 - x3","p":24.95,"u":"8,32 €/P","img":"https://fd3-photos.leclercdrive.fr/image.ashx?id=2560678&use=l&cat=p&typeid=i","cat":291524},{"id":89391,"n":"Boxers coton stretch Dim Noir - Taille 4 - x3","p":24.95,"u":"8,32 €/P","img":"https://fd3-photos.leclercdrive.fr/image.ashx?id=2560681&use=l&cat=p&typeid=i","cat":291524},{"id":89392,"n":"Boxers coton stretch Dim Noir - Taille 5 - x3","p":24.95,"u":"8,32 €/P","img":"https://fd3-photos.leclercdrive.fr/image.ashx?id=2560684&use=l&cat=p&typeid=i","cat":291524},{"id":89424,"n":"Pesto vert Bio Village Bio - 185g","p":1.8,"u":"9,73 €/KG","img":"https://fd3-photos.leclercdrive.fr/image.ashx?id=1466304&use=l&cat=p&typeid=i","cat":287599},{"id":89503,"n":"Mélange de fruits secs  Seeberger - 150g","p":2.48,"u":"16,53 €/KG","img":"https://fd3-photos.leclercdrive.fr/image.ashx?id=2950636&use=l&cat=p&typeid=i","cat":316002},{"id":89507,"n":"Xtrem Box Sodebo Radiatori à la Carbonara 400g","p":3.08,"u":"7,70 €/KG","img":"https://fd3-photos.leclercdrive.fr/image.ashx?id=2631588&use=l&cat=p&typeid=i","cat":334983},{"id":89515,"n":"Velouté de légumes Régal Soupe Instantané - 64g","p":1.35,"u":"21,09 €/KG","img":"https://fd3-photos.leclercdrive.fr/image.ashx?id=1886620&use=l&cat=p&typeid=i","cat":293527},{"id":89519,"n":"Bouillon chinois Régal Soupe Instantané - 48g","p":1.34,"u":"27,92 €/KG","img":"https://fd3-photos.leclercdrive.fr/image.ashx?id=2071345&use=l&cat=p&typeid=i","cat":288992},{"id":89520,"n":"Mouliné 10 légumes Régal Soupe Instantané - 80g","p":1.39,"u":"17,38 €/KG","img":"https://fd3-photos.leclercdrive.fr/image.ashx?id=1886623&use=l&cat=p&typeid=i","cat":293527},{"id":89521,"n":"Crème de champignon Régal Soupe Instantané - 80g","p":1.19,"u":"14,88 €/KG","img":"https://fd3-photos.leclercdrive.fr/image.ashx?id=2071348&use=l&cat=p&typeid=i","cat":293527},{"id":89523,"n":"Madeleines coquilles Eco+ Aux oeufs - 500g","p":1.55,"u":"3,10 €/KG","img":"https://fd3-photos.leclercdrive.fr/image.ashx?id=2780671&use=l&cat=p&typeid=i","cat":284492},{"id":89524,"n":"Moelleux Ker Cadélac Original - 690g","p":3.82,"u":"5,54 €/KG","img":"https://fd3-photos.leclercdrive.fr/image.ashx?id=2959937&use=l&cat=p&typeid=i","cat":294776},{"id":89568,"n":"Trio de slips Well Imprimé Invisible - noir nude - T:36/38","p":13.95,"u":"4,65 €/P","img":"https://fd3-photos.leclercdrive.fr/image.ashx?id=2905336&use=l&cat=p&typeid=i","cat":291524},{"id":89569,"n":"Trio de slips Well Imprimé Invisible - noir nude - T:40/42","p":13.95,"u":"4,65 €/P","img":"https://fd3-photos.leclercdrive.fr/image.ashx?id=2905339&use=l&cat=p&typeid=i","cat":291524},{"id":89570,"n":"Trio de slips Well Imprimé Invisible - noir nude - T:44/46","p":13.95,"u":"4,65 €/P","img":"https://fd3-photos.leclercdrive.fr/image.ashx?id=2905342&use=l&cat=p&typeid=i","cat":291524},{"id":89572,"n":"Duo cocoon lot de 2 Shorty Well Blanc - Taille 40/42","p":13.9,"u":"6,95 €/P","img":"https://fd3-photos.leclercdrive.fr/image.ashx?id=2056440&use=l&cat=p&typeid=i","cat":291524},{"id":89574,"n":"Duo cocoon lot de 2 Shorty Well Noir - Taille 36/38","p":13.9,"u":"6,95 €/P","img":"https://fd3-photos.leclercdrive.fr/image.ashx?id=2056446&use=l&cat=p&typeid=i","cat":291524},{"id":89580,"n":"Duo cocoon lot de 2 Shorty Well Noir - Taille 44/46","p":13.95,"u":"6,98 €/P","img":"https://fd3-photos.leclercdrive.fr/image.ashx?id=2056452&use=l&cat=p&typeid=i","cat":291524},{"id":89581,"n":"Duo cocoon lot de 2 Shorty Well Nude - Taille 36/38","p":12.54,"u":"6,27 €/P","img":"https://fd3-photos.leclercdrive.fr/image.ashx?id=2056476&use=l&cat=p&typeid=i","cat":291524},{"id":89584,"n":"Duo cocoon lot de 2 Shorty Well Nude - Taille 44/46","p":12.54,"u":"6,27 €/P","img":"https://fd3-photos.leclercdrive.fr/image.ashx?id=2056482&use=l&cat=p&typeid=i","cat":291524},{"id":89585,"n":"Duo cocoon lot de 2 slips Well Blanc - Taille 36/38","p":11.95,"u":"5,98 €/P","img":"https://fd3-photos.leclercdrive.fr/image.ashx?id=2953462&use=l&cat=p&typeid=i","cat":291524},{"id":89587,"n":"Duo cocoon lot de 2 slips Well Blanc - Taille 40/42","p":11.95,"u":"5,98 €/P","img":"https://fd3-photos.leclercdrive.fr/image.ashx?id=2953465&use=l&cat=p&typeid=i","cat":291524},{"id":89601,"n":"Duo cocoon lot de 2 slips Well Nude - Taille 36/38","p":11.95,"u":"5,98 €/P","img":"https://fd3-photos.leclercdrive.fr/image.ashx?id=2953480&use=l&cat=p&typeid=i","cat":291524},{"id":89603,"n":"Duo cocoon lot de 2 slips Well Nude - Taille 40/42","p":11.95,"u":"5,98 €/P","img":"https://fd3-photos.leclercdrive.fr/image.ashx?id=2953483&use=l&cat=p&typeid=i","cat":291524},{"id":89608,"n":"Lot de 3 slips Dim Pockets Coton Stretch - Taille 36/38","p":12.95,"u":"4,32 €/P","img":"https://fd3-photos.leclercdrive.fr/image.ashx?id=2461536&use=l&cat=p&typeid=i","cat":291524},{"id":89611,"n":"Lot de 3 slips Dim Pockets Coton Stretch - Taille 40/42","p":12.95,"u":"6,48 €/P","img":"https://fd3-photos.leclercdrive.fr/image.ashx?id=2461539&use=l&cat=p&typeid=i","cat":291524},{"id":89613,"n":"Lot de 3 slips Dim Pockets Coton Stretch - Taille 44/46","p":12.95,"u":"6,48 €/P","img":"https://fd3-photos.leclercdrive.fr/image.ashx?id=2461542&use=l&cat=p&typeid=i","cat":291524},{"id":89617,"n":"Mi-chaussette coton Dim Anthracite/Noir - T35/38 - x2","p":7.95,"u":"3,98 €/P","img":"https://fd3-photos.leclercdrive.fr/image.ashx?id=2534965&use=l&cat=p&typeid=i","cat":334130},{"id":89620,"n":"Mi-chaussette coton Dim Anthracite/Noir - T39/42 - x2","p":7.95,"u":"3,98 €/P","img":"https://fd3-photos.leclercdrive.fr/image.ashx?id=2534968&use=l&cat=p&typeid=i","cat":334130},{"id":89622,"n":"Mi-chaussette Ecodim Dim Noir - T37/41 - x5","p":10.5,"u":"2,10 €/P","img":"https://fd3-photos.leclercdrive.fr/image.ashx?id=2354117&use=l&cat=p&typeid=i","cat":334130},{"id":89635,"n":"Infusion Les 2 Marmottes Thym x30 - 35g","p":4.13,"u":"118,00 €/KG","img":"https://fd3-photos.leclercdrive.fr/image.ashx?id=2833555&use=l&cat=p&typeid=i","cat":293234},{"id":89636,"n":"Infusion Les 2 Marmottes Verveine x30 - 46g","p":5.34,"u":"116,09 €/KG","img":"https://fd3-photos.leclercdrive.fr/image.ashx?id=2833564&use=l&cat=p&typeid=i","cat":293234},{"id":89637,"n":"Infusion Les 2 marmottes Fenouil - 30 sachets - 60g","p":4.58,"u":"76,33 €/KG","img":"https://fd3-photos.leclercdrive.fr/image.ashx?id=2833573&use=l&cat=p&typeid=i","cat":293234},{"id":89640,"n":"Infusion Les 2 marmottes Detox et vous x30 - 50g","p":5.49,"u":"109,80 €/KG","img":"https://fd3-photos.leclercdrive.fr/image.ashx?id=2833585&use=l&cat=p&typeid=i","cat":293234},{"id":89660,"n":"Xtrem Box Sodebo Radiatori  4 Fromages - 400g","p":3.27,"u":"8,18 €/KG","img":"https://fd3-photos.leclercdrive.fr/image.ashx?id=2631591&use=l&cat=p&typeid=i","cat":334983},{"id":89684,"n":"Olives cassées a l'ail  170g","p":2.25,"u":"13,24 €/KG","img":"https://fd3-photos.leclercdrive.fr/image.ashx?id=1912712&use=l&cat=p&typeid=i","cat":316002},{"id":89695,"n":"Poulet Weight Watchers Curry-coco - 300g","p":3.75,"u":"12,50 €/KG","img":"https://fd3-photos.leclercdrive.fr/image.ashx?id=2827203&use=l&cat=p&typeid=i","cat":333665},{"id":89848,"n":"Boisson Végétale lait d'amande  bjorg cappuccino - bio - 1l","p":2.57,"u":"2,57 €/L","img":"https://fd3-photos.leclercdrive.fr/image.ashx?id=2962488&use=l&cat=p&typeid=i","cat":316067},{"id":89897,"n":"Boisson Végétale lait d'amande grillée bio - 1l","p":2.37,"u":"2,37 €/L","img":"https://fd3-photos.leclercdrive.fr/image.ashx?id=2912065&use=l&cat=p&typeid=i","cat":316067},{"id":89914,"n":"Bouillon Cube Maggi Légumes x18 - 180g","p":1.49,"u":"8,28 €/KG","img":"https://fd3-photos.leclercdrive.fr/image.ashx?id=2737039&use=l&cat=p&typeid=i","cat":288379},{"id":89921,"n":"Orge pois cassés bio Happy Bio 500g","p":2.93,"u":"5,86 €/KG","img":"https://fd3-photos.leclercdrive.fr/image.ashx?id=2655955&use=l&cat=p&typeid=i","cat":284429},{"id":90021,"n":"Thon Le Mariné Petit Navire Emietté -Tomates séchées - 110g","p":2.36,"u":"21,45 €/KG","img":"https://fd3-photos.leclercdrive.fr/image.ashx?id=2682857&use=l&cat=p&typeid=i","cat":303867},{"id":90056,"n":"Quinotto Jardin Bio Bio légumes parmesan - 220g","p":2.71,"u":"12,32 €/KG","img":"https://fd3-photos.leclercdrive.fr/image.ashx?id=2535421&use=l&cat=p&typeid=i","cat":287600},{"id":90058,"n":"Ravioli Jardin Bio Bio chèvre ciboulette - 250g","p":2.62,"u":"10,48 €/KG","img":"https://fd3-photos.leclercdrive.fr/image.ashx?id=2534842&use=l&cat=p&typeid=i","cat":287600},{"id":90059,"n":"Thé Bio Ethiquable Breakfast - 20 sachets - 36g","p":2.58,"u":"71,67 €/KG","img":"https://fd3-photos.leclercdrive.fr/image.ashx?id=2870830&use=l&cat=p&typeid=i","cat":293233},{"id":90078,"n":"Compotes Pom'Potes Gourdes BIO  Multivariétés - 12x90g","p":7.19,"u":"6,66 €/KG","img":"https://fd3-photos.leclercdrive.fr/image.ashx?id=2961861&use=l&cat=p&typeid=i","cat":284508},{"id":90082,"n":"Ciboulette Ducros 4g","p":1.41,"u":"352,50 €/KG","img":"https://fd3-photos.leclercdrive.fr/image.ashx?id=2559487&use=l&cat=p&typeid=i","cat":298297},{"id":90120,"n":"Crème Saint Agur  155g","p":2.65,"u":"17,10 €/KG","img":"https://fd3-photos.leclercdrive.fr/image.ashx?id=2760014&use=l&cat=p&typeid=i","cat":314029},{"id":90121,"n":"Fromage Caprice des Anges  Frais et Fondant - 200g","p":3.2,"u":"16,00 €/KG","img":"https://fd3-photos.leclercdrive.fr/image.ashx?id=2734837&use=l&cat=p&typeid=i","cat":314029},{"id":90122,"n":"Camembert Coeur de Lion 250g","p":1.97,"u":"7,88 €/KG","img":"https://fd3-photos.leclercdrive.fr/image.ashx?id=3008185&use=l&cat=p&typeid=i","cat":314033},{"id":90182,"n":"Savon Bionaïa Lait d'anesse - 100g","p":1.72,"u":"17,20 €/KG","img":"https://fd3-photos.leclercdrive.fr/image.ashx?id=2491047&use=l&cat=p&typeid=i","cat":284597},{"id":90481,"n":"Eau infusée Bio Volvic  Hibiscus litchti passion - 75cl","p":1.45,"u":"1,93 €/L","img":"https://fd3-photos.leclercdrive.fr/image.ashx?id=2500437&use=l&cat=p&typeid=i","cat":284537},{"id":90535,"n":"Crabe Nautilus 100% morceaux - 105g","p":5.45,"pp":3.6,"u":"34,29 €/KG","img":"https://fd3-photos.leclercdrive.fr/image.ashx?id=2647516&use=l&cat=p&typeid=i","cat":305147},{"id":90547,"n":"Croquettes chat Purina One Chat Stérilisé Truite/Blé-1.5kg","p":6.97,"u":"4,65 €/KG","img":"https://fd3-photos.leclercdrive.fr/image.ashx?id=2488064&use=l&cat=p&typeid=i","cat":284680},{"id":90553,"n":"Sauce Tables du Monde Tikka Massala - 350g","p":1.75,"u":"5,00 €/KG","img":"https://fd3-photos.leclercdrive.fr/image.ashx?id=2556523&use=l&cat=p&typeid=i","cat":288992},{"id":90562,"n":"Yaourt bifidus Activia saveur framboise - 4x125g","p":1.93,"u":"3,86 €/KG","img":"https://fd3-photos.leclercdrive.fr/image.ashx?id=2886654&use=l&cat=p&typeid=i","cat":315000},{"id":90592,"n":"Herbes de Provence 35g","p":2.4,"u":"68,57 €/KG","img":"https://fd3-photos.leclercdrive.fr/image.ashx?id=2019582&use=l&cat=p&typeid=i","cat":298297},{"id":90627,"n":"Tofu Céréal Bio Bio Nature - 250g","p":2.41,"u":"9,64 €/KG","img":"https://fd3-photos.leclercdrive.fr/image.ashx?id=2890145&use=l&cat=p&typeid=i","cat":316036},{"id":90633,"n":"Ricotta Bio Village Bio - 250g","p":1.79,"u":"7,16 €/KG","img":"https://fd3-photos.leclercdrive.fr/image.ashx?id=2185800&use=l&cat=p&typeid=i","cat":314026},{"id":90643,"n":"Thé vert Bio Clipper Mangue - 20 sachets - 35g","p":2.53,"u":"72,29 €/KG","img":"https://fd3-photos.leclercdrive.fr/image.ashx?id=2916420&use=l&cat=p&typeid=i","cat":293233},{"id":90644,"n":"Thé vert Bio Clipper Framboise menthe - 35g","p":2.51,"u":"71,71 €/KG","img":"https://fd3-photos.leclercdrive.fr/image.ashx?id=2908303&use=l&cat=p&typeid=i","cat":293233},{"id":90667,"n":"Céréales Chocapic Nestlé Bio - 375g","p":3.27,"u":"8,72 €/KG","img":"https://fd3-photos.leclercdrive.fr/image.ashx?id=2997262&use=l&cat=p&typeid=i","cat":309513},{"id":90670,"n":"Muesli fruits bio sans sucres  ajoutés Terres et Céréales-1kg","p":5.63,"u":"5,63 €/KG","img":"https://fd3-photos.leclercdrive.fr/image.ashx?id=2858455&use=l&cat=p&typeid=i","cat":309512},{"id":90673,"n":"Pâte à tartiner Alter Eco Bio Sans huile de palme - 270g","p":3.4,"u":"12,59 €/KG","img":"https://fd3-photos.leclercdrive.fr/image.ashx?id=2264195&use=l&cat=p&typeid=i","cat":284481},{"id":90676,"n":"Crème dessert Mont Blanc Boîte Vanille - 570g","p":2.36,"u":"4,14 €/KG","img":"https://fd3-photos.leclercdrive.fr/image.ashx?id=3008830&use=l&cat=p&typeid=i","cat":284506},{"id":90682,"n":"Génoise P'tit Déli Fraise - 150g","p":1.41,"u":"9,40 €/KG","img":"https://fd3-photos.leclercdrive.fr/image.ashx?id=2482505&use=l&cat=p&typeid=i","cat":284489},{"id":90689,"n":"Lotus Biscoff Speculoos Biscuit Pocket 248g (16x2p)","p":2.32,"u":"9,35 €/KG","img":"https://fd3-photos.leclercdrive.fr/image.ashx?id=2694986&use=l&cat=p&typeid=i","cat":284487},{"id":90693,"n":"Chair et pattes de crabe Eco+ 121g","p":3.35,"u":"27,69 €/KG","img":"https://fd3-photos.leclercdrive.fr/image.ashx?id=2646985&use=l&cat=p&typeid=i","cat":305147},{"id":90697,"n":"Boisson Coco Végé 1L Végé - 200g","p":1.75,"u":"1,75 €/L","img":"https://fd3-photos.leclercdrive.fr/image.ashx?id=2869516&use=l&cat=p&typeid=i","cat":316067},{"id":90725,"n":"Infusion bio Clipper Vanille et saveur fraise - 40g","p":2.17,"u":"54,25 €/KG","img":"https://fd3-photos.leclercdrive.fr/image.ashx?id=2906751&use=l&cat=p&typeid=i","cat":293234},{"id":90727,"n":"Crok fondant tout chocolat bio  Terres et Céréales - 375g","p":4.67,"u":"12,45 €/KG","img":"https://fd3-photos.leclercdrive.fr/image.ashx?id=2672290&use=l&cat=p&typeid=i","cat":309513},{"id":90730,"n":"Cancoillotte à l'ail Le Francomtois - 250g","p":2.47,"u":"9,88 €/KG","img":"https://fd3-photos.leclercdrive.fr/image.ashx?id=2456966&use=l&cat=p&typeid=i","cat":314037},{"id":90750,"n":"Déodorant homme bille Sanex Men Natur Protect Respect - 50ml","p":2.69,"u":"53,80 €/L","img":"https://fd3-photos.leclercdrive.fr/image.ashx?id=2684644&use=l&cat=p&typeid=i","cat":284618},{"id":90763,"n":"Shampooing Nat&Nove Bio Tous types de cheveux - 250ml","p":5.04,"u":"20,16 €/L","img":"https://fd3-photos.leclercdrive.fr/image.ashx?id=2583150&use=l&cat=p&typeid=i","cat":284606},{"id":90777,"n":"Crème visage La Provençale Bio Jouvence Anti-Âge - 50ml","p":7.72,"u":"154,40 €/L","img":"https://fd3-photos.leclercdrive.fr/image.ashx?id=2950357&use=l&cat=p&typeid=i","cat":325345},{"id":90798,"n":"Velouté Bio Liebig Légumes du soleil - 1L","p":3.52,"u":"3,52 €/L","img":"https://fd3-photos.leclercdrive.fr/image.ashx?id=2643689&use=l&cat=p&typeid=i","cat":284462},{"id":90799,"n":"Soupe Liquide Bio Liebig  Légumes du Soleil - 2x30cl","p":2.94,"u":"4,90 €/L","img":"https://fd3-photos.leclercdrive.fr/image.ashx?id=2643692&use=l&cat=p&typeid=i","cat":284462},{"id":90822,"n":"Soupe liquide Knorr Légumes du potager - 45cl","p":2.57,"u":"5,71 €/L","img":"https://fd3-photos.leclercdrive.fr/image.ashx?id=2324357&use=l&cat=p&typeid=i","cat":284462},{"id":90877,"n":"Barre Têtes-Brûlées Cola Framboise Kitache - 200g","p":1.93,"u":"9,65 €/KG","img":"https://fd3-photos.leclercdrive.fr/image.ashx?id=2981148&use=l&cat=p&typeid=i","cat":304250},{"id":90887,"n":"Whisky Japonais Akashi blend Sous étui - 40% vol. - 50cl","p":25.59,"u":"51,18 €/L","img":"https://fd3-photos.leclercdrive.fr/image.ashx?id=2860508&use=l&cat=p&typeid=i","cat":284547},{"id":90905,"n":"Emmental 32% MG Bio Bio village - 250g","p":2.99,"u":"11,96 €/KG","img":"https://fd3-photos.leclercdrive.fr/image.ashx?id=2425351&use=l&cat=p&typeid=i","cat":314034},{"id":91019,"n":"Pastis de Marseille Sigale 45%vol. - 50cl","p":9.89,"u":"19,78 €/L","img":"https://fd3-photos.leclercdrive.fr/image.ashx?id=2637820&use=l&cat=p&typeid=i","cat":284548},{"id":91022,"n":"Vodka Boriskov Pure grain 37.5%vol - 70cl","p":9.95,"u":"14,21 €/L","img":"https://fd3-photos.leclercdrive.fr/image.ashx?id=2805009&use=l&cat=p&typeid=i","cat":284550},{"id":91025,"n":"Pur Jus Bio Village Bio Grenade - 1L","p":4.87,"u":"4,87 €/L","img":"https://fd3-photos.leclercdrive.fr/image.ashx?id=2901545&use=l&cat=p&typeid=i","cat":284916},{"id":91026,"n":"Pur Jus d'orange Bio Village Bio Carotte Citron - 1L","p":2.89,"u":"2,89 €/L","img":"https://fd3-photos.leclercdrive.fr/image.ashx?id=2901557&use=l&cat=p&typeid=i","cat":284521},{"id":91027,"n":"Chips Tortilla Old El Paso Nachips maxi format - 300g","p":4.73,"u":"15,77 €/KG","img":"https://fd3-photos.leclercdrive.fr/image.ashx?id=2737696&use=l&cat=p&typeid=i","cat":288993},{"id":91177,"n":"Démaquillant Yeux biphase Nivea Sensibles Waterproof - 125ml","p":2.57,"u":"20,56 €/L","img":"https://fd3-photos.leclercdrive.fr/image.ashx?id=2953944&use=l&cat=p&typeid=i","cat":284603},{"id":91178,"n":"Crème visage Jour FPS 15 Nivea Nourrissante Peau Sèche - 50ml","p":3.9,"u":"78,00 €/L","img":"https://fd3-photos.leclercdrive.fr/image.ashx?id=3014605&use=l&cat=p&typeid=i","cat":325345},{"id":91221,"n":"Pâtes Fusili Panzani Créatives - 500G","p":1.28,"u":"2,56 €/KG","img":"https://fd3-photos.leclercdrive.fr/image.ashx?id=2902942&use=l&cat=p&typeid=i","cat":284427},{"id":91250,"n":"Saucisson nostrano  120g","p":5.9,"u":"49,17 €/KG","img":"https://fd3-photos.leclercdrive.fr/image.ashx?id=2240958&use=l&cat=p&typeid=i","cat":316007},{"id":91330,"n":"AOC Crémant de Bourgogne 1/2 sec - Veuve Ambal - 75cl","p":7.99,"pp":5.99,"u":"7,99 €/L","img":"https://fd3-photos.leclercdrive.fr/image.ashx?id=1737211&use=l&cat=p&typeid=i","cat":284545},{"id":91340,"n":"Collants Modacolors Le Bourget Opaque Marine T1/2","p":5.95,"img":"https://fd3-photos.leclercdrive.fr/image.ashx?id=2566966&use=l&cat=p&typeid=i","cat":334130},{"id":91434,"n":"Ampoule réflecteur Foxter LED E14 5-60W blanc chaud","p":6.99,"img":"https://fd3-photos.leclercdrive.fr/image.ashx?id=1505730&use=l&cat=p&typeid=i","cat":300573},{"id":91440,"n":"IGP Pays d'Oc blanc Bio Vegan Chardonnay Naturae 12% vol 75cl","p":6.55,"u":"8,73 €/L","img":"https://fd3-photos.leclercdrive.fr/image.ashx?id=2676063&use=l&cat=p&typeid=i","cat":289557},{"id":91456,"n":"IGP Pays d'Oc rouge Bio Merlot Naturae vegan - 75cl","p":6.58,"u":"8,77 €/L","img":"https://fd3-photos.leclercdrive.fr/image.ashx?id=2463570&use=l&cat=p&typeid=i","cat":289556},{"id":91461,"n":"Mini toblerone Chocolat au lait - 280g","p":10.63,"u":"37,96 €/KG","img":"https://fd3-photos.leclercdrive.fr/image.ashx?id=2792951&use=l&cat=p&typeid=i","cat":284499},{"id":91482,"n":"Riz Comptoir du Grain Champignons 2 min - 250g","p":1.22,"u":"4,88 €/KG","img":"https://fd3-photos.leclercdrive.fr/image.ashx?id=2856561&use=l&cat=p&typeid=i","cat":287600},{"id":91485,"n":"Riz long Comptoir du Grain Express 2 min - 250g","p":0.99,"u":"3,96 €/KG","img":"https://fd3-photos.leclercdrive.fr/image.ashx?id=2441393&use=l&cat=p&typeid=i","cat":287600},{"id":91487,"n":"Bière Brewdog Elvis Juice  33cl","p":2.21,"u":"6,70 €/L","img":"https://fd3-photos.leclercdrive.fr/image.ashx?id=2941871&use=l&cat=p&typeid=i","cat":334872},{"id":91553,"n":"Quinoa Céréal Bio  Bio repas express 220g","p":2.07,"u":"9,41 €/KG","img":"https://fd3-photos.leclercdrive.fr/image.ashx?id=2575081&use=l&cat=p&typeid=i","cat":287600},{"id":91554,"n":"Blé Riz quinoa Céréal Bio  Bio repas express 220g","p":1.99,"u":"9,05 €/KG","img":"https://fd3-photos.leclercdrive.fr/image.ashx?id=2662844&use=l&cat=p&typeid=i","cat":287600},{"id":91557,"n":"Lentilles Riz Soja Céréal Bio Bio repas express-250g","p":1.83,"u":"7,32 €/KG","img":"https://fd3-photos.leclercdrive.fr/image.ashx?id=2575084&use=l&cat=p&typeid=i","cat":287600},{"id":91575,"n":"Dessert fruitier Andros Pomme - x16","p":4.97,"u":"0,31 €/P","img":"https://fd3-photos.leclercdrive.fr/image.ashx?id=2910183&use=l&cat=p&typeid=i","cat":284416},{"id":91585,"n":"Bicarbonate de soude Briochin Ecocert - 500g","p":2.92,"u":"5,84 €/KG","img":"https://fd3-photos.leclercdrive.fr/image.ashx?id=3000749&use=l&cat=p&typeid=i","cat":325365},{"id":91603,"n":"Gel pur So Bio Etic Aloe Vera bio - 125ml","p":7.57,"u":"60,56 €/L","img":"https://fd3-photos.leclercdrive.fr/image.ashx?id=2802497&use=l&cat=p&typeid=i","cat":325345},{"id":91605,"n":"Soin nutritif So Bio Etic Aloe Vera bio - 50ml","p":7.47,"u":"149,40 €/L","img":"https://fd3-photos.leclercdrive.fr/image.ashx?id=2992128&use=l&cat=p&typeid=i","cat":325345},{"id":91647,"n":"Caviar Baeri Prince Soukhanoff Boîte de 10g","p":12.36,"img":"https://fd3-photos.leclercdrive.fr/image.ashx?id=2095896&use=l&cat=p&typeid=i","cat":285191},{"id":91677,"n":"Détachant spray Dr.Beckmann Avant lavage - 500ml","p":2.88,"u":"5,76 €/L","img":"https://fd3-photos.leclercdrive.fr/image.ashx?id=1590470&use=l&cat=p&typeid=i","cat":284651},{"id":91751,"n":"AOC Alsace Gewurztraminer  Schoech Moelleux - 75cl","p":7.7,"u":"10,27 €/L","img":"https://fd3-photos.leclercdrive.fr/image.ashx?id=1552645&use=l&cat=p&typeid=i","cat":289557},{"id":91768,"n":"Roquefort AOP Société Fromage de brebis - 100g","p":2.43,"u":"24,30 €/KG","img":"https://fd3-photos.leclercdrive.fr/image.ashx?id=2729701&use=l&cat=p&typeid=i","cat":314032},{"id":91807,"n":"petit suisse aux fruits danonino - 12x50g","p":2.4,"u":"4,00 €/KG","img":"https://fd3-photos.leclercdrive.fr/image.ashx?id=3003140&use=l&cat=p&typeid=i","cat":284414},{"id":91842,"n":"Infusion Bio La Tisanière Nuit x20 - 30g","p":2.56,"u":"85,33 €/KG","img":"https://fd3-photos.leclercdrive.fr/image.ashx?id=2477051&use=l&cat=p&typeid=i","cat":293234},{"id":91907,"n":"Assortiment Copains Copines Tubo gélifie acide - 600g","p":3.69,"u":"6,15 €/KG","img":"https://fd3-photos.leclercdrive.fr/image.ashx?id=2417219&use=l&cat=p&typeid=i","cat":304250},{"id":91944,"n":"Vinaigre blanc Saas Melfor Bidon - 5L","p":4.21,"u":"0,84 €/L","img":"https://fd3-photos.leclercdrive.fr/image.ashx?id=1933779&use=l&cat=p&typeid=i","cat":298543},{"id":92027,"n":"Tablette chocolat au lait Lindt Caramel Pointe de sel - 100g","p":2.33,"u":"23,30 €/KG","img":"https://fd3-photos.leclercdrive.fr/image.ashx?id=2750384&use=l&cat=p&typeid=i","cat":284497},{"id":92028,"n":"Tablette de chocolat noir Lindt Amandes effilées - 100g","p":2.47,"u":"24,70 €/KG","img":"https://fd3-photos.leclercdrive.fr/image.ashx?id=2643764&use=l&cat=p&typeid=i","cat":284956},{"id":92072,"n":"Ecrasé Pom'lisse Pomme de terre et cèpes - 400g","p":3.95,"u":"9,88 €/KG","img":"https://fd3-photos.leclercdrive.fr/image.ashx?id=2373269&use=l&cat=p&typeid=i","cat":319793},{"id":92073,"n":"Légumes pour Wok Bio Village Bio - 600g","p":2.99,"u":"4,98 €/KG","img":"https://fd3-photos.leclercdrive.fr/image.ashx?id=2898071&use=l&cat=p&typeid=i","cat":319823},{"id":92255,"n":"Soupe liquide brique Liebig  Courgettes Vache Qui Rit 2x30cl","p":2.82,"u":"4,70 €/L","img":"https://fd3-photos.leclercdrive.fr/image.ashx?id=2175518&use=l&cat=p&typeid=i","cat":284462},{"id":92256,"n":"Gourdes bio bébé Hipp Bio 4 variétés - 8x120g","p":7.47,"u":"7,78 €/KG","img":"https://fd3-photos.leclercdrive.fr/image.ashx?id=2915578&use=l&cat=p&typeid=i","cat":312393},{"id":92267,"n":"Soupe instantanée Royco  Indienne - 3x200ml","p":1.62,"u":"2,70 €/L","img":"https://fd3-photos.leclercdrive.fr/image.ashx?id=2650988&use=l&cat=p&typeid=i","cat":293527},{"id":92342,"n":"AOP Bordeaux vin blanc Mouton Cadet - 75cl","p":5.59,"u":"7,45 €/L","img":"https://fd3-photos.leclercdrive.fr/image.ashx?id=2845985&use=l&cat=p&typeid=i","cat":289557},{"id":92351,"n":"Crème mains Inell Réparatrice - 100ml","p":1.45,"u":"14,50 €/L","img":"https://fd3-photos.leclercdrive.fr/image.ashx?id=2822135&use=l&cat=p&typeid=i","cat":325354},{"id":92356,"n":"Serviettes Hygieniques Vania  Maxi confort super - x16","p":1.79,"u":"0,11 €/P","img":"https://fd3-photos.leclercdrive.fr/image.ashx?id=2908168&use=l&cat=p&typeid=i","cat":284624},{"id":92436,"n":"Noix de Saint-Jacques ASC Ronde des Mers - 300g","p":8.7,"u":"29,00 €/KG","img":"https://fd3-photos.leclercdrive.fr/image.ashx?id=2835032&use=l&cat=p&typeid=i","cat":319787},{"id":92454,"n":"Mini bûche Eskiss Fruits rouge x6 - 328g","p":2.29,"u":"6,98 €/KG","img":"https://fd3-photos.leclercdrive.fr/image.ashx?id=2459159&use=l&cat=p&typeid=i","cat":284266},{"id":92514,"n":"Colin Alaska Meunière Findus MSC - 250g","p":3.04,"u":"12,16 €/KG","img":"https://fd3-photos.leclercdrive.fr/image.ashx?id=2653747&use=l&cat=p&typeid=i","cat":319788},{"id":92516,"n":"Poélée Légume Wok Notre Jardin Inde - 1kg","p":3.99,"u":"3,99 €/KG","img":"https://fd3-photos.leclercdrive.fr/image.ashx?id=2803957&use=l&cat=p&typeid=i","cat":319823},{"id":92529,"n":"Échalotes traditionnelles bio  Bio Village - 250g","p":1.99,"u":"7,96 €/KG","img":"https://fd3-photos.leclercdrive.fr/image.ashx?id=2922454&use=l&cat=p&typeid=i","cat":284352},{"id":92533,"n":"Céréales Quaker Cruesli Chocolat au lait - 450g","p":2.72,"u":"6,04 €/KG","img":"https://fd3-photos.leclercdrive.fr/image.ashx?id=2212156&use=l&cat=p&typeid=i","cat":309512},{"id":92702,"n":"Tomate ronde grappe Bio Village Bio - 500g","p":2.49,"u":"4,98 €/KG","img":"https://fd3-photos.leclercdrive.fr/image.ashx?id=2551996&use=l&cat=p&typeid=i","cat":284352},{"id":92761,"n":"Sacs poubelle 10L Eco+ Salle de bain - x30","p":1.08,"u":"0,04 €/P","img":"https://fd3-photos.leclercdrive.fr/image.ashx?id=2755052&use=l&cat=p&typeid=i","cat":285168},{"id":92780,"n":"Bière blonde Heineken 6x25cl","p":4.36,"u":"2,91 €/L","img":"https://fd3-photos.leclercdrive.fr/image.ashx?id=3011077&use=l&cat=p&typeid=i","cat":334873},{"id":92782,"n":"Thé glacé Fuze Tea Saveur pêche - 1.25L","p":1.47,"u":"1,18 €/L","img":"https://fd3-photos.leclercdrive.fr/image.ashx?id=2940390&use=l&cat=p&typeid=i","cat":295019},{"id":92816,"n":"Tablette lave-vaisselle Rainett Tout en 1 Citron Vert x30 -600g","p":5.86,"u":"9,77 €/KG","img":"https://fd3-photos.leclercdrive.fr/image.ashx?id=2506483&use=l&cat=p&typeid=i","cat":284656},{"id":92834,"n":"Chips extra Vico 6x30g","p":1.96,"u":"10,89 €/KG","img":"https://fd3-photos.leclercdrive.fr/image.ashx?id=2917816&use=l&cat=p&typeid=i","cat":284447},{"id":92835,"n":"Tuiles Chaque jour sans gluten Goût crème oignon - 170g","p":2.17,"u":"12,76 €/KG","img":"https://fd3-photos.leclercdrive.fr/image.ashx?id=2463407&use=l&cat=p&typeid=i","cat":318654},{"id":92836,"n":"Tuiles Chaque jour sans gluten Goût Paprika - 170g","p":2.12,"u":"12,47 €/KG","img":"https://fd3-photos.leclercdrive.fr/image.ashx?id=2824707&use=l&cat=p&typeid=i","cat":318654},{"id":92837,"n":"Tuiles Chaque jour sans gluten Goût salé - 170g","p":2.12,"u":"12,47 €/KG","img":"https://fd3-photos.leclercdrive.fr/image.ashx?id=2463410&use=l&cat=p&typeid=i","cat":318654},{"id":92840,"n":"Vinaigre balsamique Rustica Blanc - 25cl","p":1.99,"u":"7,96 €/L","img":"https://fd3-photos.leclercdrive.fr/image.ashx?id=2603590&use=l&cat=p&typeid=i","cat":298543},{"id":92841,"n":"Huile de tournesol Rustica 50cl","p":1.39,"u":"2,78 €/L","img":"https://fd3-photos.leclercdrive.fr/image.ashx?id=2900349&use=l&cat=p&typeid=i","cat":284453},{"id":92842,"n":"Mélange 4 huiles Rustica Végétales - 50cl","p":1.79,"u":"3,58 €/L","img":"https://fd3-photos.leclercdrive.fr/image.ashx?id=2508885&use=l&cat=p&typeid=i","cat":284453},{"id":92845,"n":"Limonade orange La Mortuacienne - 1L","p":2.17,"u":"2,17 €/L","img":"https://fd3-photos.leclercdrive.fr/image.ashx?id=1626918&use=l&cat=p&typeid=i","cat":284531},{"id":92846,"n":"Limonade cola La Mortuacienne - 1L","p":2.4,"u":"2,40 €/L","img":"https://fd3-photos.leclercdrive.fr/image.ashx?id=2743202&use=l&cat=p&typeid=i","cat":284531},{"id":92861,"n":"Crème Visage Jour FPS 15 Nivea Hydratante - 50ml","p":4.08,"u":"81,60 €/L","img":"https://fd3-photos.leclercdrive.fr/image.ashx?id=3015335&use=l&cat=p&typeid=i","cat":325345},{"id":92897,"n":"Sirop Rieme Menthe verte - 1L","p":4.39,"u":"4,39 €/L","img":"https://fd3-photos.leclercdrive.fr/image.ashx?id=1554277&use=l&cat=p&typeid=i","cat":295020},{"id":92898,"n":"Sirop Fraise 1L","p":5.5,"u":"11,00 €/KG","img":"https://fd3-photos.leclercdrive.fr/image.ashx?id=1551892&use=l&cat=p&typeid=i","cat":295020},{"id":92900,"n":"Sirop Framboise 1L","p":5.5,"u":"5,50 €/L","img":"https://fd3-photos.leclercdrive.fr/image.ashx?id=1966685&use=l&cat=p&typeid=i","cat":295020},{"id":93022,"n":"Bière blonde Heineken 20x25cl","p":12.53,"u":"2,51 €/L","img":"https://fd3-photos.leclercdrive.fr/image.ashx?id=3011074&use=l&cat=p&typeid=i","cat":334873},{"id":93023,"n":"Bière blonde Heineken 12x25cl","p":7.51,"u":"2,50 €/L","img":"https://fd3-photos.leclercdrive.fr/image.ashx?id=3011080&use=l&cat=p&typeid=i","cat":334873},{"id":93029,"n":"Poireau bio Bio Village 750g","p":3.79,"u":"5,05 €/KG","img":"https://fd3-photos.leclercdrive.fr/image.ashx?id=2322956&use=l&cat=p&typeid=i","cat":284352},{"id":93032,"n":"Saucisson Justin Bridou Bâton de Berger Nature 250g","p":3.93,"u":"15,72 €/KG","img":"https://fd3-photos.leclercdrive.fr/image.ashx?id=2921313&use=l&cat=p&typeid=i","cat":316006},{"id":93033,"n":"Saucisson Fuet César Moroni  170g","p":3.26,"u":"19,18 €/KG","img":"https://fd3-photos.leclercdrive.fr/image.ashx?id=2916138&use=l&cat=p&typeid=i","cat":316006},{"id":93037,"n":"Saucisson sec Tranché Cochonou 30 tranches - 93g","p":1.65,"u":"17,74 €/KG","img":"https://fd3-photos.leclercdrive.fr/image.ashx?id=2924104&use=l&cat=p&typeid=i","cat":316007},{"id":93041,"n":"Fromage Caprice Des Dieux 300g","p":3.59,"u":"11,97 €/KG","img":"https://fd3-photos.leclercdrive.fr/image.ashx?id=2763178&use=l&cat=p&typeid=i","cat":314033},{"id":93043,"n":"Crème dessert Bio village Bio - 4x95g  - Vanille","p":1.28,"u":"3,37 €/KG","img":"https://fd3-photos.leclercdrive.fr/image.ashx?id=2992648&use=l&cat=p&typeid=i","cat":285041},{"id":93050,"n":"Poivron Bicolore bio Bio Village x2","p":2.79,"u":"1,40 €/P","img":"https://fd3-photos.leclercdrive.fr/image.ashx?id=2960541&use=l&cat=p&typeid=i","cat":284352},{"id":93091,"n":"Bûche glacée Eskiss Vanille Caramel Pécan - 534g","p":5.57,"u":"10,43 €/KG","img":"https://fd3-photos.leclercdrive.fr/image.ashx?id=2974816&use=l&cat=p&typeid=i","cat":284266},{"id":93105,"n":"Skyr danone  nature 0%mg - 2x140g","p":2.41,"u":"8,61 €/KG","img":"https://fd3-photos.leclercdrive.fr/image.ashx?id=2810606&use=l&cat=p&typeid=i","cat":284409},{"id":93108,"n":"Bière Desperados Pack de 12x33cl","p":14.45,"u":"3,65 €/L","img":"https://fd3-photos.leclercdrive.fr/image.ashx?id=2983123&use=l&cat=p&typeid=i","cat":334878},{"id":93109,"n":"Bière Desperados Pack de 6x33cl","p":6.73,"u":"3,40 €/L","img":"https://fd3-photos.leclercdrive.fr/image.ashx?id=2999865&use=l&cat=p&typeid=i","cat":334878},{"id":93110,"n":"Epinards hachés à la crème Bio Bio Village - 600g","p":2.1,"u":"3,50 €/KG","img":"https://fd3-photos.leclercdrive.fr/image.ashx?id=2898077&use=l&cat=p&typeid=i","cat":319805},{"id":93111,"n":"Camembert Le Rustique  250g","p":2.33,"u":"9,32 €/KG","img":"https://fd3-photos.leclercdrive.fr/image.ashx?id=2979722&use=l&cat=p&typeid=i","cat":314033},{"id":93112,"n":"Coulommiers Cœur de Lion  350g","p":2.61,"u":"7,46 €/KG","img":"https://fd3-photos.leclercdrive.fr/image.ashx?id=2766286&use=l&cat=p&typeid=i","cat":314033},{"id":93121,"n":"Escalope Cordon Bleu Père Dodu  Dinde x4 - 400g - Familial","p":5.15,"u":"12,88 €/KG","img":"https://fd3-photos.leclercdrive.fr/image.ashx?id=2957206&use=l&cat=p&typeid=i","cat":333683},{"id":93185,"n":"Epinards hachés Bio Bio Village - 600g","p":1.77,"u":"2,95 €/KG","img":"https://fd3-photos.leclercdrive.fr/image.ashx?id=2898086&use=l&cat=p&typeid=i","cat":319805},{"id":93203,"n":"Lessive concentrée Epsil Pure fraîcheur x28 - 980ml","p":3.29,"u":"3,36 €/L","img":"https://fd3-photos.leclercdrive.fr/image.ashx?id=2450047&use=l&cat=p&typeid=i","cat":284640},{"id":93210,"n":"Suprêmes soufflés Saint-Jean Nature x4 - 480g","p":3.4,"u":"7,08 €/KG","img":"https://fd3-photos.leclercdrive.fr/image.ashx?id=2446719&use=l&cat=p&typeid=i","cat":333682},{"id":93211,"n":"Suprêmes soufflés brochet x4 - 480g","p":3.69,"u":"7,69 €/KG","img":"https://fd3-photos.leclercdrive.fr/image.ashx?id=2446722&use=l&cat=p&typeid=i","cat":333682},{"id":93244,"n":"Sauce bolognaise Panzani 425g","p":1.88,"u":"4,42 €/KG","img":"https://fd3-photos.leclercdrive.fr/image.ashx?id=2989096&use=l&cat=p&typeid=i","cat":287599},{"id":93246,"n":"Assortiment Copains Copines Fraises bananes - 250g","p":1.19,"u":"4,76 €/KG","img":"https://fd3-photos.leclercdrive.fr/image.ashx?id=2934724&use=l&cat=p&typeid=i","cat":304250},{"id":93248,"n":"Assortiment Copains Copines Tubo gélifiés doux - 600g","p":3.32,"u":"5,53 €/KG","img":"https://fd3-photos.leclercdrive.fr/image.ashx?id=2934727&use=l&cat=p&typeid=i","cat":304250},{"id":93254,"n":"Assortiment Copains Copines Mini sachets - 500g","p":3.58,"u":"7,16 €/KG","img":"https://fd3-photos.leclercdrive.fr/image.ashx?id=2934736&use=l&cat=p&typeid=i","cat":304250},{"id":93260,"n":"Biscuits Calèche LU Sélection gourmande - 250g","p":3.82,"u":"15,28 €/KG","img":"https://fd3-photos.leclercdrive.fr/image.ashx?id=1916631&use=l&cat=p&typeid=i","cat":284490},{"id":93305,"n":"Arrangé Isautier Gingembre Citron 40° - 50cl","p":17.73,"u":"35,46 €/L","img":"https://fd3-photos.leclercdrive.fr/image.ashx?id=2322193&use=l&cat=p&typeid=i","cat":284551},{"id":93333,"n":"Fécule de pomme de terre Bloch 250g","p":1.47,"u":"5,88 €/KG","img":"https://fd3-photos.leclercdrive.fr/image.ashx?id=1863204&use=l&cat=p&typeid=i","cat":288382},{"id":93398,"n":"Plat bébé Blédina 12 mois  Butternut dinde - 2x200g","p":2.47,"u":"6,18 €/KG","img":"https://fd3-photos.leclercdrive.fr/image.ashx?id=2975086&use=l&cat=p&typeid=i","cat":312237},{"id":93401,"n":"Bière blonde pression Heineken Fût de 5L","p":17.38,"u":"3,48 €/L","img":"https://fd3-photos.leclercdrive.fr/image.ashx?id=2646194&use=l&cat=p&typeid=i","cat":334879},{"id":93403,"n":"Bières Desperados 6x33cl","p":7.57,"u":"3,82 €/L","img":"https://fd3-photos.leclercdrive.fr/image.ashx?id=2977963&use=l&cat=p&typeid=i","cat":334853},{"id":93416,"n":"Sucre Beghin Say Vergeoise blonde nature - 500g","p":1.88,"u":"3,76 €/KG","img":"https://fd3-photos.leclercdrive.fr/image.ashx?id=2860184&use=l&cat=p&typeid=i","cat":284502},{"id":93418,"n":"Bière blonde La Goudale Rhum finish - 7,9% vol. - 75cl","p":4.28,"u":"5,71 €/L","img":"https://fd3-photos.leclercdrive.fr/image.ashx?id=2020428&use=l&cat=p&typeid=i","cat":334872},{"id":93440,"n":"Boisson gourmande PAGO Citron Citron vert - 75cl","p":1.95,"u":"2,60 €/L","img":"https://fd3-photos.leclercdrive.fr/image.ashx?id=2861240&use=l&cat=p&typeid=i","cat":284915},{"id":93514,"n":"Frites de poulet Maître Coq 1 kg","p":5.8,"u":"5,80 €/KG","img":"https://fd3-photos.leclercdrive.fr/image.ashx?id=2939478&use=l&cat=p&typeid=i","cat":319780},{"id":93547,"n":"Long Nuggets Père Dodu  Poulet x8 - 200g","p":2.78,"u":"13,90 €/KG","img":"https://fd3-photos.leclercdrive.fr/image.ashx?id=2957188&use=l&cat=p&typeid=i","cat":333684},{"id":93624,"n":"Papier toilette Mimosa Blanc 3 plis - x12","p":4.61,"u":"0,38 €/P","img":"https://fd3-photos.leclercdrive.fr/image.ashx?id=2777863&use=l&cat=p&typeid=i","cat":284634},{"id":93625,"n":"Papier toilette Mimosa Rose 3 plis - x12","p":4.69,"u":"0,39 €/P","img":"https://fd3-photos.leclercdrive.fr/image.ashx?id=2778758&use=l&cat=p&typeid=i","cat":284634},{"id":93683,"n":"Noix st Jacques Ronde des mers Avec corail - 300g","p":12.89,"u":"42,97 €/KG","img":"https://fd3-photos.leclercdrive.fr/image.ashx?id=2632888&use=l&cat=p&typeid=i","cat":319787},{"id":93685,"n":"Noix St Jacques Ronde des mers Sans Corail - MSC - 300g","p":12.99,"u":"43,30 €/KG","img":"https://fd3-photos.leclercdrive.fr/image.ashx?id=2545930&use=l&cat=p&typeid=i","cat":319787},{"id":93689,"n":"Noix St Jacques Ronde des mers Sans Corail - MSC - 300g","p":29.27,"u":"97,57 €/KG","img":"https://fd3-photos.leclercdrive.fr/image.ashx?id=2632885&use=l&cat=p&typeid=i","cat":319787},{"id":93690,"n":"Nems à la Crevette et Crabe Tables du Monde x4 - 280g","p":2.04,"u":"7,29 €/KG","img":"https://fd3-photos.leclercdrive.fr/image.ashx?id=1861278&use=l&cat=p&typeid=i","cat":333673},{"id":93697,"n":"Homard Ronde des mers MSC - Cuit sous vide - 325g","p":9.89,"u":"30,43 €/KG","img":"https://fd3-photos.leclercdrive.fr/image.ashx?id=2861425&use=l&cat=p&typeid=i","cat":319787},{"id":93700,"n":"Tablette chocolat Côte d'Or Chocolat lait praliné - 200g","p":3.81,"u":"19,05 €/KG","img":"https://fd3-photos.leclercdrive.fr/image.ashx?id=2850222&use=l&cat=p&typeid=i","cat":284497},{"id":93705,"n":"Pulpe de tomates Sacla Bio - 680g","p":3.14,"u":"4,62 €/KG","img":"https://fd3-photos.leclercdrive.fr/image.ashx?id=2507089&use=l&cat=p&typeid=i","cat":288384},{"id":93727,"n":"Liquide de rinçage Rainett Pour Lave-vaisselle - 750ml","p":3.52,"u":"4,69 €/L","img":"https://fd3-photos.leclercdrive.fr/image.ashx?id=2338510&use=l&cat=p&typeid=i","cat":284657},{"id":93733,"n":"AOP Bordeaux Vin rouge Cuvée Hortense Prestige - 75cl","p":4.72,"u":"6,29 €/L","img":"https://fd3-photos.leclercdrive.fr/image.ashx?id=2292832&use=l&cat=p&typeid=i","cat":289556},{"id":93744,"n":"Joker Bio Pomme 1L","p":2.71,"u":"2,71 €/L","img":"https://fd3-photos.leclercdrive.fr/image.ashx?id=3008143&use=l&cat=p&typeid=i","cat":284522},{"id":93745,"n":"Joker Bio Orange sans pulpe 1L","p":2.88,"u":"2,88 €/L","img":"https://fd3-photos.leclercdrive.fr/image.ashx?id=3008146&use=l&cat=p&typeid=i","cat":284521},{"id":93750,"n":"Ratatouille Cuisinée Cassegrain à la Provençale 380g","p":2.82,"u":"7,42 €/KG","img":"https://fd3-photos.leclercdrive.fr/image.ashx?id=2970831&use=l&cat=p&typeid=i","cat":312612},{"id":93776,"n":"Sauce tomate bio Jardin Bio Provençale - 510g","p":3.42,"u":"6,71 €/KG","img":"https://fd3-photos.leclercdrive.fr/image.ashx?id=2977435&use=l&cat=p&typeid=i","cat":287599},{"id":93785,"n":"Nettoyant pour vitres TECH9 500ml","p":2.9,"u":"5,80 €/L","img":"https://fd3-photos.leclercdrive.fr/image.ashx?id=2162447&use=l&cat=p&typeid=i","cat":298252},{"id":93790,"n":"Sauce tomate bio Jardin Bio Basilic - 510g","p":3.39,"u":"6,65 €/KG","img":"https://fd3-photos.leclercdrive.fr/image.ashx?id=2918832&use=l&cat=p&typeid=i","cat":287599},{"id":93798,"n":"Dégrippant multi-fonction TECH9 300ml","p":3.45,"u":"11,50 €/L","img":"https://fd3-photos.leclercdrive.fr/image.ashx?id=2162486&use=l&cat=p&typeid=i","cat":298252},{"id":93806,"n":"Nettoyant Plastique TECH9 Mat Senteur Menthe - 400ml","p":3.99,"u":"9,98 €/L","img":"https://fd3-photos.leclercdrive.fr/image.ashx?id=2162432&use=l&cat=p&typeid=i","cat":298252},{"id":93808,"n":"Rénovateur TECH9 Peintures anciennes - 500ml","p":4.99,"u":"9,98 €/L","img":"https://fd3-photos.leclercdrive.fr/image.ashx?id=2162459&use=l&cat=p&typeid=i","cat":298252},{"id":93815,"n":"Efface rayures universel TECH9 100ml","p":2.6,"u":"26,00 €/L","img":"https://fd3-photos.leclercdrive.fr/image.ashx?id=2162465&use=l&cat=p&typeid=i","cat":298252},{"id":93817,"n":"Muesli croustillant 7 fruits  bio Terres et Céréales-1kg","p":5.27,"u":"5,27 €/KG","img":"https://fd3-photos.leclercdrive.fr/image.ashx?id=2802449&use=l&cat=p&typeid=i","cat":309512},{"id":93819,"n":"Poêlée de légume Notre Jardin Wok cuisiné Asie - 1kg","p":3.59,"u":"3,59 €/KG","img":"https://fd3-photos.leclercdrive.fr/image.ashx?id=2878600&use=l&cat=p&typeid=i","cat":319823},{"id":93822,"n":"Nettoyant Plastique TECH9 Brillant Senteur Agrumes -400ml","p":3.99,"u":"9,98 €/L","img":"https://fd3-photos.leclercdrive.fr/image.ashx?id=2162438&use=l&cat=p&typeid=i","cat":298252},{"id":93842,"n":"Coton rectangle bébé Eco+ x200","p":3.99,"u":"0,02 €/P","img":"https://fd3-photos.leclercdrive.fr/image.ashx?id=2869760&use=l&cat=p&typeid=i","cat":284739},{"id":93851,"n":"Petit Pois Tendres et Fondants Cassegrain 280g","p":1.92,"u":"6,86 €/KG","img":"https://fd3-photos.leclercdrive.fr/image.ashx?id=2955318&use=l&cat=p&typeid=i","cat":312607},{"id":93854,"n":"Aubergines Cuisinées Cassegrain à la Provençale 375g","p":3.01,"u":"8,03 €/KG","img":"https://fd3-photos.leclercdrive.fr/image.ashx?id=2962086&use=l&cat=p&typeid=i","cat":312612},{"id":93856,"n":"Polish rénovateur TECH9 500ml","p":2.99,"u":"5,98 €/L","img":"https://fd3-photos.leclercdrive.fr/image.ashx?id=2162462&use=l&cat=p&typeid=i","cat":298252},{"id":93857,"n":"Répare crevaison TECH9 500ml","p":6.9,"u":"13,80 €/L","img":"https://fd3-photos.leclercdrive.fr/image.ashx?id=2162489&use=l&cat=p&typeid=i","cat":298252},{"id":93860,"n":"Viande hachée bio- Bio Village  15%mg - 400g","p":8.15,"u":"20,38 €/KG","img":"https://fd3-photos.leclercdrive.fr/image.ashx?id=2946478&use=l&cat=p&typeid=i","cat":319779},{"id":93951,"n":"Huile fine TECH9 Multi-usage - 125ml","p":2.1,"u":"16,80 €/L","img":"https://fd3-photos.leclercdrive.fr/image.ashx?id=1543706&use=l&cat=p&typeid=i","cat":298253},{"id":94052,"n":"Haricot Vert Cassegrain Extra Fin Ceuillis main 220g","p":2.06,"u":"9,36 €/KG","img":"https://fd3-photos.leclercdrive.fr/image.ashx?id=2955321&use=l&cat=p&typeid=i","cat":312606},{"id":94088,"n":"Sirop Citron - 1L","p":4.37,"u":"4,37 €/L","img":"https://fd3-photos.leclercdrive.fr/image.ashx?id=1557916&use=l&cat=p&typeid=i","cat":295020},{"id":94164,"n":"Fromage Crèmeux Saint Albray  200g","p":2.87,"u":"14,35 €/KG","img":"https://fd3-photos.leclercdrive.fr/image.ashx?id=2731825&use=l&cat=p&typeid=i","cat":329558},{"id":94175,"n":"Morceaux de Chapon Le Gaulois Crème morilles - 250g","p":4.76,"u":"19,04 €/KG","img":"https://fd3-photos.leclercdrive.fr/image.ashx?id=2236887&use=l&cat=p&typeid=i","cat":327289},{"id":94180,"n":"Croquettes chat Ultima Stérilisé sensible - 3kg","p":14.53,"u":"4,84 €/KG","img":"https://fd3-photos.leclercdrive.fr/image.ashx?id=2906580&use=l&cat=p&typeid=i","cat":284680},{"id":94189,"n":"Sachet chat sénior Perfect Fit dinde poisson sauce - 4x85g","p":3.47,"u":"10,21 €/KG","img":"https://fd3-photos.leclercdrive.fr/image.ashx?id=2759730&use=l&cat=p&typeid=i","cat":285286},{"id":94215,"n":"Raclette aux cèpes  Ermitage - 200g","p":3.02,"u":"15,10 €/KG","img":"https://fd3-photos.leclercdrive.fr/image.ashx?id=2544206&use=l&cat=p&typeid=i","cat":314037},{"id":94281,"n":"Rhum blanc Bologne 50%vol - 100cl","p":18.88,"u":"18,88 €/L","img":"https://fd3-photos.leclercdrive.fr/image.ashx?id=2876554&use=l&cat=p&typeid=i","cat":284550},{"id":94309,"n":"Croquettes chat stérilisé D’intérieur Ultima - 3kg","p":15.03,"u":"5,01 €/KG","img":"https://fd3-photos.leclercdrive.fr/image.ashx?id=2922230&use=l&cat=p&typeid=i","cat":284680},{"id":94311,"n":"Patate douce Paysan Breton 750g","p":2.53,"u":"3,37 €/KG","img":"https://fd3-photos.leclercdrive.fr/image.ashx?id=2882412&use=l&cat=p&typeid=i","cat":319805},{"id":94383,"n":"Désodorisant Air Wick Fleur de lotus Relaxant - 250ml","p":3.25,"u":"13,00 €/L","img":"https://fd3-photos.leclercdrive.fr/image.ashx?id=2971930&use=l&cat=p&typeid=i","cat":311626},{"id":94489,"n":"Lames Wilkinson Quattro Titanium Sensitive - x4","p":7.7,"u":"1,93 €/P","img":"https://fd3-photos.leclercdrive.fr/image.ashx?id=2451405&use=l&cat=p&typeid=i","cat":284616},{"id":94499,"n":"Fromage P'tit Louis Escargolo  6 Portions - 100g","p":1.92,"u":"19,20 €/KG","img":"https://fd3-photos.leclercdrive.fr/image.ashx?id=2360218&use=l&cat=p&typeid=i","cat":314030},{"id":94635,"n":"Brasse végétal nature Andros 4x100g","p":2.71,"u":"6,78 €/KG","img":"https://fd3-photos.leclercdrive.fr/image.ashx?id=2872012&use=l&cat=p&typeid=i","cat":316071},{"id":94643,"n":"Brassé végétal Andros Framboise - 400g","p":2.65,"u":"6,63 €/KG","img":"https://fd3-photos.leclercdrive.fr/image.ashx?id=2879089&use=l&cat=p&typeid=i","cat":316071},{"id":94699,"n":"Biscottes Heudebert Blé complet - 280g","p":2.12,"u":"7,57 €/KG","img":"https://fd3-photos.leclercdrive.fr/image.ashx?id=2905060&use=l&cat=p&typeid=i","cat":284479},{"id":94837,"n":"Cresson La Botte 1 pièce","p":1.55,"img":"https://fd3-photos.leclercdrive.fr/image.ashx?id=1521147&use=l&cat=p&typeid=i","cat":293607},{"id":94859,"n":"Yaourt à la grecque YAOS  Stracciatella - 4x125g","p":2.71,"u":"5,42 €/KG","img":"https://fd3-photos.leclercdrive.fr/image.ashx?id=2679506&use=l&cat=p&typeid=i","cat":314999},{"id":94908,"n":"AOP Saint-Véran blanc Bourgogne - 75cl","p":9.98,"u":"13,31 €/L","img":"https://fd3-photos.leclercdrive.fr/image.ashx?id=2178076&use=l&cat=p&typeid=i","cat":289557},{"id":94912,"n":"AOC Cremant Bourgogne Brut Reserve Louis Bouillot - 75cl","p":8.95,"pp":6.71,"u":"8,95 €/L","img":"https://fd3-photos.leclercdrive.fr/image.ashx?id=2857066&use=l&cat=p&typeid=i","cat":284544},{"id":94913,"n":"AOC Crémant rosé Bourgogne Brut Reserve Louis Bouillot - 75cl","p":8.95,"pp":6.71,"u":"8,95 €/L","img":"https://fd3-photos.leclercdrive.fr/image.ashx?id=2857063&use=l&cat=p&typeid=i","cat":284544},{"id":94916,"n":"Matière grasse St Hubert Omega 3 - 52% MG - 750g","p":4.49,"u":"5,99 €/KG","img":"https://fd3-photos.leclercdrive.fr/image.ashx?id=2734078&use=l&cat=p&typeid=i","cat":315229},{"id":94928,"n":"AOC Bourgogne Chardonnay blanc Couvent des Visitandines 75cl","p":7.99,"u":"10,65 €/L","img":"https://fd3-photos.leclercdrive.fr/image.ashx?id=2870218&use=l&cat=p&typeid=i","cat":289557},{"id":94936,"n":"AOP Vin blanc Alsace Gewurtraminer - 75cl","p":7.95,"u":"10,60 €/L","img":"https://fd3-photos.leclercdrive.fr/image.ashx?id=2370179&use=l&cat=p&typeid=i","cat":289557},{"id":95007,"n":"Chewing-gum Hollywood Cerise 5x10 - 70g","p":3.53,"u":"50,43 €/KG","img":"https://fd3-photos.leclercdrive.fr/image.ashx?id=2670074&use=l&cat=p&typeid=i","cat":304251},{"id":95008,"n":"Mini tablettes chocolat Milka Chocolat au lait - 8x25g","p":3.93,"u":"19,65 €/KG","img":"https://fd3-photos.leclercdrive.fr/image.ashx?id=2832419&use=l&cat=p&typeid=i","cat":284497},{"id":95112,"n":"Bière Cervoise des Ancêtres BlondeTriple - 8.5% vol. - 75cl","p":4.61,"u":"6,15 €/L","img":"https://fd3-photos.leclercdrive.fr/image.ashx?id=2021244&use=l&cat=p&typeid=i","cat":334872},{"id":95297,"n":"Crème Bridélice UHT Bio x3 - 20cl","p":4.57,"u":"7,62 €/KG","img":"https://fd3-photos.leclercdrive.fr/image.ashx?id=2859245&use=l&cat=p&typeid=i","cat":284381},{"id":95498,"n":"Sorbet Plein fruit L'Angelys Pomme verte - 500g","p":4.08,"u":"8,16 €/KG","img":"https://fd3-photos.leclercdrive.fr/image.ashx?id=1558201&use=l&cat=p&typeid=i","cat":284263},{"id":95504,"n":"Crème glacée L'Angelys Plombières - 500g","p":4.08,"u":"8,16 €/KG","img":"https://fd3-photos.leclercdrive.fr/image.ashx?id=2963592&use=l&cat=p&typeid=i","cat":284263},{"id":95507,"n":"Risotto au Poulet & Cèpes Fleury Michon 2+1offert - 840g","p":5.47,"u":"6,51 €/KG","img":"https://fd3-photos.leclercdrive.fr/image.ashx?id=2246818&use=l&cat=p&typeid=i","cat":333665},{"id":95524,"n":"Essuie-tout bobine Mimosa 500 feuilles","p":3.7,"img":"https://fd3-photos.leclercdrive.fr/image.ashx?id=1523297&use=l&cat=p&typeid=i","cat":284635},{"id":95545,"n":"Matière grasse St Hubert Omega 3 - 52% MG - 510g","p":3.4,"u":"6,67 €/KG","img":"https://fd3-photos.leclercdrive.fr/image.ashx?id=2734072&use=l&cat=p&typeid=i","cat":315229},{"id":95564,"n":"Crème fraîche légère Yoplait Fleurette 15% mg - 38cl","p":1.88,"u":"4,95 €/L","img":"https://fd3-photos.leclercdrive.fr/image.ashx?id=2733664&use=l&cat=p&typeid=i","cat":284381},{"id":95584,"n":"Dentifrice dentavie Bio Gencives sensibles - 75ml","p":3.73,"u":"49,73 €/L","img":"https://fd3-photos.leclercdrive.fr/image.ashx?id=2494764&use=l&cat=p&typeid=i","cat":284612},{"id":95585,"n":"Déodorant bille bio SoBio Etic Peaux sensibles et épilées-50ml","p":5.18,"u":"103,60 €/L","img":"https://fd3-photos.leclercdrive.fr/image.ashx?id=2740124&use=l&cat=p&typeid=i","cat":284595},{"id":95586,"n":"Eau micellaire bio SoBio Etic Peau sensible aloé véra - 500ml","p":5.33,"u":"10,66 €/L","img":"https://fd3-photos.leclercdrive.fr/image.ashx?id=2801905&use=l&cat=p&typeid=i","cat":284603},{"id":95623,"n":"AOP Champagne Brut Demoiselle Vranken - 75cl","p":25.57,"u":"34,09 €/L","img":"https://fd3-photos.leclercdrive.fr/image.ashx?id=2203988&use=l&cat=p&typeid=i","cat":284542},{"id":95665,"n":"Saucisses au Beaufort Socopa Façon charcutière - 4x80g","p":3.81,"u":"11,91 €/KG","img":"https://fd3-photos.leclercdrive.fr/image.ashx?id=2263673&use=l&cat=p&typeid=i","cat":284334},{"id":95704,"n":"Vinaigrette Puget Xeres ail basilic - 330 ml","p":2.44,"u":"7,39 €/L","img":"https://fd3-photos.leclercdrive.fr/image.ashx?id=2939541&use=l&cat=p&typeid=i","cat":284456},{"id":95739,"n":"Coq'ailes Maître Coq Barbecue - 250g","p":3.23,"u":"12,92 €/KG","img":"https://fd3-photos.leclercdrive.fr/image.ashx?id=2403384&use=l&cat=p&typeid=i","cat":333685},{"id":95805,"n":"Gourmandises de volaille Maître Coq - Figues - 380g","p":9.79,"u":"25,76 €/KG","img":"https://fd3-photos.leclercdrive.fr/image.ashx?id=2962506&use=l&cat=p&typeid=i","cat":327289},{"id":95806,"n":"Gourmandises de volaille  Maître Coq - Pruneaux - 380g","p":9.79,"u":"25,76 €/KG","img":"https://fd3-photos.leclercdrive.fr/image.ashx?id=2962509&use=l&cat=p&typeid=i","cat":327289},{"id":95811,"n":"Mascara Waterproof L'OréalParis Lash Paradise Noir","p":13.43,"img":"https://fd3-photos.leclercdrive.fr/image.ashx?id=2559589&use=l&cat=p&typeid=i","cat":287029},{"id":95817,"n":"Dessert végétal soja alpro Nature à l'amande - 500g","p":1.82,"u":"3,64 €/KG","img":"https://fd3-photos.leclercdrive.fr/image.ashx?id=2977684&use=l&cat=p&typeid=i","cat":316071},{"id":95819,"n":"Dessert végétal soja alpro Nature à l'avoine - 500g","p":1.93,"u":"3,86 €/KG","img":"https://fd3-photos.leclercdrive.fr/image.ashx?id=2976083&use=l&cat=p&typeid=i","cat":316071},{"id":95947,"n":"Pommes jaunes Panier du Primeur x6","p":2.49,"u":"0,42 €/P","img":"https://fd3-photos.leclercdrive.fr/image.ashx?id=2338700&use=l&cat=p&typeid=i","cat":284356},{"id":95973,"n":"Eau minérale naturelle Evian  6x1,5l","p":3.48,"u":"0,39 €/L","img":"https://fd3-photos.leclercdrive.fr/image.ashx?id=2967717&use=l&cat=p&typeid=i","cat":284535},{"id":95974,"n":"Bière blonde Bud 5% - 12x25cl","p":8.52,"u":"2,84 €/L","img":"https://fd3-photos.leclercdrive.fr/image.ashx?id=2995406&use=l&cat=p&typeid=i","cat":334873},{"id":95975,"n":"Liquide vaisselle Visior Pomme poire - 750ml","p":1.19,"u":"1,59 €/L","img":"https://fd3-photos.leclercdrive.fr/image.ashx?id=2872718&use=l&cat=p&typeid=i","cat":284655},{"id":95976,"n":"Liquide vaisselle Visior Fruit rouge & Fleur - 750ml","p":1.19,"u":"1,59 €/L","img":"https://fd3-photos.leclercdrive.fr/image.ashx?id=2724586&use=l&cat=p&typeid=i","cat":284655},{"id":95977,"n":"Liquide vaisselle Visior Amande Calendula - 750ml","p":1.26,"u":"1,68 €/L","img":"https://fd3-photos.leclercdrive.fr/image.ashx?id=2872721&use=l&cat=p&typeid=i","cat":284655},{"id":95978,"n":"Liquide vaisselle Visior Pamplemousse vinaigre - 750ml","p":1.3,"u":"1,73 €/L","img":"https://fd3-photos.leclercdrive.fr/image.ashx?id=2898859&use=l&cat=p&typeid=i","cat":284655},{"id":95979,"n":"Gel douche Manava Orchidée Camélia - 250ml","p":1.15,"u":"4,60 €/L","img":"https://fd3-photos.leclercdrive.fr/image.ashx?id=2805033&use=l&cat=p&typeid=i","cat":284594},{"id":96014,"n":"24 moules farcies Escal ASC Ail & persil - 250g","p":6.95,"u":"27,80 €/KG","img":"https://fd3-photos.leclercdrive.fr/image.ashx?id=2554629&use=l&cat=p&typeid=i","cat":319775},{"id":96060,"n":"Chili con carné Bio Village Bio - 300g","p":3.49,"u":"11,63 €/KG","img":"https://fd3-photos.leclercdrive.fr/image.ashx?id=2437199&use=l&cat=p&typeid=i","cat":284953},{"id":96089,"n":"Gel douche Manava Citron basilic - 250ml","p":1.15,"u":"4,60 €/L","img":"https://fd3-photos.leclercdrive.fr/image.ashx?id=2626823&use=l&cat=p&typeid=i","cat":284594},{"id":96091,"n":"Gel douche Manava Concombre aloe vera - 250ml","p":1.18,"u":"4,72 €/L","img":"https://fd3-photos.leclercdrive.fr/image.ashx?id=2626826&use=l&cat=p&typeid=i","cat":284594},{"id":96094,"n":"Gel douche Manava Mangue Acai - 250ml","p":1.15,"u":"4,60 €/L","img":"https://fd3-photos.leclercdrive.fr/image.ashx?id=2805036&use=l&cat=p&typeid=i","cat":284594},{"id":96095,"n":"Gel douche Manava Envolée de pétales - 250ml","p":1.15,"u":"4,60 €/L","img":"https://fd3-photos.leclercdrive.fr/image.ashx?id=1980232&use=l&cat=p&typeid=i","cat":284594},{"id":96096,"n":"Gel douche Manava Crumble fruits rouges - 250ml","p":1.29,"u":"5,16 €/L","img":"https://fd3-photos.leclercdrive.fr/image.ashx?id=2486464&use=l&cat=p&typeid=i","cat":284594},{"id":96097,"n":"Gel douche Manava Noisettes caramel - 250ml","p":1.3,"u":"5,20 €/L","img":"https://fd3-photos.leclercdrive.fr/image.ashx?id=2805039&use=l&cat=p&typeid=i","cat":284594},{"id":96131,"n":"Soda Eco+ Gout orange - 1.5L","p":0.37,"u":"0,25 €/L","img":"https://fd3-photos.leclercdrive.fr/image.ashx?id=2741595&use=l&cat=p&typeid=i","cat":284532},{"id":96284,"n":"Pois chiches - 3x130g","p":1.65,"u":"4,23 €/KG","img":"https://fd3-photos.leclercdrive.fr/image.ashx?id=3002626&use=l&cat=p&typeid=i","cat":312609},{"id":96287,"n":"Café San Marco Grains n°7 - 500g","p":10.97,"u":"21,94 €/KG","img":"https://fd3-photos.leclercdrive.fr/image.ashx?id=2322163&use=l&cat=p&typeid=i","cat":293237},{"id":96288,"n":"Donuts noisette Curly  100g","p":1.13,"u":"11,30 €/KG","img":"https://fd3-photos.leclercdrive.fr/image.ashx?id=2859398&use=l&cat=p&typeid=i","cat":284449},{"id":96398,"n":"Compote Cool pomme banane bio Vitabio - 12x90g","p":8.0,"u":"7,41 €/KG","img":"https://fd3-photos.leclercdrive.fr/image.ashx?id=2621420&use=l&cat=p&typeid=i","cat":284508},{"id":96423,"n":"Sauce Teriyaki Kikkoman Grillade et marinade - 250ml","p":3.89,"u":"15,56 €/L","img":"https://fd3-photos.leclercdrive.fr/image.ashx?id=2857917&use=l&cat=p&typeid=i","cat":288992},{"id":96454,"n":"Soupe nouilles cup Yum Yum Saveur boeuf - 70g","p":0.95,"u":"13,57 €/KG","img":"https://fd3-photos.leclercdrive.fr/image.ashx?id=2025380&use=l&cat=p&typeid=i","cat":288992},{"id":96455,"n":"Soupe nouilles cup Yum Yum Saveur poulet - 70g","p":0.95,"u":"13,57 €/KG","img":"https://fd3-photos.leclercdrive.fr/image.ashx?id=2888563&use=l&cat=p&typeid=i","cat":288992},{"id":96457,"n":"Soupe nouilles cup Yum Yum Saveur crevette - 70g","p":0.95,"u":"13,57 €/KG","img":"https://fd3-photos.leclercdrive.fr/image.ashx?id=2922320&use=l&cat=p&typeid=i","cat":288992},{"id":96563,"n":"Soufflés Monster Munch Barbecue - 2x100g","p":2.66,"u":"13,30 €/KG","img":"https://fd3-photos.leclercdrive.fr/image.ashx?id=2918787&use=l&cat=p&typeid=i","cat":284449},{"id":96566,"n":"Soufflés Monster Munch Ketchup - 2x100g","p":2.62,"u":"13,10 €/KG","img":"https://fd3-photos.leclercdrive.fr/image.ashx?id=2918790&use=l&cat=p&typeid=i","cat":284449},{"id":96601,"n":"Dosettes Café Carte Noire  Arabica Espresso n°8 x60 - 420g","p":9.45,"u":"22,50 €/KG","img":"https://fd3-photos.leclercdrive.fr/image.ashx?id=2922188&use=l&cat=p&typeid=i","cat":293238},{"id":96742,"n":"Marrons entier Roger Descours Bocal - 420g","p":5.65,"u":"13,45 €/KG","img":"https://fd3-photos.leclercdrive.fr/image.ashx?id=1748996&use=l&cat=p&typeid=i","cat":312612},{"id":96770,"n":"Eau minérale gazeuse Quézac  6x50cl","p":2.58,"u":"0,86 €/L","img":"https://fd3-photos.leclercdrive.fr/image.ashx?id=2884618&use=l&cat=p&typeid=i","cat":284536},{"id":96777,"n":"Crème mains Inell Hydratante - 100ml","p":1.35,"u":"13,50 €/L","img":"https://fd3-photos.leclercdrive.fr/image.ashx?id=2515688&use=l&cat=p&typeid=i","cat":325354},{"id":96832,"n":"Mini viennoiseries Epi d'Or x12 - 372g","p":4.23,"u":"11,37 €/KG","img":"https://fd3-photos.leclercdrive.fr/image.ashx?id=1879302&use=l&cat=p&typeid=i","cat":288858},{"id":96932,"n":"Saumon fumé Rondes des Mers ASC Norvège x2T - 75g","p":3.95,"u":"52,67 €/KG","img":"https://fd3-photos.leclercdrive.fr/image.ashx?id=2833123&use=l&cat=p&typeid=i","cat":285188},{"id":96938,"n":"Saumon fumé Ronde des Mers ASC Norvège x6T - 210g","p":8.5,"u":"40,48 €/KG","img":"https://fd3-photos.leclercdrive.fr/image.ashx?id=2833132&use=l&cat=p&typeid=i","cat":285188},{"id":96959,"n":"Pains au chocolat Epi d'Or x6 - 450g","p":2.95,"u":"6,56 €/KG","img":"https://fd3-photos.leclercdrive.fr/image.ashx?id=1983598&use=l&cat=p&typeid=i","cat":284267},{"id":96970,"n":"Feuilletés Epinards Chèvre Côté Table - 2x150g","p":3.09,"u":"10,30 €/KG","img":"https://fd3-photos.leclercdrive.fr/image.ashx?id=2846523&use=l&cat=p&typeid=i","cat":333671},{"id":97033,"n":"Gel Bain douche Manava Fleur de cerisier - 500ml","p":1.88,"u":"3,76 €/L","img":"https://fd3-photos.leclercdrive.fr/image.ashx?id=2618356&use=l&cat=p&typeid=i","cat":284594},{"id":97045,"n":"Thon entier Petit Navire Au naturel - 2x93g","p":3.49,"u":"18,76 €/KG","img":"https://fd3-photos.leclercdrive.fr/image.ashx?id=2961837&use=l&cat=p&typeid=i","cat":303867},{"id":97059,"n":"Poulet au curry bio Bio Village Riz quinoa sarrasin - 300g","p":2.99,"u":"9,97 €/KG","img":"https://fd3-photos.leclercdrive.fr/image.ashx?id=2622028&use=l&cat=p&typeid=i","cat":284953},{"id":97060,"n":"Tagada Haribo Sachet bonbons - 400g","p":1.7,"u":"4,25 €/KG","img":"https://fd3-photos.leclercdrive.fr/image.ashx?id=2801854&use=l&cat=p&typeid=i","cat":304250},{"id":97135,"n":"Lait bio Bio Village Brique Demi-écrémé UHT -  6x1L","p":6.3,"u":"1,05 €/L","img":"https://fd3-photos.leclercdrive.fr/image.ashx?id=2970030&use=l&cat=p&typeid=i","cat":284377},{"id":97347,"n":"Stylo roller liquide Esquisse Assortis 0.5mm - x3","p":1.85,"u":"0,62 €/P","img":"https://fd3-photos.leclercdrive.fr/image.ashx?id=1690921&use=l&cat=p&typeid=i","cat":284696},{"id":97362,"n":"Gyoza Ajinomoto Légumes avec sauce soja - 212g","p":4.28,"u":"20,19 €/KG","img":"https://fd3-photos.leclercdrive.fr/image.ashx?id=2590330&use=l&cat=p&typeid=i","cat":319774},{"id":97662,"n":"Thé vert Twinings Menthe x25 - 38g","p":2.48,"u":"65,26 €/KG","img":"https://fd3-photos.leclercdrive.fr/image.ashx?id=2906763&use=l&cat=p&typeid=i","cat":293233},{"id":97665,"n":"Thé vert intense Twinings Menthe intense - x25 - 32g","p":2.29,"u":"71,56 €/KG","img":"https://fd3-photos.leclercdrive.fr/image.ashx?id=2919406&use=l&cat=p&typeid=i","cat":293233},{"id":97671,"n":"Thé russian Earl Grey Twinings 150g","p":6.02,"u":"40,13 €/KG","img":"https://fd3-photos.leclercdrive.fr/image.ashx?id=2950729&use=l&cat=p&typeid=i","cat":293233},{"id":97677,"n":"Thé Twinings English breakfast x25 - 40g","p":2.57,"u":"64,25 €/KG","img":"https://fd3-photos.leclercdrive.fr/image.ashx?id=2893027&use=l&cat=p&typeid=i","cat":293233},{"id":97678,"n":"Céréales Jordans Country Crisp 4 Baies - 550g","p":3.22,"u":"5,85 €/KG","img":"https://fd3-photos.leclercdrive.fr/image.ashx?id=2997205&use=l&cat=p&typeid=i","cat":309512},{"id":97703,"n":"Capsules L'Origine du Goût El Salvador - x10 - 55g","p":2.56,"u":"46,55 €/KG","img":"https://fd3-photos.leclercdrive.fr/image.ashx?id=2869811&use=l&cat=p&typeid=i","cat":284749},{"id":97706,"n":"Capsules L'Origine du Goût Ethiopie - x10 - 55g","p":2.56,"u":"46,55 €/KG","img":"https://fd3-photos.leclercdrive.fr/image.ashx?id=2843051&use=l&cat=p&typeid=i","cat":284749},{"id":97713,"n":"Soda Tonic Sprink's 6x33cl","p":2.52,"u":"1,27 €/L","img":"https://fd3-photos.leclercdrive.fr/image.ashx?id=2956768&use=l&cat=p&typeid=i","cat":284531},{"id":97729,"n":"Culotte Always Discreet Taille L - Plus - x8","p":13.46,"u":"1,68 €/P","img":"https://fd3-photos.leclercdrive.fr/image.ashx?id=2661466&use=l&cat=p&typeid=i","cat":284628},{"id":97849,"n":"Semelles Gel Soft Femme Talons Quotidiens - 1 paire","p":15.89,"img":"https://fd3-photos.leclercdrive.fr/image.ashx?id=2226289&use=l&cat=p&typeid=i","cat":325354},{"id":97938,"n":"Biscuits aux amandes Kambly Tradition Suisse Rocher - 2x80g","p":3.95,"u":"24,69 €/KG","img":"https://fd3-photos.leclercdrive.fr/image.ashx?id=2181029&use=l&cat=p&typeid=i","cat":284490},{"id":98098,"n":"Liquide vaisselle Visior Antiodeur - 500ml","p":0.64,"u":"1,28 €/L","img":"https://fd3-photos.leclercdrive.fr/image.ashx?id=2951122&use=l&cat=p&typeid=i","cat":284655},{"id":98145,"n":"Orange à jus bio Bio Village Sachet 1kg","p":2.89,"u":"2,89 €/KG","img":"https://fd3-photos.leclercdrive.fr/image.ashx?id=2566874&use=l&cat=p&typeid=i","cat":284356},{"id":98251,"n":"Liquide Vaisselle Brillance  VISIOR - 500ml","p":0.64,"u":"1,28 €/L","img":"https://fd3-photos.leclercdrive.fr/image.ashx?id=2951125&use=l&cat=p&typeid=i","cat":284655},{"id":98252,"n":"Liquide vaisselle Visior Antibactérien - 500ml","p":0.64,"u":"1,28 €/L","img":"https://fd3-photos.leclercdrive.fr/image.ashx?id=2951131&use=l&cat=p&typeid=i","cat":284655},{"id":98253,"n":"Liquide vaisselle Visior Désincrustant sel - 500ml","p":0.64,"u":"1,28 €/L","img":"https://fd3-photos.leclercdrive.fr/image.ashx?id=2951128&use=l&cat=p&typeid=i","cat":284655},{"id":98392,"n":"Désodorisant Stick TECH9 Bubble Gum - x4","p":2.5,"u":"0,63 €/P","img":"https://fd3-photos.leclercdrive.fr/image.ashx?id=1545003&use=l&cat=p&typeid=i","cat":298252},{"id":98394,"n":"Désodorisant Canette TECH9 Marine","p":2.5,"img":"https://fd3-photos.leclercdrive.fr/image.ashx?id=1545009&use=l&cat=p&typeid=i","cat":298252},{"id":98417,"n":"Liquide vaisselle floral Visior 500ml","p":0.64,"u":"1,28 €/L","img":"https://fd3-photos.leclercdrive.fr/image.ashx?id=2951134&use=l&cat=p&typeid=i","cat":284655},{"id":98422,"n":"Pavés de Saumon Bio Bio Village 200g","p":8.59,"u":"42,95 €/KG","img":"https://fd3-photos.leclercdrive.fr/image.ashx?id=2934802&use=l&cat=p&typeid=i","cat":319786},{"id":98426,"n":"Spécial mie Epi d'Or Nature - 780g","p":2.14,"u":"2,74 €/KG","img":"https://fd3-photos.leclercdrive.fr/image.ashx?id=3012863&use=l&cat=p&typeid=i","cat":284477},{"id":98429,"n":"Petits pains précuits Epi d'Or 4x75g","p":1.57,"u":"5,23 €/KG","img":"https://fd3-photos.leclercdrive.fr/image.ashx?id=2956966&use=l&cat=p&typeid=i","cat":325069},{"id":98437,"n":"Chorizo fort Eco+ 250g","p":1.63,"u":"6,52 €/KG","img":"https://fd3-photos.leclercdrive.fr/image.ashx?id=2849563&use=l&cat=p&typeid=i","cat":316006},{"id":98440,"n":"Rôti de porc Fleury Michon -25% sel sans nitrite x4 - 160g","p":3.36,"u":"21,00 €/KG","img":"https://fd3-photos.leclercdrive.fr/image.ashx?id=2334569&use=l&cat=p&typeid=i","cat":316009},{"id":98443,"n":"Soda Coca-Cola Original Bouteille - Pack 6x1L","p":10.2,"u":"1,70 €/L","img":"https://fd3-photos.leclercdrive.fr/image.ashx?id=2830897&use=l&cat=p&typeid=i","cat":284530},{"id":98468,"n":"Yaourt à la grecque Délisse Vanille - 8x125g","p":3.59,"u":"3,59 €/KG","img":"https://fd3-photos.leclercdrive.fr/image.ashx?id=2699738&use=l&cat=p&typeid=i","cat":314999},{"id":98475,"n":"Blé soja haricots Céréal Bio  Façon Chili bio -220g","p":1.96,"u":"8,91 €/KG","img":"https://fd3-photos.leclercdrive.fr/image.ashx?id=2575096&use=l&cat=p&typeid=i","cat":287600},{"id":98504,"n":"Liquide vaisselle Rainett Thé vert - 500 ml","p":1.52,"u":"3,04 €/L","img":"https://fd3-photos.leclercdrive.fr/image.ashx?id=2293108&use=l&cat=p&typeid=i","cat":284655},{"id":98693,"n":"Masque Pieds Très Hydratant Huile de noix de coco - 1 paire","p":3.03,"img":"https://fd3-photos.leclercdrive.fr/image.ashx?id=3011011&use=l&cat=p&typeid=i","cat":325354},{"id":98807,"n":"Purée fruit bébé Blédina 6 mois Pomme cerise vanille - 4x100g","p":1.86,"u":"4,65 €/KG","img":"https://fd3-photos.leclercdrive.fr/image.ashx?id=2983024&use=l&cat=p&typeid=i","cat":312388},{"id":98811,"n":"Comprimé antibactérien Polident x36","p":2.33,"u":"0,06 €/P","img":"https://fd3-photos.leclercdrive.fr/image.ashx?id=2303843&use=l&cat=p&typeid=i","cat":285158},{"id":98813,"n":"Dentifrice Parodontax Soin blancheur - 75ml","p":3.56,"u":"47,47 €/L","img":"https://fd3-photos.leclercdrive.fr/image.ashx?id=2606391&use=l&cat=p&typeid=i","cat":284612},{"id":98814,"n":"Dentifrice Parodontax Soin quotidien - 75ml","p":3.61,"u":"48,13 €/L","img":"https://fd3-photos.leclercdrive.fr/image.ashx?id=2606394&use=l&cat=p&typeid=i","cat":284612},{"id":98822,"n":"Purée fruit bébé Blédina 6 mois Pomme kiwi ananas - 4x100g","p":1.74,"u":"4,35 €/KG","img":"https://fd3-photos.leclercdrive.fr/image.ashx?id=2983030&use=l&cat=p&typeid=i","cat":312388},{"id":98828,"n":"Purée fruit bébé Blédina 6 mois Pomme poire mandarine - 4x100g","p":1.53,"u":"3,83 €/KG","img":"https://fd3-photos.leclercdrive.fr/image.ashx?id=2983033&use=l&cat=p&typeid=i","cat":312388},{"id":98831,"n":"Purée fruit bébé Blédina 6 mois Harmonie de fruits - 4x100g","p":1.77,"u":"4,43 €/KG","img":"https://fd3-photos.leclercdrive.fr/image.ashx?id=2983036&use=l&cat=p&typeid=i","cat":312388},{"id":98834,"n":"Purée fruit bébé Blédina 6 mois Pomme mangue passion - 4x100g","p":1.77,"u":"4,43 €/KG","img":"https://fd3-photos.leclercdrive.fr/image.ashx?id=2983039&use=l&cat=p&typeid=i","cat":312388},{"id":98836,"n":"Purée fruit bébé Blédina 6 mois Pomme poire vanille - 12x100g","p":4.87,"u":"4,06 €/KG","img":"https://fd3-photos.leclercdrive.fr/image.ashx?id=2983045&use=l&cat=p&typeid=i","cat":312388},{"id":98837,"n":"Purée fruit bébé Blédina 6 mois Pomme fraises banane - 4x100g","p":1.79,"u":"4,48 €/KG","img":"https://fd3-photos.leclercdrive.fr/image.ashx?id=2983048&use=l&cat=p&typeid=i","cat":312388},{"id":98872,"n":"Boisson Thé Glacé FuzeTea Mangue Camomille - 1,25L","p":1.57,"u":"1,26 €/L","img":"https://fd3-photos.leclercdrive.fr/image.ashx?id=2997220&use=l&cat=p&typeid=i","cat":295019},{"id":98875,"n":"Thé glacé Fuze Tea  Pêche Hibiscus - 1,25L","p":1.51,"u":"1,21 €/L","img":"https://fd3-photos.leclercdrive.fr/image.ashx?id=2940393&use=l&cat=p&typeid=i","cat":295019},{"id":98888,"n":"AOP Chablis blanc La Chablisienne - 75 cl","p":10.7,"u":"14,27 €/L","img":"https://fd3-photos.leclercdrive.fr/image.ashx?id=2107009&use=l&cat=p&typeid=i","cat":289557},{"id":98899,"n":"Pétillant Cava Revesco brut Espagne - 75cl","p":5.44,"u":"7,25 €/L","img":"https://fd3-photos.leclercdrive.fr/image.ashx?id=2019834&use=l&cat=p&typeid=i","cat":289461},{"id":98933,"n":"AOP Ecrasé de pdt Florette Beurre - 2x200g","p":2.43,"u":"6,08 €/KG","img":"https://fd3-photos.leclercdrive.fr/image.ashx?id=2767699&use=l&cat=p&typeid=i","cat":333665},{"id":98947,"n":"Vin rouge du Chili Carmenere Casillero Del Diablo - 75cl","p":7.5,"pp":5.25,"u":"7,00 €/L","img":"https://fd3-photos.leclercdrive.fr/image.ashx?id=1643893&use=l&cat=p&typeid=i","cat":289556},{"id":98971,"n":"Sac Multi Mix 500g","p":4.3,"u":"8,60 €/KG","img":"https://fd3-photos.leclercdrive.fr/image.ashx?id=2569803&use=l&cat=p&typeid=i","cat":304250},{"id":99045,"n":"Ravioli bio au blé complet Rana Épinards, Ricotta - 250g","p":3.73,"u":"14,92 €/KG","img":"https://fd3-photos.leclercdrive.fr/image.ashx?id=2439878&use=l&cat=p&typeid=i","cat":333682},{"id":99162,"n":"Sauce truffe d'été 1% 180g","p":4.56,"u":"25,33 €/KG","img":"https://fd3-photos.leclercdrive.fr/image.ashx?id=1655598&use=l&cat=p&typeid=i","cat":284382},{"id":99189,"n":"Garniture de gigot Gillet 390g","p":3.31,"u":"8,49 €/KG","img":"https://fd3-photos.leclercdrive.fr/image.ashx?id=1866772&use=l&cat=p&typeid=i","cat":312606},{"id":99207,"n":"Lentilles vertes Lunor 300g","p":1.88,"u":"6,27 €/KG","img":"https://fd3-photos.leclercdrive.fr/image.ashx?id=2295373&use=l&cat=p&typeid=i","cat":284430},{"id":99216,"n":"Beurre Elle&Vire Condé sur Vire Doux - 82% MG - 250g","p":2.97,"u":"11,88 €/KG","img":"https://fd3-photos.leclercdrive.fr/image.ashx?id=2811131&use=l&cat=p&typeid=i","cat":284379},{"id":99248,"n":"Bouillon Kub Or Maggi 32 cubes - 128g","p":1.21,"u":"9,45 €/KG","img":"https://fd3-photos.leclercdrive.fr/image.ashx?id=2692737&use=l&cat=p&typeid=i","cat":288379},{"id":99281,"n":"Huile d'olive L'origine du Gout Vierge extra Arbequin - 50cl","p":10.65,"u":"21,30 €/L","img":"https://fd3-photos.leclercdrive.fr/image.ashx?id=1629744&use=l&cat=p&typeid=i","cat":284453},{"id":99416,"n":"Gel corps et cheveux Love&Green Bio - 500ml","p":5.41,"u":"10,82 €/L","img":"https://fd3-photos.leclercdrive.fr/image.ashx?id=2735713&use=l&cat=p&typeid=i","cat":284741},{"id":99417,"n":"Lait nettoyant Love & Green Bio Sans parfum - 500ml","p":5.69,"u":"11,38 €/L","img":"https://fd3-photos.leclercdrive.fr/image.ashx?id=2696016&use=l&cat=p&typeid=i","cat":284741},{"id":99418,"n":"Eau nettoyante Love & Green Bio sans parfum - 500ml","p":6.96,"u":"13,92 €/L","img":"https://fd3-photos.leclercdrive.fr/image.ashx?id=2696019&use=l&cat=p&typeid=i","cat":284741},{"id":99489,"n":"Lingettes Pampers Sensitive x80","p":2.73,"u":"0,03 €/P","img":"https://fd3-photos.leclercdrive.fr/image.ashx?id=2956664&use=l&cat=p&typeid=i","cat":284738},{"id":99508,"n":"Piles Duracell CR2032 Lithium 3V - x4","p":9.77,"u":"2,44 €/P","img":"https://fd3-photos.leclercdrive.fr/image.ashx?id=3003405&use=l&cat=p&typeid=i","cat":300572},{"id":99510,"n":"Stylo dissolvant Inell 4ml","p":2.36,"u":"590,00 €/L","img":"https://fd3-photos.leclercdrive.fr/image.ashx?id=1634137&use=l&cat=p&typeid=i","cat":325347},{"id":99526,"n":"Dentifrice Soin Sanogyl Essence Blancheur - 2x75ml","p":6.08,"u":"40,53 €/L","img":"https://fd3-photos.leclercdrive.fr/image.ashx?id=2335631&use=l&cat=p&typeid=i","cat":284612},{"id":99545,"n":"Mogettes bio Bio VIllage 215g","p":1.73,"u":"8,05 €/KG","img":"https://fd3-photos.leclercdrive.fr/image.ashx?id=3002680&use=l&cat=p&typeid=i","cat":312606},{"id":99547,"n":"Haricots rouge Bio Village Bio - 205g","p":2.31,"u":"11,27 €/KG","img":"https://fd3-photos.leclercdrive.fr/image.ashx?id=1947761&use=l&cat=p&typeid=i","cat":312606},{"id":99553,"n":"Pois chiche Bio VIllage Bio - 215g","p":2.1,"u":"9,77 €/KG","img":"https://fd3-photos.leclercdrive.fr/image.ashx?id=3002683&use=l&cat=p&typeid=i","cat":312609},{"id":99555,"n":"Lentilles Bio Village Bio - 215g","p":2.04,"u":"9,49 €/KG","img":"https://fd3-photos.leclercdrive.fr/image.ashx?id=1947752&use=l&cat=p&typeid=i","cat":312609},{"id":99569,"n":"Huile à barbe Bulldog Original - 30ml","p":7.63,"u":"254,33 €/L","img":"https://fd3-photos.leclercdrive.fr/image.ashx?id=2985537&use=l&cat=p&typeid=i","cat":284622},{"id":99570,"n":"Ratatouille Eco+ 750g","p":1.08,"u":"1,44 €/KG","img":"https://fd3-photos.leclercdrive.fr/image.ashx?id=2703446&use=l&cat=p&typeid=i","cat":312612},{"id":99608,"n":"AOP Crémant Alsace Arthur Metz Demi-sec - Ice - 75cl","p":7.94,"u":"10,59 €/L","img":"https://fd3-photos.leclercdrive.fr/image.ashx?id=2431986&use=l&cat=p&typeid=i","cat":284544},{"id":99609,"n":"AOP Crémant Alsace Arthur Metz Demi sec - Ice - Rosé - 75cl","p":8.15,"u":"10,87 €/L","img":"https://fd3-photos.leclercdrive.fr/image.ashx?id=2431989&use=l&cat=p&typeid=i","cat":284544},{"id":99700,"n":"Cotons Démaquillants Demak'Up Expert - 6x70 disques","p":6.1,"u":"0,01 €/P","img":"https://fd3-photos.leclercdrive.fr/image.ashx?id=2844415&use=l&cat=p&typeid=i","cat":284636},{"id":99703,"n":"Eau micellaire Diadermine Hydratant - 400ml","p":4.49,"u":"11,23 €/L","img":"https://fd3-photos.leclercdrive.fr/image.ashx?id=2549624&use=l&cat=p&typeid=i","cat":284603},{"id":99732,"n":"Knepfle Horvat 1kg","p":3.29,"u":"3,29 €/KG","img":"https://fd3-photos.leclercdrive.fr/image.ashx?id=1664027&use=l&cat=p&typeid=i","cat":333682},{"id":99734,"n":"Capsules café L'Or Espresso Or Absolu N°9 x20","p":7.43,"u":"71,44 €/KG","img":"https://fd3-photos.leclercdrive.fr/image.ashx?id=2859971&use=l&cat=p&typeid=i","cat":284749},{"id":99760,"n":"Complément alimentaire Biosens Détox universel bio - 500ml","p":6.75,"u":"13,50 €/L","img":"https://fd3-photos.leclercdrive.fr/image.ashx?id=2864573&use=l&cat=p&typeid=i","cat":284632},{"id":99761,"n":"Complément alimentaire Biosens Express draineur bio - 500ml","p":6.74,"u":"13,48 €/L","img":"https://fd3-photos.leclercdrive.fr/image.ashx?id=2963196&use=l&cat=p&typeid=i","cat":284632},{"id":99774,"n":"Biscuits sablés Granola Chocolat noir - 195g","p":1.84,"u":"9,44 €/KG","img":"https://fd3-photos.leclercdrive.fr/image.ashx?id=2982979&use=l&cat=p&typeid=i","cat":284488},{"id":99788,"n":"Capsules café L'Or Espresso Lungo Profondo N°8 x20","p":6.59,"u":"63,37 €/KG","img":"https://fd3-photos.leclercdrive.fr/image.ashx?id=3005796&use=l&cat=p&typeid=i","cat":284749},{"id":99813,"n":"Complément alimentaire Biosens Bio super curcuma - 18g","p":5.19,"u":"235,91 €/KG","img":"https://fd3-photos.leclercdrive.fr/image.ashx?id=2190599&use=l&cat=p&typeid=i","cat":284632},{"id":99905,"n":"Biscuits Petit Ecolier LU Chocolat blanc - 150g","p":1.73,"u":"11,53 €/KG","img":"https://fd3-photos.leclercdrive.fr/image.ashx?id=2346678&use=l&cat=p&typeid=i","cat":284488},{"id":99921,"n":"Shampooing Nateis Cheveux gris ou blancs - 250ml","p":1.4,"u":"5,60 €/L","img":"https://fd3-photos.leclercdrive.fr/image.ashx?id=2395820&use=l&cat=p&typeid=i","cat":284606},{"id":99922,"n":"Lait de douche Manava Framboise - 250ml","p":0.94,"u":"3,76 €/L","img":"https://fd3-photos.leclercdrive.fr/image.ashx?id=2618353&use=l&cat=p&typeid=i","cat":284594},{"id":99965,"n":"Biscuit speculoos Lotus Biscoff 750g (6x125g)","p":4.26,"u":"5,68 €/KG","img":"https://fd3-photos.leclercdrive.fr/image.ashx?id=2693818&use=l&cat=p&typeid=i","cat":284487},{"id":99973,"n":"Biscuits petit déjeuner Belvita Moelleux fruits rouges - 250g","p":2.42,"u":"9,68 €/KG","img":"https://fd3-photos.leclercdrive.fr/image.ashx?id=3005329&use=l&cat=p&typeid=i","cat":284491},{"id":99975,"n":"Vodka Zubrowka Bison grass - 37.5%vol - 70cl","p":16.45,"u":"23,50 €/L","img":"https://fd3-photos.leclercdrive.fr/image.ashx?id=2879820&use=l&cat=p&typeid=i","cat":284550},{"id":99976,"n":"Biscuit petit déjeuner Belvita Brut - 600g","p":3.57,"u":"5,95 €/KG","img":"https://fd3-photos.leclercdrive.fr/image.ashx?id=2112935&use=l&cat=p&typeid=i","cat":285281},{"id":100017,"n":"Pain de mie Jacquet Maxi sans sucres ajoutés - 550g","p":1.54,"u":"2,80 €/KG","img":"https://fd3-photos.leclercdrive.fr/image.ashx?id=2935705&use=l&cat=p&typeid=i","cat":284477},{"id":100221,"n":"Pots de colle blanche Cléopâtre Parfumée à l'amande - 2x23g","p":1.86,"img":"https://fd3-photos.leclercdrive.fr/image.ashx?id=1666921&use=l&cat=p&typeid=i","cat":334133},{"id":100250,"n":"Yaourt nature sucré Kit-Kat Billes chocolat - 4x115g","p":2.93,"u":"6,37 €/KG","img":"https://fd3-photos.leclercdrive.fr/image.ashx?id=2875954&use=l&cat=p&typeid=i","cat":284414},{"id":100259,"n":"Bonbons Trolli All In One 1kg","p":5.95,"u":"5,95 €/KG","img":"https://fd3-photos.leclercdrive.fr/image.ashx?id=2607164&use=l&cat=p&typeid=i","cat":304250},{"id":100334,"n":"Gel bain douche Manava Coton macadamia - 500ml","p":1.88,"u":"3,76 €/L","img":"https://fd3-photos.leclercdrive.fr/image.ashx?id=1644734&use=l&cat=p&typeid=i","cat":284594},{"id":100349,"n":"Bain de bouche Parodontax Menthe douce - 500ml","p":5.06,"u":"10,12 €/L","img":"https://fd3-photos.leclercdrive.fr/image.ashx?id=2485982&use=l&cat=p&typeid=i","cat":284613},{"id":100356,"n":"Crayon Yeux Maybelline Effet Tatouage 900 Deep Onyx","p":6.21,"pp":4.1,"img":"https://fd3-photos.leclercdrive.fr/image.ashx?id=2904865&use=l&cat=p&typeid=i","cat":287029},{"id":100457,"n":"Feuilles simples Oxford x400 feuilles - 21x29.7cm","p":7.73,"img":"https://fd3-photos.leclercdrive.fr/image.ashx?id=2750300&use=l&cat=p&typeid=i","cat":284697},{"id":100485,"n":"Chocolat noir Bio Village Bio Dégustation 85% cacao 100g","p":1.87,"u":"18,70 €/KG","img":"https://fd3-photos.leclercdrive.fr/image.ashx?id=2915654&use=l&cat=p&typeid=i","cat":284956},{"id":100594,"n":"Petit pois carotte Bio Village Bio - 215g","p":1.63,"u":"7,58 €/KG","img":"https://fd3-photos.leclercdrive.fr/image.ashx?id=3002692&use=l&cat=p&typeid=i","cat":312607},{"id":100595,"n":"Papier toilette Uni Vert Blanc 3 plis recyclés - x6","p":2.34,"u":"0,39 €/P","img":"https://fd3-photos.leclercdrive.fr/image.ashx?id=2571938&use=l&cat=p&typeid=i","cat":284634},{"id":100596,"n":"Petits pois fins Bio Village Bio - 230g","p":1.81,"u":"7,87 €/KG","img":"https://fd3-photos.leclercdrive.fr/image.ashx?id=3002689&use=l&cat=p&typeid=i","cat":312607},{"id":100604,"n":"Pur jus Bio Village Pomme mangue Bio - 1L","p":3.75,"u":"3,75 €/L","img":"https://fd3-photos.leclercdrive.fr/image.ashx?id=2901551&use=l&cat=p&typeid=i","cat":284917},{"id":100725,"n":"Pain de mie La Boulangère Toastiligne Aux céréales - 500g","p":1.53,"u":"3,06 €/KG","img":"https://fd3-photos.leclercdrive.fr/image.ashx?id=2912401&use=l&cat=p&typeid=i","cat":284477},{"id":100760,"n":"Déboucheur Poudre Tarax Action 1 dose 3min - 60g","p":1.7,"u":"28,33 €/KG","img":"https://fd3-photos.leclercdrive.fr/image.ashx?id=2148377&use=l&cat=p&typeid=i","cat":284908},{"id":100790,"n":"Kit fajitas Old El Paso tomates poivrons - 500g","p":5.53,"u":"11,06 €/KG","img":"https://fd3-photos.leclercdrive.fr/image.ashx?id=2764628&use=l&cat=p&typeid=i","cat":288993},{"id":100792,"n":"Wraps Old El Paso de blé complet x6 - 350g","p":2.91,"u":"8,31 €/KG","img":"https://fd3-photos.leclercdrive.fr/image.ashx?id=2940573&use=l&cat=p&typeid=i","cat":288993},{"id":100971,"n":"Fromage frais Isigny Ste Mère Framboise - 500g","p":1.98,"u":"3,96 €/KG","img":"https://fd3-photos.leclercdrive.fr/image.ashx?id=2862251&use=l&cat=p&typeid=i","cat":284409},{"id":100979,"n":"Chocolat au lait Lindt Création Le Rocher lait - 150g","p":3.07,"u":"20,47 €/KG","img":"https://fd3-photos.leclercdrive.fr/image.ashx?id=2685805&use=l&cat=p&typeid=i","cat":284497},{"id":100981,"n":"Courgettes Cuisinées Cassegrain à la Provençale 375g","p":3.01,"u":"8,03 €/KG","img":"https://fd3-photos.leclercdrive.fr/image.ashx?id=2977951&use=l&cat=p&typeid=i","cat":312612},{"id":100989,"n":"Céréales Trésor de Kellogg's Choco Roulette - 620g","p":4.43,"u":"7,15 €/KG","img":"https://fd3-photos.leclercdrive.fr/image.ashx?id=2598337&use=l&cat=p&typeid=i","cat":309513},{"id":100991,"n":"Céréales Trésor de Kellogg's Chocolat Noisettes - 410g","p":2.9,"u":"7,07 €/KG","img":"https://fd3-photos.leclercdrive.fr/image.ashx?id=2584238&use=l&cat=p&typeid=i","cat":309513},{"id":101031,"n":"Couscous moyen Tria 1 kg","p":3.17,"u":"3,17 €/KG","img":"https://fd3-photos.leclercdrive.fr/image.ashx?id=2629632&use=l&cat=p&typeid=i","cat":284429},{"id":101047,"n":"Croquettes chat Ultima  Nature Poulet - 1.25kg","p":6.97,"u":"5,58 €/KG","img":"https://fd3-photos.leclercdrive.fr/image.ashx?id=2569959&use=l&cat=p&typeid=i","cat":284680},{"id":101050,"n":"Croquette chat stérilisé Ultima  Nature - Saumon - 1.25kg","p":7.16,"u":"5,73 €/KG","img":"https://fd3-photos.leclercdrive.fr/image.ashx?id=2569962&use=l&cat=p&typeid=i","cat":284680},{"id":101056,"n":"Adoucissant concentré Hyperdou Rosée du matin - 750ml","p":1.99,"u":"2,65 €/L","img":"https://fd3-photos.leclercdrive.fr/image.ashx?id=2602910&use=l&cat=p&typeid=i","cat":284650},{"id":101058,"n":"Adoucissant concentré Hyperdou Passion tropicale - 750ml","p":1.99,"u":"2,65 €/L","img":"https://fd3-photos.leclercdrive.fr/image.ashx?id=2683565&use=l&cat=p&typeid=i","cat":284650},{"id":101059,"n":"Adoucissant concentré Hyperdou Couché soleil - 750ml","p":1.99,"u":"2,65 €/L","img":"https://fd3-photos.leclercdrive.fr/image.ashx?id=2602943&use=l&cat=p&typeid=i","cat":284650},{"id":101078,"n":"Crème glacée Ben&Jerry's Fan favourites - 4x100ml","p":6.08,"u":"15,20 €/L","img":"https://fd3-photos.leclercdrive.fr/image.ashx?id=3009275&use=l&cat=p&typeid=i","cat":284725},{"id":101080,"n":"Pot crème glacée Ben& Jerry's Cookie/Brownie 4 x 100ml","p":6.28,"u":"15,70 €/L","img":"https://fd3-photos.leclercdrive.fr/image.ashx?id=2657012&use=l&cat=p&typeid=i","cat":284725},{"id":101115,"n":"Céréales Trésor de Kellogg's Chocolat au Lait - 410g","p":2.99,"u":"7,29 €/KG","img":"https://fd3-photos.leclercdrive.fr/image.ashx?id=2584241&use=l&cat=p&typeid=i","cat":309513},{"id":101126,"n":"Bière blonde Grimbergen Pale Ale 5,5° - 6x25cl","p":5.61,"u":"3,74 €/L","img":"https://fd3-photos.leclercdrive.fr/image.ashx?id=2312801&use=l&cat=p&typeid=i","cat":334852},{"id":101264,"n":"Jus d'orange sanguine Andros 1L","p":4.23,"u":"4,23 €/L","img":"https://fd3-photos.leclercdrive.fr/image.ashx?id=2882635&use=l&cat=p&typeid=i","cat":285435},{"id":101290,"n":"Compotée Bonne Maman Fraise/Famboise/Sureau - 260g","p":2.96,"u":"11,38 €/KG","img":"https://fd3-photos.leclercdrive.fr/image.ashx?id=2874033&use=l&cat=p&typeid=i","cat":284416},{"id":101291,"n":"Compotée Bonne Maman Pêche/Abricot/Verveine - 260g","p":2.88,"u":"11,08 €/KG","img":"https://fd3-photos.leclercdrive.fr/image.ashx?id=2874039&use=l&cat=p&typeid=i","cat":284416},{"id":101292,"n":"Compotée Bonne Maman Poire Williams - 2x130g","p":1.98,"u":"15,23 €/KG","img":"https://fd3-photos.leclercdrive.fr/image.ashx?id=2874045&use=l&cat=p&typeid=i","cat":284416},{"id":101312,"n":"Serviettes Kraft Homeside 40x40cm - x20","p":2.65,"u":"0,13 €/P","img":"https://fd3-photos.leclercdrive.fr/image.ashx?id=1664429&use=l&cat=p&typeid=i","cat":334134},{"id":101314,"n":"Serviettes kraft Homeside 12x12cm - x50","p":1.99,"u":"0,04 €/P","img":"https://fd3-photos.leclercdrive.fr/image.ashx?id=2411674&use=l&cat=p&typeid=i","cat":334134},{"id":101317,"n":"Assiettes plates kraft Homeside 18cm - x50","p":3.01,"u":"0,06 €/P","img":"https://fd3-photos.leclercdrive.fr/image.ashx?id=1660522&use=l&cat=p&typeid=i","cat":334134},{"id":101324,"n":"Assiettes plates kraft Homeside 23cm - x50","p":3.64,"u":"0,07 €/P","img":"https://fd3-photos.leclercdrive.fr/image.ashx?id=1660519&use=l&cat=p&typeid=i","cat":334134},{"id":101347,"n":"IGP Pâte Garofalo  Fusillone - 500g","p":1.87,"u":"3,74 €/KG","img":"https://fd3-photos.leclercdrive.fr/image.ashx?id=3005353&use=l&cat=p&typeid=i","cat":284427},{"id":101348,"n":"Barres Chocolatées KINDER BUENO  Chocolat au Lait x12 - 516g","p":8.35,"u":"16,18 €/KG","img":"https://fd3-photos.leclercdrive.fr/image.ashx?id=2402946&use=l&cat=p&typeid=i","cat":284498},{"id":101350,"n":"liégeois vanille danette - 4x100g","p":1.63,"u":"4,08 €/KG","img":"https://fd3-photos.leclercdrive.fr/image.ashx?id=2907848&use=l&cat=p&typeid=i","cat":285042},{"id":101415,"n":"Couteaux en bois Homeside x20","p":1.38,"u":"0,07 €/P","img":"https://fd3-photos.leclercdrive.fr/image.ashx?id=1663736&use=l&cat=p&typeid=i","cat":334134},{"id":101416,"n":"Fourchettes en bois Homeside x20","p":1.38,"u":"0,07 €/P","img":"https://fd3-photos.leclercdrive.fr/image.ashx?id=1663733&use=l&cat=p&typeid=i","cat":334134},{"id":101418,"n":"Cuillères en bois Homeside x20","p":1.38,"u":"0,07 €/P","img":"https://fd3-photos.leclercdrive.fr/image.ashx?id=1663730&use=l&cat=p&typeid=i","cat":334134},{"id":101421,"n":"Coupelle réutilisable Homeside Turquoise - x4","p":0.99,"u":"0,25 €/P","img":"https://fd3-photos.leclercdrive.fr/image.ashx?id=1660501&use=l&cat=p&typeid=i","cat":334134},{"id":101426,"n":"Serviettes 3 plis Homeside noires - 40cm - x20","p":1.39,"u":"0,07 €/P","img":"https://fd3-photos.leclercdrive.fr/image.ashx?id=1660205&use=l&cat=p&typeid=i","cat":334134},{"id":101428,"n":"Serviettes 3 plis Homeside Noires - 33cm - x50","p":1.99,"u":"0,04 €/P","img":"https://fd3-photos.leclercdrive.fr/image.ashx?id=1659762&use=l&cat=p&typeid=i","cat":334134},{"id":101456,"n":"Barres Chocolatées KINDER Maxi Chocolat au Lait x18 - 378g","p":5.97,"u":"15,79 €/KG","img":"https://fd3-photos.leclercdrive.fr/image.ashx?id=2673854&use=l&cat=p&typeid=i","cat":284498},{"id":101460,"n":"Ménagère réutillisable Homeside rouge - 18 couverts","p":2.9,"u":"0,16 €/P","img":"https://fd3-photos.leclercdrive.fr/image.ashx?id=1660498&use=l&cat=p&typeid=i","cat":334134},{"id":101461,"n":"Pâtes Collezione Barilla Fusilli Bucati Corti - 500g","p":1.47,"u":"2,94 €/KG","img":"https://fd3-photos.leclercdrive.fr/image.ashx?id=2991003&use=l&cat=p&typeid=i","cat":284427},{"id":101462,"n":"Ménagère réutilisable Homeside Anis - 18 couverts","p":2.9,"u":"0,16 €/P","img":"https://fd3-photos.leclercdrive.fr/image.ashx?id=1660495&use=l&cat=p&typeid=i","cat":334134},{"id":101465,"n":"Ménagère réutilisable Homeside Turquoise - 18 couverts","p":2.9,"u":"0,16 €/P","img":"https://fd3-photos.leclercdrive.fr/image.ashx?id=1660492&use=l&cat=p&typeid=i","cat":334134},{"id":101473,"n":"Petit Pois, Carotte Cassegrain Tendre et Fondant 265g","p":1.85,"u":"6,98 €/KG","img":"https://fd3-photos.leclercdrive.fr/image.ashx?id=2951692&use=l&cat=p&typeid=i","cat":312607},{"id":101476,"n":"Saladière mexicana Saupiquet 220g","p":2.8,"u":"12,73 €/KG","img":"https://fd3-photos.leclercdrive.fr/image.ashx?id=2857042&use=l&cat=p&typeid=i","cat":284437},{"id":101480,"n":"Filets de thon Saupiquet Au citron - 115g","p":2.17,"u":"18,87 €/KG","img":"https://fd3-photos.leclercdrive.fr/image.ashx?id=2846370&use=l&cat=p&typeid=i","cat":303867},{"id":101483,"n":"Tablette chocolat Côte d'Or Chocolat noir 70% - 100g","p":1.82,"u":"18,20 €/KG","img":"https://fd3-photos.leclercdrive.fr/image.ashx?id=2985591&use=l&cat=p&typeid=i","cat":284956},{"id":101500,"n":"Assortiment de noix Seeberger 150g","p":3.44,"u":"22,93 €/KG","img":"https://fd3-photos.leclercdrive.fr/image.ashx?id=2950627&use=l&cat=p&typeid=i","cat":316002},{"id":101502,"n":"Crème dessert Danette Vanille - 4x125g","p":1.51,"u":"3,02 €/KG","img":"https://fd3-photos.leclercdrive.fr/image.ashx?id=2029487&use=l&cat=p&typeid=i","cat":285041},{"id":101505,"n":"Jus de pruneaux Bio Village Bio - 1L","p":3.99,"u":"3,99 €/L","img":"https://fd3-photos.leclercdrive.fr/image.ashx?id=2901560&use=l&cat=p&typeid=i","cat":284915},{"id":101564,"n":"chocolat noir alter eco   republique dominicaine bio 100g","p":2.57,"u":"25,70 €/KG","img":"https://fd3-photos.leclercdrive.fr/image.ashx?id=2906556&use=l&cat=p&typeid=i","cat":284956},{"id":101620,"n":"Matière grasse Rustica Omega 3 50%MG -Doux -250G","p":0.99,"u":"3,96 €/KG","img":"https://fd3-photos.leclercdrive.fr/image.ashx?id=2904583&use=l&cat=p&typeid=i","cat":315229},{"id":101667,"n":"Soupe liquide Bio Liebig  Mouliné de Légumes Verts - 1L","p":2.83,"u":"2,83 €/L","img":"https://fd3-photos.leclercdrive.fr/image.ashx?id=2643686&use=l&cat=p&typeid=i","cat":284462},{"id":101677,"n":"Calamars Morceaux à Poêler Gimbert - 400 g","p":5.74,"u":"14,35 €/KG","img":"https://fd3-photos.leclercdrive.fr/image.ashx?id=1901407&use=l&cat=p&typeid=i","cat":319787},{"id":101680,"n":"Goûter Bio Village Pépites de Chocolat Bio - 150g","p":2.09,"u":"13,93 €/KG","img":"https://fd3-photos.leclercdrive.fr/image.ashx?id=2783443&use=l&cat=p&typeid=i","cat":284495},{"id":101696,"n":"crème dessert caramel danette - 4x125g","p":1.54,"u":"3,08 €/KG","img":"https://fd3-photos.leclercdrive.fr/image.ashx?id=2926236&use=l&cat=p&typeid=i","cat":285041},{"id":101699,"n":"crème dessert pistache danette - 4x125g","p":1.68,"u":"3,36 €/KG","img":"https://fd3-photos.leclercdrive.fr/image.ashx?id=1984885&use=l&cat=p&typeid=i","cat":285041},{"id":101709,"n":"liégeois chocolat vanille danette - 8x100g","p":3.18,"u":"3,98 €/KG","img":"https://fd3-photos.leclercdrive.fr/image.ashx?id=2926245&use=l&cat=p&typeid=i","cat":285042},{"id":101710,"n":"crème dessert chocolat noir danette - 4x125g","p":1.61,"u":"3,22 €/KG","img":"https://fd3-photos.leclercdrive.fr/image.ashx?id=2927294&use=l&cat=p&typeid=i","cat":285041},{"id":101715,"n":"Petit beurre Michel et Augustin Comté poivre noir - 100g","p":2.43,"u":"24,30 €/KG","img":"https://fd3-photos.leclercdrive.fr/image.ashx?id=2108975&use=l&cat=p&typeid=i","cat":297000},{"id":101716,"n":"Petit beurre Michel et Augustin Roquefort graine pavot - 100g","p":3.51,"u":"35,10 €/KG","img":"https://fd3-photos.leclercdrive.fr/image.ashx?id=2108978&use=l&cat=p&typeid=i","cat":297000},{"id":101720,"n":"Sablé Michel et Augustin AOP Brebis tomate piment - 100g","p":3.06,"u":"30,60 €/KG","img":"https://fd3-photos.leclercdrive.fr/image.ashx?id=2108984&use=l&cat=p&typeid=i","cat":297000},{"id":101723,"n":"Petit beurre Michel et Augustin Chèvre AOP sarriete - 100g","p":3.04,"u":"30,40 €/KG","img":"https://fd3-photos.leclercdrive.fr/image.ashx?id=2108996&use=l&cat=p&typeid=i","cat":297000},{"id":101742,"n":"Cookies Michel et Augustin Coeur Choco Pécan caramel-180g","p":2.66,"u":"14,78 €/KG","img":"https://fd3-photos.leclercdrive.fr/image.ashx?id=2538908&use=l&cat=p&typeid=i","cat":325066},{"id":101836,"n":"Pastilles anti-calcaire Texil x17","p":3.12,"u":"0,18 €/P","img":"https://fd3-photos.leclercdrive.fr/image.ashx?id=2964580&use=l&cat=p&typeid=i","cat":284653},{"id":101837,"n":"Pastilles anti-calcaire Texil x48","p":4.6,"u":"0,10 €/P","img":"https://fd3-photos.leclercdrive.fr/image.ashx?id=2964583&use=l&cat=p&typeid=i","cat":284653},{"id":101850,"n":"Litière agglomérante Catsan  Active fresh pour chat - 5L","p":6.1,"u":"1,22 €/L","img":"https://fd3-photos.leclercdrive.fr/image.ashx?id=2681928&use=l&cat=p&typeid=i","cat":284683},{"id":102006,"n":"Gel bain douche Manava Pamplemousse raisin blanc-500ml","p":2.37,"u":"4,74 €/L","img":"https://fd3-photos.leclercdrive.fr/image.ashx?id=2652870&use=l&cat=p&typeid=i","cat":284594},{"id":102007,"n":"Gel douche Manava Gommant - 250ml","p":1.3,"u":"5,20 €/L","img":"https://fd3-photos.leclercdrive.fr/image.ashx?id=2805042&use=l&cat=p&typeid=i","cat":284594},{"id":102008,"n":"Gel douche Manava Sans savon - 500ml","p":1.82,"u":"3,64 €/L","img":"https://fd3-photos.leclercdrive.fr/image.ashx?id=2741303&use=l&cat=p&typeid=i","cat":284594},{"id":102011,"n":"Crème désaltérante jour So Bio  Aloe Vera bio  - 50ml","p":8.77,"u":"175,40 €/L","img":"https://fd3-photos.leclercdrive.fr/image.ashx?id=2644223&use=l&cat=p&typeid=i","cat":325345},{"id":102012,"n":"Déodorant bille bio So Bio Etic Tous types de peau - 50ml","p":4.93,"u":"98,60 €/L","img":"https://fd3-photos.leclercdrive.fr/image.ashx?id=2986606&use=l&cat=p&typeid=i","cat":284595},{"id":102026,"n":"Pommade Mains La Provençale Bio A l'Huile d'Olive - 75ml","p":3.29,"u":"43,87 €/L","img":"https://fd3-photos.leclercdrive.fr/image.ashx?id=2572275&use=l&cat=p&typeid=i","cat":325354},{"id":102078,"n":"Tagliatelles Côté Table Poulet & champignons - 300g","p":2.79,"u":"9,30 €/KG","img":"https://fd3-photos.leclercdrive.fr/image.ashx?id=2893568&use=l&cat=p&typeid=i","cat":333665},{"id":102079,"n":"Spaghetti Côté Table Bolognaise - 300g","p":3.2,"u":"10,67 €/KG","img":"https://fd3-photos.leclercdrive.fr/image.ashx?id=2846562&use=l&cat=p&typeid=i","cat":333665},{"id":102081,"n":"Poulet à la tomate Côté Table Purée courgette - 300g","p":2.19,"u":"7,30 €/KG","img":"https://fd3-photos.leclercdrive.fr/image.ashx?id=1656991&use=l&cat=p&typeid=i","cat":333665},{"id":102082,"n":"Poulet et risotto Côté Table Champignons - 280g","p":2.59,"u":"9,25 €/KG","img":"https://fd3-photos.leclercdrive.fr/image.ashx?id=2816145&use=l&cat=p&typeid=i","cat":333665},{"id":102094,"n":"Tablette de chocolat noir Lindt Noir : 78% cacao - 2x100g","p":4.84,"u":"24,20 €/KG","img":"https://fd3-photos.leclercdrive.fr/image.ashx?id=2214744&use=l&cat=p&typeid=i","cat":284956},{"id":102103,"n":"Eau gazeuse St Yorre 6x1,15L","p":3.18,"u":"0,46 €/L","img":"https://fd3-photos.leclercdrive.fr/image.ashx?id=2877730&use=l&cat=p&typeid=i","cat":284536},{"id":102104,"n":"Eau Aromatisée Vittel Aro bio Citron - 1L","p":1.21,"u":"1,21 €/L","img":"https://fd3-photos.leclercdrive.fr/image.ashx?id=2737093&use=l&cat=p&typeid=i","cat":284537},{"id":102267,"n":"Glace à l'eau Pirulo mix Assortiment x 6 - 300 g","p":3.37,"u":"11,23 €/KG","img":"https://fd3-photos.leclercdrive.fr/image.ashx?id=2732953&use=l&cat=p&typeid=i","cat":285250},{"id":102327,"n":"Eau gazeuse aromatisée Carola  Mirabelle - 1.25L","p":0.97,"u":"0,78 €/L","img":"https://fd3-photos.leclercdrive.fr/image.ashx?id=2660775&use=l&cat=p&typeid=i","cat":284536},{"id":102328,"n":"Eau gazeuse Carola  Framboise - 1.25L","p":0.97,"u":"0,78 €/L","img":"https://fd3-photos.leclercdrive.fr/image.ashx?id=2660769&use=l&cat=p&typeid=i","cat":284536},{"id":102329,"n":"Eau gazeuse Carola  Pêche blanche - 1.25L","p":0.97,"u":"0,78 €/L","img":"https://fd3-photos.leclercdrive.fr/image.ashx?id=2660772&use=l&cat=p&typeid=i","cat":284536},{"id":102336,"n":"Muesli croustillant chocolat  bio Terres et Céréales - 500g","p":4.03,"u":"8,06 €/KG","img":"https://fd3-photos.leclercdrive.fr/image.ashx?id=2802440&use=l&cat=p&typeid=i","cat":309512},{"id":102338,"n":"Muesli fruits rouges bio  Terres et Céréales - 500g","p":5.3,"u":"10,60 €/KG","img":"https://fd3-photos.leclercdrive.fr/image.ashx?id=2802443&use=l&cat=p&typeid=i","cat":309512},{"id":102374,"n":"Bière sans alcool Tourtel Twist Cerise 0,0° - 6x27,5cl","p":4.68,"u":"2,84 €/L","img":"https://fd3-photos.leclercdrive.fr/image.ashx?id=2688803&use=l&cat=p&typeid=i","cat":334877},{"id":102413,"n":"Kidibul Pomme Fraise 75cl","p":2.79,"pp":1.84,"u":"2,45 €/L","img":"https://fd3-photos.leclercdrive.fr/image.ashx?id=2769149&use=l&cat=p&typeid=i","cat":289460},{"id":102418,"n":"Tarte citron meringuée 650g","p":8.95,"u":"13,77 €/KG","img":"https://fd3-photos.leclercdrive.fr/image.ashx?id=2663374&use=l&cat=p&typeid=i","cat":284360},{"id":102452,"n":"Chocolat au lait 50% cacao bio  50% Madagascar - 100g","p":3.27,"u":"32,70 €/KG","img":"https://fd3-photos.leclercdrive.fr/image.ashx?id=2870905&use=l&cat=p&typeid=i","cat":284497},{"id":102591,"n":"Moules cuisinées provençale  Angulas - 900g","p":8.61,"u":"9,57 €/KG","img":"https://fd3-photos.leclercdrive.fr/image.ashx?id=2802803&use=l&cat=p&typeid=i","cat":284441},{"id":102594,"n":"Moules cuisinées marinière Angulas - 900g","p":10.45,"u":"11,61 €/KG","img":"https://fd3-photos.leclercdrive.fr/image.ashx?id=2828943&use=l&cat=p&typeid=i","cat":285340},{"id":102660,"n":"DOC Prosecco blanc Vilaveroni Bio - 75cl","p":9.93,"u":"13,24 €/L","img":"https://fd3-photos.leclercdrive.fr/image.ashx?id=2504236&use=l&cat=p&typeid=i","cat":289461},{"id":102661,"n":"Thé vert bio Jardin Bio Digestion x20 - 30g","p":2.77,"u":"92,33 €/KG","img":"https://fd3-photos.leclercdrive.fr/image.ashx?id=3014527&use=l&cat=p&typeid=i","cat":293233},{"id":102667,"n":"Haricots verts D'Aucy Extra fin - 58cl - 280g","p":2.94,"u":"10,50 €/KG","img":"https://fd3-photos.leclercdrive.fr/image.ashx?id=2110005&use=l&cat=p&typeid=i","cat":312606},{"id":102669,"n":"Capsules café L'Or Espresso Or Rose N°7 x10","p":4.05,"u":"77,88 €/KG","img":"https://fd3-photos.leclercdrive.fr/image.ashx?id=2100290&use=l&cat=p&typeid=i","cat":284749},{"id":102670,"n":"Capsules café L'Or Espresso Lungo Elegante N°6 x10","p":3.65,"u":"70,19 €/KG","img":"https://fd3-photos.leclercdrive.fr/image.ashx?id=2391870&use=l&cat=p&typeid=i","cat":284749},{"id":102676,"n":"Capsules café L'Or Barista Double Espresso N°7 x10","p":5.13,"u":"49,33 €/KG","img":"https://fd3-photos.leclercdrive.fr/image.ashx?id=1742978&use=l&cat=p&typeid=i","cat":284749},{"id":102678,"n":"Friandises chien Pedigree  Ranchos original poulet - 70g","p":2.52,"u":"36,00 €/KG","img":"https://fd3-photos.leclercdrive.fr/image.ashx?id=2897282&use=l&cat=p&typeid=i","cat":294527},{"id":102695,"n":"Friandises chien Pedigree Ranchos original bœuf - 70g","p":2.55,"u":"36,43 €/KG","img":"https://fd3-photos.leclercdrive.fr/image.ashx?id=2897279&use=l&cat=p&typeid=i","cat":294527},{"id":102699,"n":"Billes chocolatées Lindt Crispy céréales soufflées - 140g","p":2.96,"u":"21,14 €/KG","img":"https://fd3-photos.leclercdrive.fr/image.ashx?id=2425083&use=l&cat=p&typeid=i","cat":304238},{"id":102819,"n":"Panaché Falsbourg Grenadine <0,5% - 20x25cl","p":5.99,"u":"1,20 €/L","img":"https://fd3-photos.leclercdrive.fr/image.ashx?id=2637964&use=l&cat=p&typeid=i","cat":334877},{"id":102824,"n":"Filet Copains Copines Pièces d'Or Chocolat - 100g","p":1.59,"u":"15,90 €/KG","img":"https://fd3-photos.leclercdrive.fr/image.ashx?id=2814438&use=l&cat=p&typeid=i","cat":327592},{"id":102829,"n":"Bandeaux Copains Copines Colorés - 200g","p":1.13,"u":"5,65 €/KG","img":"https://fd3-photos.leclercdrive.fr/image.ashx?id=2934745&use=l&cat=p&typeid=i","cat":304250},{"id":102834,"n":"Fils Copains Copines Colorés - 200g","p":1.09,"u":"5,45 €/KG","img":"https://fd3-photos.leclercdrive.fr/image.ashx?id=2934748&use=l&cat=p&typeid=i","cat":304250},{"id":102892,"n":"Céréales Jordans Granola Amande Noisette et Graine - 400g","p":3.43,"u":"8,58 €/KG","img":"https://fd3-photos.leclercdrive.fr/image.ashx?id=2475909&use=l&cat=p&typeid=i","cat":309512},{"id":102977,"n":"Bâtonnets Chocolat au lait Chaque jour sans gluten - 125g","p":3.91,"u":"31,28 €/KG","img":"https://fd3-photos.leclercdrive.fr/image.ashx?id=2419885&use=l&cat=p&typeid=i","cat":318654},{"id":102980,"n":"Chips ondulées nature Lay's Sel - 120g","p":1.87,"u":"15,58 €/KG","img":"https://fd3-photos.leclercdrive.fr/image.ashx?id=2788505&use=l&cat=p&typeid=i","cat":284447},{"id":103027,"n":"AOC Bordeaux Supérieur rouge Haussmann Baron Eugène - 75cl","p":5.1,"pp":3.57,"u":"4,76 €/L","img":"https://fd3-photos.leclercdrive.fr/image.ashx?id=1663474&use=l&cat=p&typeid=i","cat":289556},{"id":103030,"n":"World Mix Haribo Boîte bonbons - 750g","p":6.33,"u":"8,44 €/KG","img":"https://fd3-photos.leclercdrive.fr/image.ashx?id=2984913&use=l&cat=p&typeid=i","cat":304250},{"id":103036,"n":"Pâte brisée Marie Pur beurre - 230g","p":1.37,"u":"5,96 €/KG","img":"https://fd3-photos.leclercdrive.fr/image.ashx?id=2318540&use=l&cat=p&typeid=i","cat":333681},{"id":103046,"n":"Céréales Trésor Kellogg's Chocolat Noisette - 750g","p":4.54,"u":"6,05 €/KG","img":"https://fd3-photos.leclercdrive.fr/image.ashx?id=2586291&use=l&cat=p&typeid=i","cat":309513},{"id":103047,"n":"Nutella Biscuit pâte à tartiner Cacao Noisettes - 304g","p":3.01,"u":"9,90 €/KG","img":"https://fd3-photos.leclercdrive.fr/image.ashx?id=2896432&use=l&cat=p&typeid=i","cat":284488},{"id":103050,"n":"Céréales Trésor de Kellogg's Chocolat au lait - 750g","p":5.14,"u":"6,85 €/KG","img":"https://fd3-photos.leclercdrive.fr/image.ashx?id=1662239&use=l&cat=p&typeid=i","cat":309513},{"id":103063,"n":"Paille Pik Haribo Sachet bonbons acidulés - 180g","p":1.67,"u":"9,28 €/KG","img":"https://fd3-photos.leclercdrive.fr/image.ashx?id=2984922&use=l&cat=p&typeid=i","cat":304250},{"id":103074,"n":"Tajine de Légumes Grillés Cassegrain à la Coriandre 375g","p":3.85,"u":"10,27 €/KG","img":"https://fd3-photos.leclercdrive.fr/image.ashx?id=2636955&use=l&cat=p&typeid=i","cat":312612},{"id":103078,"n":"Cocobat Haribo Sachet bonbons réglisse - 300g","p":1.77,"u":"5,90 €/KG","img":"https://fd3-photos.leclercdrive.fr/image.ashx?id=2805231&use=l&cat=p&typeid=i","cat":304250},{"id":103093,"n":"Beurre gastronomique Président Doux - 82% MG - 225g","p":2.97,"u":"13,20 €/KG","img":"https://fd3-photos.leclercdrive.fr/image.ashx?id=2653417&use=l&cat=p&typeid=i","cat":284379},{"id":103094,"n":"Crème légère semi épaisse  Bridélice 18%mg - 2x25cl","p":2.76,"u":"5,52 €/L","img":"https://fd3-photos.leclercdrive.fr/image.ashx?id=2806156&use=l&cat=p&typeid=i","cat":284381},{"id":103101,"n":"Crevettes d'équateur cuitEscal Cuites - ASC - 300g","p":9.97,"u":"33,23 €/KG","img":"https://fd3-photos.leclercdrive.fr/image.ashx?id=2411752&use=l&cat=p&typeid=i","cat":319787},{"id":103104,"n":"Crème entière 30% Président 2x25cl","p":4.17,"u":"8,34 €/L","img":"https://fd3-photos.leclercdrive.fr/image.ashx?id=2973577&use=l&cat=p&typeid=i","cat":284381},{"id":103131,"n":"Boisson lactée Danao Pêche Abricot - 1.35L","p":3.83,"u":"2,84 €/L","img":"https://fd3-photos.leclercdrive.fr/image.ashx?id=2638319&use=l&cat=p&typeid=i","cat":285435},{"id":103133,"n":"Boisson lactée Danao Orange Mangue - 900ml","p":2.81,"u":"3,12 €/L","img":"https://fd3-photos.leclercdrive.fr/image.ashx?id=2637219&use=l&cat=p&typeid=i","cat":285435},{"id":103134,"n":"Boisson lactée Danao Fraise - 900ml","p":2.86,"u":"3,18 €/L","img":"https://fd3-photos.leclercdrive.fr/image.ashx?id=2108483&use=l&cat=p&typeid=i","cat":285435},{"id":103149,"n":"Bananes françaises 5 fruits","p":2.45,"img":"https://fd3-photos.leclercdrive.fr/image.ashx?id=1746143&use=l&cat=p&typeid=i","cat":284356},{"id":103157,"n":"Rissolées Pom Bistro à la Graisse de Canard - 500g","p":3.59,"u":"7,18 €/KG","img":"https://fd3-photos.leclercdrive.fr/image.ashx?id=2866430&use=l&cat=p&typeid=i","cat":319792},{"id":103158,"n":"Tartine Grilletine de Pasquier Sans sucre ajouté - x18 - 255g","p":2.3,"u":"9,02 €/KG","img":"https://fd3-photos.leclercdrive.fr/image.ashx?id=2333057&use=l&cat=p&typeid=i","cat":284479},{"id":103184,"n":"IGP Cidre doux Val de Rance De Dégustation Bretagne - 75cl","p":3.33,"u":"4,44 €/L","img":"https://fd3-photos.leclercdrive.fr/image.ashx?id=2020722&use=l&cat=p&typeid=i","cat":334880},{"id":103185,"n":"Eau minérale naturelle Volvic fontaine - 8L","p":2.79,"u":"0,35 €/L","img":"https://fd3-photos.leclercdrive.fr/image.ashx?id=2771675&use=l&cat=p&typeid=i","cat":284535},{"id":103189,"n":"IGP Cidre Brut Val de Rance De dégustation Bretagne 75cl","p":3.43,"u":"4,57 €/L","img":"https://fd3-photos.leclercdrive.fr/image.ashx?id=2020719&use=l&cat=p&typeid=i","cat":334880},{"id":103191,"n":"Bière sans alcool Tourtel Twist Pêche 0,0° - 6x27,5cl","p":4.02,"u":"2,44 €/L","img":"https://fd3-photos.leclercdrive.fr/image.ashx?id=2896564&use=l&cat=p&typeid=i","cat":334877},{"id":103197,"n":"Boisson thé infusé Fresh Tea Passion - 1L","p":0.99,"u":"0,99 €/L","img":"https://fd3-photos.leclercdrive.fr/image.ashx?id=3003064&use=l&cat=p&typeid=i","cat":295019},{"id":103207,"n":"Noix de Cajou grillées Non salées - 175g","p":4.23,"u":"24,17 €/KG","img":"https://fd3-photos.leclercdrive.fr/image.ashx?id=2298541&use=l&cat=p&typeid=i","cat":316002},{"id":103269,"n":"Gaufres fourrées Lotus Coeur fondant vanille - 310g","p":2.96,"u":"9,55 €/KG","img":"https://fd3-photos.leclercdrive.fr/image.ashx?id=2695890&use=l&cat=p&typeid=i","cat":294777},{"id":103278,"n":"Sardine MSC Connetable Huile d'olive - 135g","p":2.91,"u":"21,56 €/KG","img":"https://fd3-photos.leclercdrive.fr/image.ashx?id=2674125&use=l&cat=p&typeid=i","cat":305146},{"id":103280,"n":"Sel marin Herbamare Bio - 275g","p":3.87,"u":"14,07 €/KG","img":"https://fd3-photos.leclercdrive.fr/image.ashx?id=2099744&use=l&cat=p&typeid=i","cat":284457},{"id":103281,"n":"Bière Blonde Jade sans alcool Bio - 6x25cl","p":6.13,"u":"4,09 €/L","img":"https://fd3-photos.leclercdrive.fr/image.ashx?id=2970978&use=l&cat=p&typeid=i","cat":334877},{"id":103283,"n":"IGP Cidre Bio Val de Rance Brut - 75cl","p":2.59,"u":"3,45 €/L","img":"https://fd3-photos.leclercdrive.fr/image.ashx?id=2277143&use=l&cat=p&typeid=i","cat":334880},{"id":103285,"n":"Poisson pané Findus Colin  Alaska Fish and Chips x4 - 400g","p":2.85,"u":"7,13 €/KG","img":"https://fd3-photos.leclercdrive.fr/image.ashx?id=2985348&use=l&cat=p&typeid=i","cat":319788},{"id":103300,"n":"Infusion Jardin Bio Digestion bio - 20 sachet - 28g","p":2.62,"u":"93,57 €/KG","img":"https://fd3-photos.leclercdrive.fr/image.ashx?id=2990685&use=l&cat=p&typeid=i","cat":293234},{"id":103304,"n":"Litière chats Tranquille L'hygiène - 2.7kg","p":5.3,"u":"1,96 €/KG","img":"https://fd3-photos.leclercdrive.fr/image.ashx?id=1849639&use=l&cat=p&typeid=i","cat":284683},{"id":103308,"n":"Bière Desperados Red Fut - 5L","p":21.24,"u":"4,25 €/L","img":"https://fd3-photos.leclercdrive.fr/image.ashx?id=2770404&use=l&cat=p&typeid=i","cat":334879},{"id":103315,"n":"AOP Côtes de Provence rosé Château Reillanne - 75cl","p":7.87,"u":"10,49 €/L","img":"https://fd3-photos.leclercdrive.fr/image.ashx?id=2669487&use=l&cat=p&typeid=i","cat":289558},{"id":103381,"n":"Whisky Grant's  Triple wood 40%vol - 70cl","p":12.34,"u":"17,63 €/L","img":"https://fd3-photos.leclercdrive.fr/image.ashx?id=2866022&use=l&cat=p&typeid=i","cat":284547},{"id":103384,"n":"IGP Whisky Grant's  Triple wood - 40%vol - 1L","p":17.15,"u":"17,15 €/L","img":"https://fd3-photos.leclercdrive.fr/image.ashx?id=2917531&use=l&cat=p&typeid=i","cat":284547},{"id":103436,"n":"Wrap au blé nature Mission 370g","p":2.95,"u":"7,97 €/KG","img":"https://fd3-photos.leclercdrive.fr/image.ashx?id=2890499&use=l&cat=p&typeid=i","cat":288993},{"id":103437,"n":"Wrap multigrains Mission 370g","p":2.95,"u":"7,97 €/KG","img":"https://fd3-photos.leclercdrive.fr/image.ashx?id=2890505&use=l&cat=p&typeid=i","cat":288993},{"id":103438,"n":"Wrap epeautre/avoine Mission 370g","p":2.95,"u":"7,97 €/KG","img":"https://fd3-photos.leclercdrive.fr/image.ashx?id=2890502&use=l&cat=p&typeid=i","cat":288993},{"id":103439,"n":"Wrap au blé complet 370g","p":2.94,"u":"7,95 €/KG","img":"https://fd3-photos.leclercdrive.fr/image.ashx?id=2890508&use=l&cat=p&typeid=i","cat":288993},{"id":103451,"n":"Lingettes sensitive Pampers 4x52","p":4.64,"u":"0,02 €/P","img":"https://fd3-photos.leclercdrive.fr/image.ashx?id=2849280&use=l&cat=p&typeid=i","cat":284738},{"id":103452,"n":"Lingettes freshclean Pampers 4x52","p":5.57,"u":"0,03 €/P","img":"https://fd3-photos.leclercdrive.fr/image.ashx?id=2956667&use=l&cat=p&typeid=i","cat":284738},{"id":103453,"n":"Panaché Falsbourg Grenadine - <0,5% vol. - 6x25cl","p":2.71,"u":"1,81 €/L","img":"https://fd3-photos.leclercdrive.fr/image.ashx?id=2637961&use=l&cat=p&typeid=i","cat":334877},{"id":103458,"n":"Vinaigre balsamique Maille Offre saisonnière - 75cl","p":4.17,"u":"5,56 €/L","img":"https://fd3-photos.leclercdrive.fr/image.ashx?id=2805678&use=l&cat=p&typeid=i","cat":298543},{"id":103470,"n":"Croquettes chat Purina One Poulet chat adulte - 450g","p":2.67,"u":"5,93 €/KG","img":"https://fd3-photos.leclercdrive.fr/image.ashx?id=2902265&use=l&cat=p&typeid=i","cat":284680},{"id":103500,"n":"Panaché Falsbourg <0.5% vol. - 20x25cl","p":5.95,"u":"1,19 €/L","img":"https://fd3-photos.leclercdrive.fr/image.ashx?id=2637970&use=l&cat=p&typeid=i","cat":334877},{"id":103503,"n":"Capsules Nescafé Dolce Gusto  Espresso Intenso - x16","p":5.35,"u":"47,77 €/KG","img":"https://fd3-photos.leclercdrive.fr/image.ashx?id=3009110&use=l&cat=p&typeid=i","cat":293239},{"id":103505,"n":"Barre de céréales Nature Valley Protéine chocolat x4-160g","p":2.62,"u":"16,38 €/KG","img":"https://fd3-photos.leclercdrive.fr/image.ashx?id=2657000&use=l&cat=p&typeid=i","cat":285869},{"id":103509,"n":"Yaourt à boire Yop Aromatisé Fraise - 825g","p":1.7,"u":"2,06 €/KG","img":"https://fd3-photos.leclercdrive.fr/image.ashx?id=2855564&use=l&cat=p&typeid=i","cat":284415},{"id":103561,"n":"Barre de céréales Nature Valley  Protéine caramel salé x4 - 160","p":3.39,"u":"21,19 €/KG","img":"https://fd3-photos.leclercdrive.fr/image.ashx?id=2657003&use=l&cat=p&typeid=i","cat":285869},{"id":103563,"n":"Batonnets de glace Nuii Salted Caramel macadamia - 272g","p":4.37,"u":"16,07 €/KG","img":"https://fd3-photos.leclercdrive.fr/image.ashx?id=2506798&use=l&cat=p&typeid=i","cat":284265},{"id":103566,"n":"Batonnets de glaces Nuii Almond & java vanilla - x4","p":4.47,"u":"16,68 €/KG","img":"https://fd3-photos.leclercdrive.fr/image.ashx?id=2506801&use=l&cat=p&typeid=i","cat":284265},{"id":103619,"n":"Crème glacée Häagen-Dazs  Vanille - 400g","p":4.58,"u":"11,45 €/KG","img":"https://fd3-photos.leclercdrive.fr/image.ashx?id=2893429&use=l&cat=p&typeid=i","cat":284725},{"id":103621,"n":"Crème glacée Häagen-Dazs  Vanille pécan - 400g","p":4.58,"u":"11,45 €/KG","img":"https://fd3-photos.leclercdrive.fr/image.ashx?id=2893438&use=l&cat=p&typeid=i","cat":284725},{"id":103622,"n":"Crème glacée Häagen-Dazs Caramel speculoos Lotus - 400g","p":4.54,"u":"11,35 €/KG","img":"https://fd3-photos.leclercdrive.fr/image.ashx?id=2893441&use=l&cat=p&typeid=i","cat":284725},{"id":103657,"n":"Crème glacée Häagen-Dazs  Vanille noix macadamia - 400g","p":4.63,"u":"11,58 €/KG","img":"https://fd3-photos.leclercdrive.fr/image.ashx?id=2893444&use=l&cat=p&typeid=i","cat":284725},{"id":103661,"n":"Crème glacée Häagen-Dazs  Vanille caramel brownie - 386g","p":4.07,"u":"10,54 €/KG","img":"https://fd3-photos.leclercdrive.fr/image.ashx?id=2893468&use=l&cat=p&typeid=i","cat":284725},{"id":103665,"n":"Mini pots Häagen-Dazs  Caramel attraction x4 - 318g","p":4.97,"u":"15,48 €/KG","img":"https://fd3-photos.leclercdrive.fr/image.ashx?id=2992852&use=l&cat=p&typeid=i","cat":284725},{"id":103680,"n":"Mini pots Häagen-Dazs Vanille  noix de macadamia x4 - 324g","p":4.97,"u":"15,34 €/KG","img":"https://fd3-photos.leclercdrive.fr/image.ashx?id=3000162&use=l&cat=p&typeid=i","cat":284725},{"id":103684,"n":"Mini pots Häagen-Dazs  Favorite selection x4 - 318g","p":4.97,"u":"15,63 €/KG","img":"https://fd3-photos.leclercdrive.fr/image.ashx?id=3000165&use=l&cat=p&typeid=i","cat":284725},{"id":103692,"n":"Crème glacée Häagen-Dazs  Beurre de cacahuètes - 400g","p":5.17,"u":"12,93 €/KG","img":"https://fd3-photos.leclercdrive.fr/image.ashx?id=2893507&use=l&cat=p&typeid=i","cat":284725},{"id":103726,"n":"Masque Violet Démêlant Elsève Color-Vive - 150ml","p":5.43,"u":"36,20 €/L","img":"https://fd3-photos.leclercdrive.fr/image.ashx?id=2439281&use=l&cat=p&typeid=i","cat":284608},{"id":103728,"n":"Shampoing Violet Elsève Color-Vive Déjaunisseur - 200ml","p":2.98,"u":"14,90 €/L","img":"https://fd3-photos.leclercdrive.fr/image.ashx?id=2278121&use=l&cat=p&typeid=i","cat":284606},{"id":103780,"n":"Pâte feuilletée Marie Pur beurre - 230g","p":1.35,"u":"5,87 €/KG","img":"https://fd3-photos.leclercdrive.fr/image.ashx?id=2318543&use=l&cat=p&typeid=i","cat":333681},{"id":103800,"n":"Bière blonde Leffe  6,6% - 12x25cl","p":9.25,"u":"3,08 €/L","img":"https://fd3-photos.leclercdrive.fr/image.ashx?id=2995424&use=l&cat=p&typeid=i","cat":334852},{"id":103806,"n":"Sac poubelle 30L Alfapac Ultra résistant Poignées - x15","p":2.8,"u":"0,19 €/P","img":"https://fd3-photos.leclercdrive.fr/image.ashx?id=2526887&use=l&cat=p&typeid=i","cat":285168},{"id":103813,"n":"Yaourt à boire Yop Aromatisé Vanille - 825g","p":1.88,"u":"2,28 €/KG","img":"https://fd3-photos.leclercdrive.fr/image.ashx?id=2855570&use=l&cat=p&typeid=i","cat":284415},{"id":103816,"n":"Bâtonnets Trium   Poire chocolat - x4 - 302g","p":3.19,"u":"10,56 €/KG","img":"https://fd3-photos.leclercdrive.fr/image.ashx?id=2920779&use=l&cat=p&typeid=i","cat":284265},{"id":103818,"n":"Mangue Douceur du Verger Morceaux - 650g","p":5.71,"u":"8,78 €/KG","img":"https://fd3-photos.leclercdrive.fr/image.ashx?id=2898257&use=l&cat=p&typeid=i","cat":284268},{"id":103822,"n":"Pizza Crousti Moelleuse Extrême Marie Tartiflette - 550g","p":4.17,"u":"7,58 €/KG","img":"https://fd3-photos.leclercdrive.fr/image.ashx?id=2996764&use=l&cat=p&typeid=i","cat":284256},{"id":103826,"n":"Cône Extrême Vanille praline - x6 -426g","p":3.72,"u":"8,73 €/KG","img":"https://fd3-photos.leclercdrive.fr/image.ashx?id=2838422&use=l&cat=p&typeid=i","cat":284264},{"id":103885,"n":"Fromage Cœur de Lion  Pointe de Brie - 200g","p":1.97,"u":"9,85 €/KG","img":"https://fd3-photos.leclercdrive.fr/image.ashx?id=2770416&use=l&cat=p&typeid=i","cat":314033},{"id":103890,"n":"Lasagnes au saumon Côté Table ASC - 300g","p":2.79,"u":"9,30 €/KG","img":"https://fd3-photos.leclercdrive.fr/image.ashx?id=2809879&use=l&cat=p&typeid=i","cat":284254},{"id":103891,"n":"Crème glacée Häagen-Dazs  Caramel au beurre salé - 400g","p":4.67,"u":"11,68 €/KG","img":"https://fd3-photos.leclercdrive.fr/image.ashx?id=2893435&use=l&cat=p&typeid=i","cat":284725},{"id":103914,"n":"Whisky Bushmill's Classic 40%vol - 70cl","p":17.8,"pp":14.24,"u":"20,34 €/L","img":"https://fd3-photos.leclercdrive.fr/image.ashx?id=2484449&use=l&cat=p&typeid=i","cat":284547},{"id":103915,"n":"Mimolette jeune Les Croisés 350g","p":3.23,"u":"9,23 €/KG","img":"https://fd3-photos.leclercdrive.fr/image.ashx?id=2046499&use=l&cat=p&typeid=i","cat":314028},{"id":103918,"n":"Bâtonnets  Maple  Peanut Butter et candian - x4","p":4.47,"u":"1,12 €/P","img":"https://fd3-photos.leclercdrive.fr/image.ashx?id=2506810&use=l&cat=p&typeid=i","cat":284265},{"id":103919,"n":"Bâtonnets  Nuii Idaho Valley  Cookies mint x4 - 244g","p":4.27,"u":"17,50 €/KG","img":"https://fd3-photos.leclercdrive.fr/image.ashx?id=2506807&use=l&cat=p&typeid=i","cat":284265},{"id":103922,"n":"Batonnets Nuii White chocolate&scandinavia x4","p":4.33,"u":"1,08 €/P","img":"https://fd3-photos.leclercdrive.fr/image.ashx?id=2922149&use=l&cat=p&typeid=i","cat":284265},{"id":103945,"n":"Escalope de dinde Le Gaulois Oui C'est Bon x2 - 240g","p":2.82,"u":"11,75 €/KG","img":"https://fd3-photos.leclercdrive.fr/image.ashx?id=2605580&use=l&cat=p&typeid=i","cat":284337},{"id":103949,"n":"Nettoyant universel anti-traces 750ml","p":2.95,"u":"3,93 €/L","img":"https://fd3-photos.leclercdrive.fr/image.ashx?id=3000731&use=l&cat=p&typeid=i","cat":325357},{"id":103957,"n":"Pierre du droguiste Briochin Ecocert - 300g","p":7.11,"u":"23,70 €/KG","img":"https://fd3-photos.leclercdrive.fr/image.ashx?id=3011395&use=l&cat=p&typeid=i","cat":325365},{"id":103969,"n":"Escalope de dinde Le Gaulois Fine - Oui C'est Bon x2 - 240g","p":3.52,"u":"14,67 €/KG","img":"https://fd3-photos.leclercdrive.fr/image.ashx?id=2605574&use=l&cat=p&typeid=i","cat":284337},{"id":104008,"n":"Jus innocent tutti frutti 900ml","p":2.83,"u":"3,14 €/L","img":"https://fd3-photos.leclercdrive.fr/image.ashx?id=2861737&use=l&cat=p&typeid=i","cat":285435},{"id":104019,"n":"Rhum paille St James 40%vol - 70cl","p":12.89,"u":"18,41 €/L","img":"https://fd3-photos.leclercdrive.fr/image.ashx?id=2970867&use=l&cat=p&typeid=i","cat":284550},{"id":104034,"n":"Jus innocent plus  zest défense 750ml","p":2.96,"u":"3,95 €/L","img":"https://fd3-photos.leclercdrive.fr/image.ashx?id=2736574&use=l&cat=p&typeid=i","cat":285435},{"id":104036,"n":"Jus innocent plus  énergie chérie 750ml","p":3.27,"u":"4,36 €/L","img":"https://fd3-photos.leclercdrive.fr/image.ashx?id=2901082&use=l&cat=p&typeid=i","cat":284354},{"id":104062,"n":"Brioches Doowap Harrys X8 -320g Pépites choco sans additif","p":2.38,"u":"7,44 €/KG","img":"https://fd3-photos.leclercdrive.fr/image.ashx?id=2502998&use=l&cat=p&typeid=i","cat":293505},{"id":104069,"n":"Fruits au sirop St Mamet Ananas Mandarine - 4x80g","p":4.29,"u":"13,41 €/KG","img":"https://fd3-photos.leclercdrive.fr/image.ashx?id=2429227&use=l&cat=p&typeid=i","cat":284507},{"id":104073,"n":"100% Pur Jus Jafaden Pamplemousse- 1L","p":1.99,"u":"1,99 €/L","img":"https://fd3-photos.leclercdrive.fr/image.ashx?id=2956771&use=l&cat=p&typeid=i","cat":284914},{"id":104087,"n":"IGP Méditerranée vin rosé Terres Ocrées - 75cl","p":2.75,"u":"3,67 €/L","img":"https://fd3-photos.leclercdrive.fr/image.ashx?id=2894743&use=l&cat=p&typeid=i","cat":289558},{"id":104090,"n":"Bouillon Cube Bio Maggi Volaille - 80g","p":1.81,"u":"22,63 €/KG","img":"https://fd3-photos.leclercdrive.fr/image.ashx?id=2882923&use=l&cat=p&typeid=i","cat":288379},{"id":104092,"n":"Tagada Zip Fraîcheur Haribo Sachet bonbons - 220g","p":1.5,"u":"6,82 €/KG","img":"https://fd3-photos.leclercdrive.fr/image.ashx?id=2802359&use=l&cat=p&typeid=i","cat":304250},{"id":104097,"n":"Fruits au sirop St Mamet Pêche douceur - 4x65g","p":3.41,"u":"13,12 €/KG","img":"https://fd3-photos.leclercdrive.fr/image.ashx?id=2429224&use=l&cat=p&typeid=i","cat":284507},{"id":104105,"n":"Cerneaux de noix pécan Vahiné 50g","p":1.91,"u":"38,20 €/KG","img":"https://fd3-photos.leclercdrive.fr/image.ashx?id=2474314&use=l&cat=p&typeid=i","cat":284504},{"id":104109,"n":"Les Timbales Gourmet Gold Boeuf plet saumon - 12x85g","p":7.44,"u":"7,29 €/KG","img":"https://fd3-photos.leclercdrive.fr/image.ashx?id=2861764&use=l&cat=p&typeid=i","cat":285286},{"id":104110,"n":"Fruits au sirop St Mamet Cocktail de fruits - 4x65g","p":3.17,"u":"12,19 €/KG","img":"https://fd3-photos.leclercdrive.fr/image.ashx?id=2429230&use=l&cat=p&typeid=i","cat":284507},{"id":104113,"n":"Brioches Doowap Harrys X12-480g Pépites choco sans additif","p":3.67,"u":"7,65 €/KG","img":"https://fd3-photos.leclercdrive.fr/image.ashx?id=2503001&use=l&cat=p&typeid=i","cat":293505},{"id":104114,"n":"Brioches Doowap Harrys X8 -320g Pépites choco lait sans additif","p":2.35,"u":"7,34 €/KG","img":"https://fd3-photos.leclercdrive.fr/image.ashx?id=2503004&use=l&cat=p&typeid=i","cat":293505},{"id":104115,"n":"Brioches Doowap Harrys X12-480g Pépites choco lait sans additif","p":3.92,"u":"8,17 €/KG","img":"https://fd3-photos.leclercdrive.fr/image.ashx?id=2503007&use=l&cat=p&typeid=i","cat":293505},{"id":104117,"n":"Palets pur beurre Mère Poulard 125g","p":1.25,"u":"10,00 €/KG","img":"https://fd3-photos.leclercdrive.fr/image.ashx?id=2907018&use=l&cat=p&typeid=i","cat":284487},{"id":104121,"n":"Noix de cajou Benenuts Grillées à sec -165g","p":4.73,"u":"28,67 €/KG","img":"https://fd3-photos.leclercdrive.fr/image.ashx?id=2391786&use=l&cat=p&typeid=i","cat":284448},{"id":104133,"n":"Pépites chocolat au lait Vahiné 200g","p":3.91,"u":"19,55 €/KG","img":"https://fd3-photos.leclercdrive.fr/image.ashx?id=2559784&use=l&cat=p&typeid=i","cat":284504},{"id":104188,"n":"Chips Tyrrell's Légèrement salées - 150g","p":2.19,"u":"14,60 €/KG","img":"https://fd3-photos.leclercdrive.fr/image.ashx?id=2924731&use=l&cat=p&typeid=i","cat":284447},{"id":104193,"n":"Coton-tiges Inell Recharge Tiges papier - x160","p":0.4,"img":"https://fd3-photos.leclercdrive.fr/image.ashx?id=2440775&use=l&cat=p&typeid=i","cat":284636},{"id":104194,"n":"Coton-tige Lotus Bio - x160 bâtonnets","p":0.78,"img":"https://fd3-photos.leclercdrive.fr/image.ashx?id=2506840&use=l&cat=p&typeid=i","cat":284636},{"id":104284,"n":"Bicarbonate La Baleine 250g","p":1.49,"u":"5,96 €/KG","img":"https://fd3-photos.leclercdrive.fr/image.ashx?id=1676321&use=l&cat=p&typeid=i","cat":284457},{"id":104291,"n":"Pignons de pins Sainte-Lucie Parasol - Sachet 50g","p":3.81,"u":"76,20 €/KG","img":"https://fd3-photos.leclercdrive.fr/image.ashx?id=2774334&use=l&cat=p&typeid=i","cat":284504},{"id":104296,"n":"Mon 1er biscuit bio Hipp Bio Dès 6 mois - 180g","p":2.17,"u":"12,06 €/KG","img":"https://fd3-photos.leclercdrive.fr/image.ashx?id=2788823&use=l&cat=p&typeid=i","cat":312227},{"id":104306,"n":"Fromage Bleu de brebis Société  110g","p":2.28,"u":"20,73 €/KG","img":"https://fd3-photos.leclercdrive.fr/image.ashx?id=2729725&use=l&cat=p&typeid=i","cat":314032},{"id":104324,"n":"Pâtes de Fruits GERBLE   -  6 sachets 162g","p":2.47,"u":"15,25 €/KG","img":"https://fd3-photos.leclercdrive.fr/image.ashx?id=2664082&use=l&cat=p&typeid=i","cat":318652},{"id":104325,"n":"Barres Figue GERBLE   - 150g","p":2.74,"u":"18,27 €/KG","img":"https://fd3-photos.leclercdrive.fr/image.ashx?id=2664085&use=l&cat=p&typeid=i","cat":318652},{"id":104349,"n":"AOP Cabernet d'Anjou rosé Plessis-Duval - 3L","p":15.99,"u":"5,33 €/L","img":"https://fd3-photos.leclercdrive.fr/image.ashx?id=2941038&use=l&cat=p&typeid=i","cat":289558},{"id":104362,"n":"Sauce Soja sucrée Tanoshi 200ml","p":2.99,"u":"14,95 €/L","img":"https://fd3-photos.leclercdrive.fr/image.ashx?id=2939439&use=l&cat=p&typeid=i","cat":288992},{"id":104365,"n":"Nouilles Ramen Tanoshi Poulet Teriyaki - 360g","p":2.47,"u":"6,86 €/KG","img":"https://fd3-photos.leclercdrive.fr/image.ashx?id=2912062&use=l&cat=p&typeid=i","cat":288992},{"id":104417,"n":"Wraps quinoa et chia Mission 370g","p":2.7,"u":"7,30 €/KG","img":"https://fd3-photos.leclercdrive.fr/image.ashx?id=2890514&use=l&cat=p&typeid=i","cat":288993},{"id":104468,"n":"Fromage apéritif Apéricube Long drink 48 cubes","p":4.17,"u":"16,68 €/KG","img":"https://fd3-photos.leclercdrive.fr/image.ashx?id=2882674&use=l&cat=p&typeid=i","cat":314027},{"id":104470,"n":"Fromage apéritif Apéricube Tonic 48 cubes","p":4.17,"u":"16,68 €/KG","img":"https://fd3-photos.leclercdrive.fr/image.ashx?id=2882677&use=l&cat=p&typeid=i","cat":314027},{"id":104471,"n":"Fromage apéritif Apericube  Cocktail 48 cubes","p":4.17,"u":"16,68 €/KG","img":"https://fd3-photos.leclercdrive.fr/image.ashx?id=2882680&use=l&cat=p&typeid=i","cat":314027},{"id":104487,"n":"Tropicana Jus de pomme 90cl","p":2.76,"u":"3,07 €/L","img":"https://fd3-photos.leclercdrive.fr/image.ashx?id=2533526&use=l&cat=p&typeid=i","cat":285435},{"id":104603,"n":"Lamelles kebab Maître Coq 1kg","p":10.13,"u":"10,13 €/KG","img":"https://fd3-photos.leclercdrive.fr/image.ashx?id=2101441&use=l&cat=p&typeid=i","cat":319780},{"id":104669,"n":"Bière blonde Bud 5% - 20x25cl","p":13.82,"u":"2,76 €/L","img":"https://fd3-photos.leclercdrive.fr/image.ashx?id=3009047&use=l&cat=p&typeid=i","cat":334873},{"id":104674,"n":"Eau gazeuse aromatisée Badoit Citron fraise - 1L","p":1.27,"u":"1,27 €/L","img":"https://fd3-photos.leclercdrive.fr/image.ashx?id=2730664&use=l&cat=p&typeid=i","cat":284536},{"id":104720,"n":"Papier toilette humide Fess'net Peaux normales Vert Ylang - x50","p":2.01,"u":"0,04 €/P","img":"https://fd3-photos.leclercdrive.fr/image.ashx?id=2990934&use=l&cat=p&typeid=i","cat":284634},{"id":104722,"n":"Papier toilette humide Fess'net Peaux fragiles Sensitive - x50","p":1.69,"u":"0,03 €/P","img":"https://fd3-photos.leclercdrive.fr/image.ashx?id=2990931&use=l&cat=p&typeid=i","cat":284634},{"id":104726,"n":"Pomme de terre entières sans peau - 370g","p":1.77,"u":"4,78 €/KG","img":"https://fd3-photos.leclercdrive.fr/image.ashx?id=2295370&use=l&cat=p&typeid=i","cat":284352},{"id":104731,"n":"Cuisse de dinde Le Gaulois Oui c'est bon - x1 - 650g","p":2.98,"u":"4,58 €/KG","img":"https://fd3-photos.leclercdrive.fr/image.ashx?id=2605583&use=l&cat=p&typeid=i","cat":284337},{"id":104863,"n":"Céréales Bio Lion de Nestlé Caramel / Chocolat - 400g","p":3.43,"u":"8,58 €/KG","img":"https://fd3-photos.leclercdrive.fr/image.ashx?id=2792939&use=l&cat=p&typeid=i","cat":309513},{"id":104880,"n":"Barres Céréales Extra Kellogg's Chocolat au lait - 4x32g","p":2.77,"u":"21,64 €/KG","img":"https://fd3-photos.leclercdrive.fr/image.ashx?id=2736610&use=l&cat=p&typeid=i","cat":285869},{"id":104888,"n":"Miettes de Thon Eco + Huile - 104g","p":0.82,"u":"7,88 €/KG","img":"https://fd3-photos.leclercdrive.fr/image.ashx?id=2967534&use=l&cat=p&typeid=i","cat":303867},{"id":104987,"n":"Déodorant Nivea Fresh natural Atomiseur - 2x150ml","p":4.56,"u":"15,20 €/L","img":"https://fd3-photos.leclercdrive.fr/image.ashx?id=2384448&use=l&cat=p&typeid=i","cat":284595},{"id":105016,"n":"Serviette hygiénique Always Platinum normal x24","p":4.09,"img":"https://fd3-photos.leclercdrive.fr/image.ashx?id=2884102&use=l&cat=p&typeid=i","cat":284624},{"id":105039,"n":"Mortadelle de dinde aux olives 8 tranches Halal - 120g","p":1.31,"u":"10,92 €/KG","img":"https://fd3-photos.leclercdrive.fr/image.ashx?id=3004885&use=l&cat=p&typeid=i","cat":316013},{"id":105040,"n":"Chorizo volaille Halal 170g","p":3.48,"u":"20,47 €/KG","img":"https://fd3-photos.leclercdrive.fr/image.ashx?id=2476539&use=l&cat=p&typeid=i","cat":316013},{"id":105072,"n":"Bonbon Dracula Trolli Le sachet de 200g","p":1.58,"u":"7,90 €/KG","img":"https://fd3-photos.leclercdrive.fr/image.ashx?id=2684719&use=l&cat=p&typeid=i","cat":304250},{"id":105118,"n":"Saucisson La Fine Saint Agaune 120g","p":2.31,"u":"19,25 €/KG","img":"https://fd3-photos.leclercdrive.fr/image.ashx?id=2960936&use=l&cat=p&typeid=i","cat":316006},{"id":105119,"n":"AOP Champagne Brut Piper Heidsieck - 75cl","p":29.19,"u":"38,92 €/L","img":"https://fd3-photos.leclercdrive.fr/image.ashx?id=2431548&use=l&cat=p&typeid=i","cat":284542},{"id":105120,"n":"Saucisson Justin Bridou Mini Délice Noix jambon - 80g","p":2.67,"u":"33,38 €/KG","img":"https://fd3-photos.leclercdrive.fr/image.ashx?id=2482348&use=l&cat=p&typeid=i","cat":316006},{"id":105136,"n":"Jambon supérieur Tradilège S/nitrite Découenne - x6 - 210g","p":2.79,"u":"13,29 €/KG","img":"https://fd3-photos.leclercdrive.fr/image.ashx?id=2991524&use=l&cat=p&typeid=i","cat":316009},{"id":105137,"n":"Jambon supérieur Tradilège Sans nitrite x4 - 140g","p":1.85,"u":"13,21 €/KG","img":"https://fd3-photos.leclercdrive.fr/image.ashx?id=2994381&use=l&cat=p&typeid=i","cat":316009},{"id":105156,"n":"Café Moulu Carte Noire  Bio Arabica - 2x250g","p":11.19,"u":"22,38 €/KG","img":"https://fd3-photos.leclercdrive.fr/image.ashx?id=2859887&use=l&cat=p&typeid=i","cat":284750},{"id":105168,"n":"Captain Morgan Original Spiced Boisson à base de rhum - 1L","p":18.52,"u":"18,52 €/L","img":"https://fd3-photos.leclercdrive.fr/image.ashx?id=2586285&use=l&cat=p&typeid=i","cat":284551},{"id":105178,"n":"Tortillas chorizo  Table du Monde - 500g","p":2.89,"u":"5,78 €/KG","img":"https://fd3-photos.leclercdrive.fr/image.ashx?id=1675409&use=l&cat=p&typeid=i","cat":333673},{"id":105182,"n":"Crème desserts Délisse Saveur Praline - 4x100g","p":1.99,"u":"4,98 €/KG","img":"https://fd3-photos.leclercdrive.fr/image.ashx?id=2590925&use=l&cat=p&typeid=i","cat":285041},{"id":105185,"n":"Compote Charles & Alice Pommes Myrtilles - 4x97g","p":2.07,"u":"5,34 €/KG","img":"https://fd3-photos.leclercdrive.fr/image.ashx?id=2900899&use=l&cat=p&typeid=i","cat":284416},{"id":105186,"n":"Compote Charles & Alice Pommes Cerises - 4x97g","p":1.77,"u":"4,56 €/KG","img":"https://fd3-photos.leclercdrive.fr/image.ashx?id=2757686&use=l&cat=p&typeid=i","cat":284416},{"id":105192,"n":"Viande hachée Socopa Ultra Savoureux 5%MG - 500g","p":7.3,"u":"14,60 €/KG","img":"https://fd3-photos.leclercdrive.fr/image.ashx?id=2625151&use=l&cat=p&typeid=i","cat":284332},{"id":105196,"n":"Dessert fruitier Fraise Andros En morceaux - 4x100g","p":2.83,"u":"7,08 €/KG","img":"https://fd3-photos.leclercdrive.fr/image.ashx?id=2845467&use=l&cat=p&typeid=i","cat":284416},{"id":105200,"n":"Aiguillettes de boeuf Charal 200g","p":4.9,"u":"24,50 €/KG","img":"https://fd3-photos.leclercdrive.fr/image.ashx?id=2972448&use=l&cat=p&typeid=i","cat":284328},{"id":105202,"n":"Collant Body Touch Dim Opaque noir - Taille 2","p":8.95,"img":"https://fd3-photos.leclercdrive.fr/image.ashx?id=2560654&use=l&cat=p&typeid=i","cat":334130},{"id":105212,"n":"Collant Beauty Resist Dim Opaque noir - Taille 2","p":5.9,"img":"https://fd3-photos.leclercdrive.fr/image.ashx?id=2841006&use=l&cat=p&typeid=i","cat":334130},{"id":105213,"n":"Collant Beauty Resist Dim Opaque noir - Taille 3","p":5.9,"img":"https://fd3-photos.leclercdrive.fr/image.ashx?id=2534959&use=l&cat=p&typeid=i","cat":334130},{"id":105215,"n":"Collant Beauty Resist Dim Opaque noir - Taille 4","p":5.9,"img":"https://fd3-photos.leclercdrive.fr/image.ashx?id=2841009&use=l&cat=p&typeid=i","cat":334130},{"id":105218,"n":"Poêlée de pâtes Coté Table Poulet/Champignon - 900g","p":3.89,"u":"4,32 €/KG","img":"https://fd3-photos.leclercdrive.fr/image.ashx?id=2626979&use=l&cat=p&typeid=i","cat":284254},{"id":105220,"n":"Mini pâté croûte Le Bistronome Poulet/moutarde - 450g","p":3.99,"u":"8,87 €/KG","img":"https://fd3-photos.leclercdrive.fr/image.ashx?id=2908033&use=l&cat=p&typeid=i","cat":316003},{"id":105222,"n":"Batonnets Smicy Citron - x10","p":2.35,"u":"0,24 €/P","img":"https://fd3-photos.leclercdrive.fr/image.ashx?id=1675116&use=l&cat=p&typeid=i","cat":285250},{"id":105223,"n":"Glaces cônes Eco+ Vanille - x8 - 556g","p":1.95,"u":"3,51 €/KG","img":"https://fd3-photos.leclercdrive.fr/image.ashx?id=2742682&use=l&cat=p&typeid=i","cat":284264},{"id":105224,"n":"Gnocchi à poêler Lustucru Extra Mozzarella Tomate - 280g","p":2.69,"u":"9,61 €/KG","img":"https://fd3-photos.leclercdrive.fr/image.ashx?id=2999994&use=l&cat=p&typeid=i","cat":333682},{"id":105684,"n":"Carottes lamelles 280g","p":1.7,"u":"6,07 €/KG","img":"https://fd3-photos.leclercdrive.fr/image.ashx?id=2295376&use=l&cat=p&typeid=i","cat":290299},{"id":105689,"n":"Edamame  Lunor Fèves de soja - 210g","p":2.03,"u":"9,67 €/KG","img":"https://fd3-photos.leclercdrive.fr/image.ashx?id=2296473&use=l&cat=p&typeid=i","cat":284352},{"id":105803,"n":"AOP Vin rouge Bordeaux Château Janon - 3L","p":12.89,"u":"4,30 €/L","img":"https://fd3-photos.leclercdrive.fr/image.ashx?id=2256483&use=l&cat=p&typeid=i","cat":289560},{"id":105810,"n":"Coulis de tomate 680g","p":1.94,"u":"2,85 €/KG","img":"https://fd3-photos.leclercdrive.fr/image.ashx?id=2994539&use=l&cat=p&typeid=i","cat":289010},{"id":105847,"n":"Gâteaux  Choco Moelleux Milka  Pépites de chocolat - 140g","p":1.86,"u":"13,29 €/KG","img":"https://fd3-photos.leclercdrive.fr/image.ashx?id=2832431&use=l&cat=p&typeid=i","cat":284495},{"id":105867,"n":"AOC Bourgogne Chardonnay Blanc Bouchard Ainé & Fils - 75cl","p":5.95,"u":"7,93 €/L","img":"https://fd3-photos.leclercdrive.fr/image.ashx?id=2917825&use=l&cat=p&typeid=i","cat":289557},{"id":106006,"n":"Pur jus de pomme Jafaden 2L","p":2.29,"u":"1,15 €/L","img":"https://fd3-photos.leclercdrive.fr/image.ashx?id=2956774&use=l&cat=p&typeid=i","cat":284522},{"id":106041,"n":"Graine de Tournesol Happy Bio Bio 250g","p":3.14,"u":"12,56 €/KG","img":"https://fd3-photos.leclercdrive.fr/image.ashx?id=2970999&use=l&cat=p&typeid=i","cat":284357},{"id":106046,"n":"Graine de lin bio Happy Bio Brun - 250g","p":3.11,"u":"12,44 €/KG","img":"https://fd3-photos.leclercdrive.fr/image.ashx?id=2970996&use=l&cat=p&typeid=i","cat":284357},{"id":106146,"n":"Bière sans alcool Tourtel Twist Mangue Passion 0,0° - 6x27,5cl","p":4.68,"u":"2,84 €/L","img":"https://fd3-photos.leclercdrive.fr/image.ashx?id=2730727&use=l&cat=p&typeid=i","cat":334877},{"id":106153,"n":"Lot de 3 boxers Dim Pockets Noir coton stretch-Taille 36/38","p":12.95,"u":"4,32 €/P","img":"https://fd3-photos.leclercdrive.fr/image.ashx?id=2539683&use=l&cat=p&typeid=i","cat":291524},{"id":106157,"n":"Lot de 3 boxers Dim Pockets Noir coton stretch-Taille 40/42","p":12.95,"u":"4,32 €/P","img":"https://fd3-photos.leclercdrive.fr/image.ashx?id=2539686&use=l&cat=p&typeid=i","cat":291524},{"id":106159,"n":"Lot de 3 boxers Dim Pockets Noir coton stretch-Taille 44/46","p":12.95,"u":"4,32 €/P","img":"https://fd3-photos.leclercdrive.fr/image.ashx?id=2539689&use=l&cat=p&typeid=i","cat":291524},{"id":106161,"n":"Lot de 3 slips Dim Pockets Rose coton Stretch-Taille 36/38","p":12.95,"u":"4,32 €/P","img":"https://fd3-photos.leclercdrive.fr/image.ashx?id=2207880&use=l&cat=p&typeid=i","cat":291524},{"id":106163,"n":"Lot de 3 slips Dim Pockets Rose coton Stretch-Taille 40/42","p":12.95,"u":"4,32 €/P","img":"https://fd3-photos.leclercdrive.fr/image.ashx?id=2207883&use=l&cat=p&typeid=i","cat":291524},{"id":106166,"n":"Lot de 3 slips Dim Pockets Rose coton Stretch-Taille 44/46","p":12.95,"u":"4,32 €/P","img":"https://fd3-photos.leclercdrive.fr/image.ashx?id=2207886&use=l&cat=p&typeid=i","cat":291524},{"id":106167,"n":"Lot de 3 boxers Dim Pockets Rose coton stretch-Taille 36/38","p":12.95,"u":"4,32 €/P","img":"https://fd3-photos.leclercdrive.fr/image.ashx?id=2207889&use=l&cat=p&typeid=i","cat":291524},{"id":106168,"n":"Lot de 3 boxers Dim Pockets Rose coton stretch-Taille 40/42","p":12.95,"u":"4,32 €/P","img":"https://fd3-photos.leclercdrive.fr/image.ashx?id=2207892&use=l&cat=p&typeid=i","cat":291524},{"id":106171,"n":"Lot de 3 boxers Dim Pockets Rose coton stretch-Taille 44/46","p":12.95,"u":"4,32 €/P","img":"https://fd3-photos.leclercdrive.fr/image.ashx?id=2207895&use=l&cat=p&typeid=i","cat":291524},{"id":106172,"n":"Lot de 3 slips Dim Pockets Noeud coton Stretch-Taille36/38","p":12.95,"u":"4,32 €/P","img":"https://fd3-photos.leclercdrive.fr/image.ashx?id=3000273&use=l&cat=p&typeid=i","cat":291524},{"id":106174,"n":"Lot de 3 slips Dim Pockets Noeud coton Stretch-Taille40/42","p":12.95,"u":"4,32 €/P","img":"https://fd3-photos.leclercdrive.fr/image.ashx?id=3000276&use=l&cat=p&typeid=i","cat":291524},{"id":106177,"n":"Lot de 3 slips Dim Pockets Noeud coton Stretch-Taille44/46","p":12.95,"u":"4,32 €/P","img":"https://fd3-photos.leclercdrive.fr/image.ashx?id=3000279&use=l&cat=p&typeid=i","cat":291524},{"id":106180,"n":"Lot de 3 boxers Dim Pockets Noeud coton stretch-Taille36/38","p":12.95,"u":"4,32 €/P","img":"https://fd3-photos.leclercdrive.fr/image.ashx?id=2864651&use=l&cat=p&typeid=i","cat":291524},{"id":106183,"n":"Lot de 3 boxers Dim Pockets Noeud coton stretch-Taille40/42","p":12.95,"u":"4,32 €/P","img":"https://fd3-photos.leclercdrive.fr/image.ashx?id=2864654&use=l&cat=p&typeid=i","cat":291524},{"id":106186,"n":"Lot de 3 boxers Dim Pockets Noeud coton stretch-Taille44/46","p":12.95,"u":"4,32 €/P","img":"https://fd3-photos.leclercdrive.fr/image.ashx?id=2864657&use=l&cat=p&typeid=i","cat":291524},{"id":106265,"n":"Edulcorant Pure Via Stick x40 - 60g","p":2.9,"u":"48,33 €/KG","img":"https://fd3-photos.leclercdrive.fr/image.ashx?id=2590598&use=l&cat=p&typeid=i","cat":324846},{"id":106267,"n":"Gâteaux chocolat Pépito Chocolait'o - 180g","p":2.27,"u":"12,61 €/KG","img":"https://fd3-photos.leclercdrive.fr/image.ashx?id=2828772&use=l&cat=p&typeid=i","cat":284495},{"id":106269,"n":"Edulcorant Pure Via Boite de 65 morceaux - 130g","p":5.15,"u":"39,62 €/KG","img":"https://fd3-photos.leclercdrive.fr/image.ashx?id=2417291&use=l&cat=p&typeid=i","cat":324846},{"id":106271,"n":"Sucre Doypack Pure Via Poudre cristalisée - 250g","p":5.6,"u":"22,40 €/KG","img":"https://fd3-photos.leclercdrive.fr/image.ashx?id=2805381&use=l&cat=p&typeid=i","cat":324846},{"id":106438,"n":"Boxers coton stretch Dim Gris/rouge/noir - Taille 3 - x3","p":24.95,"u":"8,32 €/P","img":"https://fd3-photos.leclercdrive.fr/image.ashx?id=2195023&use=l&cat=p&typeid=i","cat":291524},{"id":106441,"n":"Boxers coton stretch Dim Noir/gris/blanc - Taille 3 - x3","p":24.95,"u":"8,32 €/P","img":"https://fd3-photos.leclercdrive.fr/image.ashx?id=1973066&use=l&cat=p&typeid=i","cat":291524},{"id":106443,"n":"Boxers coton stretch Dim Noir/gris/blanc - Taille 4 - x3","p":24.95,"u":"8,32 €/P","img":"https://fd3-photos.leclercdrive.fr/image.ashx?id=2185858&use=l&cat=p&typeid=i","cat":291524},{"id":106444,"n":"Boxers coton stretch Dim Noir/gris/blanc - Taille 5 - x3","p":24.95,"u":"8,32 €/P","img":"https://fd3-photos.leclercdrive.fr/image.ashx?id=2185861&use=l&cat=p&typeid=i","cat":291524},{"id":106471,"n":"Plat bébé soir Blédichef 15mois Poireau pomme de terre - 250g","p":1.86,"u":"7,44 €/KG","img":"https://fd3-photos.leclercdrive.fr/image.ashx?id=2143681&use=l&cat=p&typeid=i","cat":312239},{"id":106473,"n":"Repas bébé Blédichef 15 mois Patate légumes poulet - 250g","p":1.95,"u":"7,80 €/KG","img":"https://fd3-photos.leclercdrive.fr/image.ashx?id=2877703&use=l&cat=p&typeid=i","cat":312238},{"id":106474,"n":"Repas bébé Blédichef 15 mois Pdt champignon poulet - 250g","p":1.78,"u":"7,12 €/KG","img":"https://fd3-photos.leclercdrive.fr/image.ashx?id=2479685&use=l&cat=p&typeid=i","cat":312238},{"id":106475,"n":"Repas bébé Blédichef 15 mois Légumes cabillaud - 250g","p":1.77,"u":"7,08 €/KG","img":"https://fd3-photos.leclercdrive.fr/image.ashx?id=1681186&use=l&cat=p&typeid=i","cat":312238},{"id":106477,"n":"Repas bébé Blédichef 18 mois  Blanquette de volaille - 250g","p":1.82,"u":"7,28 €/KG","img":"https://fd3-photos.leclercdrive.fr/image.ashx?id=2558861&use=l&cat=p&typeid=i","cat":312238},{"id":106478,"n":"Repas bébé Blédichef 18 mois  Fondue de légumes lieu - 250g","p":1.83,"u":"7,32 €/KG","img":"https://fd3-photos.leclercdrive.fr/image.ashx?id=2877706&use=l&cat=p&typeid=i","cat":312238},{"id":106481,"n":"Repas bébé Blédichef 24 mois  Riz légumes poulet curry - 250g","p":1.77,"u":"7,08 €/KG","img":"https://fd3-photos.leclercdrive.fr/image.ashx?id=2951590&use=l&cat=p&typeid=i","cat":312238},{"id":106568,"n":"Tropicana Jus multifruits 90 cl","p":2.93,"u":"3,26 €/L","img":"https://fd3-photos.leclercdrive.fr/image.ashx?id=2529276&use=l&cat=p&typeid=i","cat":285435},{"id":106569,"n":"Tropicana banane mandarine 90cl","p":3.0,"u":"3,33 €/L","img":"https://fd3-photos.leclercdrive.fr/image.ashx?id=2533529&use=l&cat=p&typeid=i","cat":285435},{"id":106600,"n":"Lait Lemiel Celia Croissance - 800g","p":12.93,"u":"16,16 €/KG","img":"https://fd3-photos.leclercdrive.fr/image.ashx?id=2975269&use=l&cat=p&typeid=i","cat":290219},{"id":106614,"n":"Rosette Justin Bridou  19 Tranches - 170g","p":2.74,"u":"16,12 €/KG","img":"https://fd3-photos.leclercdrive.fr/image.ashx?id=2948932&use=l&cat=p&typeid=i","cat":316007},{"id":106627,"n":"Repas bébé Blédichef 15 mois Légumes viandes 2x230g - 2x250g","p":6.87,"u":"7,16 €/KG","img":"https://fd3-photos.leclercdrive.fr/image.ashx?id=2643752&use=l&cat=p&typeid=i","cat":312238},{"id":106639,"n":"Culotte écologiq Mots d'Enfants T5 : 12/18kg - x20","p":8.7,"u":"0,44 €/P","img":"https://fd3-photos.leclercdrive.fr/image.ashx?id=2907243&use=l&cat=p&typeid=i","cat":290633},{"id":106640,"n":"Bac gourmand Eskiss Citron meringue - 500g","p":3.66,"u":"7,32 €/KG","img":"https://fd3-photos.leclercdrive.fr/image.ashx?id=2982646&use=l&cat=p&typeid=i","cat":284263},{"id":106641,"n":"Culotte écologiq Mots d'Enfants T6 : +16kg - x18","p":7.9,"u":"0,44 €/P","img":"https://fd3-photos.leclercdrive.fr/image.ashx?id=2430710&use=l&cat=p&typeid=i","cat":290633},{"id":106661,"n":"Shampooing Aussie Repair Miracle - 300ml","p":5.28,"u":"17,60 €/L","img":"https://fd3-photos.leclercdrive.fr/image.ashx?id=1969440&use=l&cat=p&typeid=i","cat":284606},{"id":106690,"n":"Gel douche Bionaïa Abricot bio - 250ml","p":1.43,"u":"5,72 €/L","img":"https://fd3-photos.leclercdrive.fr/image.ashx?id=2512478&use=l&cat=p&typeid=i","cat":284594},{"id":106704,"n":"Gant vert ultra douceur Mapa Latex naturel doublé coton T. M","p":5.83,"img":"https://fd3-photos.leclercdrive.fr/image.ashx?id=2810855&use=l&cat=p&typeid=i","cat":284668},{"id":106725,"n":"Gants Confort Pro Mapa Latex naturel Taille L - x100","p":14.47,"u":"0,14 €/P","img":"https://fd3-photos.leclercdrive.fr/image.ashx?id=2732446&use=l&cat=p&typeid=i","cat":284668},{"id":106732,"n":"Sirop La Maison Guiot Citron jaune de Sicile - 70cl","p":3.17,"u":"4,53 €/L","img":"https://fd3-photos.leclercdrive.fr/image.ashx?id=2857138&use=l&cat=p&typeid=i","cat":295020},{"id":106743,"n":"Disques à démaquiller Bocoton Bio - x80","p":1.36,"u":"0,02 €/P","img":"https://fd3-photos.leclercdrive.fr/image.ashx?id=2480713&use=l&cat=p&typeid=i","cat":284636},{"id":106751,"n":"Après-shampooing So Bio Etic Karité Argan bio - 200ml","p":3.85,"u":"19,25 €/L","img":"https://fd3-photos.leclercdrive.fr/image.ashx?id=2787059&use=l&cat=p&typeid=i","cat":284607},{"id":106768,"n":"Shampooing bio So Bio Etic Coco & Acide Hyaluronique-250ml","p":3.37,"u":"13,48 €/L","img":"https://fd3-photos.leclercdrive.fr/image.ashx?id=2788727&use=l&cat=p&typeid=i","cat":284606},{"id":106770,"n":"Dentifrice protection Dentavie Propolis/menthe bio - 75ml","p":3.68,"u":"49,07 €/L","img":"https://fd3-photos.leclercdrive.fr/image.ashx?id=2494779&use=l&cat=p&typeid=i","cat":284612},{"id":106806,"n":"Colle Ni Clou Ni Vis Pattex Extra fort & Rapide - 380g","p":8.68,"u":"22,84 €/KG","img":"https://fd3-photos.leclercdrive.fr/image.ashx?id=2673631&use=l&cat=p&typeid=i","cat":300576},{"id":106886,"n":"Petit suisse nature Gervais 9,5% MG - 6x60g","p":1.83,"u":"5,08 €/KG","img":"https://fd3-photos.leclercdrive.fr/image.ashx?id=2230384&use=l&cat=p&typeid=i","cat":284409},{"id":106979,"n":"Crème glacée Häagen-Dazs  Vanille cookie dough - 394g","p":4.07,"u":"10,33 €/KG","img":"https://fd3-photos.leclercdrive.fr/image.ashx?id=2893459&use=l&cat=p&typeid=i","cat":284725},{"id":106985,"n":"Mini pots Häagen-Dazs  Vanille Collection x4 - 321g","p":4.46,"u":"13,89 €/KG","img":"https://fd3-photos.leclercdrive.fr/image.ashx?id=2992858&use=l&cat=p&typeid=i","cat":284725},{"id":106987,"n":"Mini pots Häagen-Dazs Caramel  Beurre salé x4 - 324g","p":4.46,"u":"13,77 €/KG","img":"https://fd3-photos.leclercdrive.fr/image.ashx?id=2992849&use=l&cat=p&typeid=i","cat":284725},{"id":107140,"n":"Sablés Michel et Augustin Beaufort poivre blanc - 100g","p":2.43,"u":"24,30 €/KG","img":"https://fd3-photos.leclercdrive.fr/image.ashx?id=2108981&use=l&cat=p&typeid=i","cat":297000},{"id":107145,"n":"Pur jus de raisin Bio Village Bio - 6x20cl","p":4.09,"u":"3,41 €/L","img":"https://fd3-photos.leclercdrive.fr/image.ashx?id=2595549&use=l&cat=p&typeid=i","cat":284524},{"id":107166,"n":"Faisselle Rians 6%mg - 6x100g","p":2.92,"u":"4,87 €/KG","img":"https://fd3-photos.leclercdrive.fr/image.ashx?id=2396701&use=l&cat=p&typeid=i","cat":284409},{"id":107211,"n":"Jus innocent myrtille cassis 900ml","p":2.89,"u":"3,21 €/L","img":"https://fd3-photos.leclercdrive.fr/image.ashx?id=2891235&use=l&cat=p&typeid=i","cat":285435},{"id":107326,"n":"Insecticide & Barrage Fulgator Parasites&Acariens - 400ml","p":5.47,"u":"13,68 €/L","img":"https://fd3-photos.leclercdrive.fr/image.ashx?id=2660847&use=l&cat=p&typeid=i","cat":298368},{"id":107384,"n":"Bacon Justin Bridou  16 Tranches - 160g","p":2.73,"u":"17,06 €/KG","img":"https://fd3-photos.leclercdrive.fr/image.ashx?id=2924110&use=l&cat=p&typeid=i","cat":316007},{"id":107645,"n":"Aluminium Albal 20m","p":3.39,"img":"https://fd3-photos.leclercdrive.fr/image.ashx?id=2551444&use=l&cat=p&typeid=i","cat":334134},{"id":107646,"n":"Film 2 en 1 Albal  20m","p":2.86,"img":"https://fd3-photos.leclercdrive.fr/image.ashx?id=2551453&use=l&cat=p&typeid=i","cat":334134},{"id":107653,"n":"Lait de coco bio Jardin Bio Bio - 225ml","p":1.9,"u":"8,44 €/L","img":"https://fd3-photos.leclercdrive.fr/image.ashx?id=2875471&use=l&cat=p&typeid=i","cat":288992},{"id":107763,"n":"Escalope Le Gaulois Cordon bleu Extra - 200g","p":2.48,"u":"12,40 €/KG","img":"https://fd3-photos.leclercdrive.fr/image.ashx?id=2367442&use=l&cat=p&typeid=i","cat":333683},{"id":107765,"n":"Rosti Le gaulois 200g - x2","p":2.49,"u":"12,45 €/KG","img":"https://fd3-photos.leclercdrive.fr/image.ashx?id=2342851&use=l&cat=p&typeid=i","cat":333683},{"id":107783,"n":"Huile d'Olive Vierge Extra BIO  Delicato 75cl","p":12.63,"u":"16,84 €/L","img":"https://fd3-photos.leclercdrive.fr/image.ashx?id=2737444&use=l&cat=p&typeid=i","cat":284453},{"id":107827,"n":"Bac gourmand Eskiss Vanille caramel - 500g","p":4.11,"u":"8,22 €/KG","img":"https://fd3-photos.leclercdrive.fr/image.ashx?id=2982649&use=l&cat=p&typeid=i","cat":284263},{"id":107833,"n":"Vin Union Européenne rosé BIB 5L","p":9.25,"u":"1,85 €/L","img":"https://fd3-photos.leclercdrive.fr/image.ashx?id=2116813&use=l&cat=p&typeid=i","cat":289560},{"id":107841,"n":"Bac gourmand Eskiss Crème brulée - 500g","p":4.36,"u":"8,72 €/KG","img":"https://fd3-photos.leclercdrive.fr/image.ashx?id=2982643&use=l&cat=p&typeid=i","cat":284263},{"id":107847,"n":"Bac gourmand Eskiss Vanille speculoos - 500g","p":3.19,"u":"6,38 €/KG","img":"https://fd3-photos.leclercdrive.fr/image.ashx?id=2982652&use=l&cat=p&typeid=i","cat":284263},{"id":107856,"n":"Vin Blanc Espagne Table Oscar Inno Vins - 5L","p":8.49,"u":"1,70 €/L","img":"https://fd3-photos.leclercdrive.fr/image.ashx?id=2116816&use=l&cat=p&typeid=i","cat":289557},{"id":107863,"n":"Dentifrice soin bio Dentavie Blancheur bicarbonate - 75ml","p":3.68,"u":"49,07 €/L","img":"https://fd3-photos.leclercdrive.fr/image.ashx?id=2494776&use=l&cat=p&typeid=i","cat":284612},{"id":107864,"n":"Bac gourmand Eskiss Café - 500g","p":2.99,"u":"5,98 €/KG","img":"https://fd3-photos.leclercdrive.fr/image.ashx?id=2982655&use=l&cat=p&typeid=i","cat":284263},{"id":107868,"n":"Bac gourmand Eskiss Chocolat Liegeois - 500g","p":2.99,"u":"5,98 €/KG","img":"https://fd3-photos.leclercdrive.fr/image.ashx?id=2982658&use=l&cat=p&typeid=i","cat":284263},{"id":108169,"n":"Mousse de canard Henaff 3x78g","p":2.84,"u":"12,14 €/KG","img":"https://fd3-photos.leclercdrive.fr/image.ashx?id=2305604&use=l&cat=p&typeid=i","cat":305149},{"id":108180,"n":"Compotes Pom'Potes Gourdes BIO  Multivariétés - 12x90g","p":6.97,"u":"6,45 €/KG","img":"https://fd3-photos.leclercdrive.fr/image.ashx?id=2926212&use=l&cat=p&typeid=i","cat":284508},{"id":108181,"n":"Tube de colle Uhu stic 2x21g","p":4.21,"img":"https://fd3-photos.leclercdrive.fr/image.ashx?id=1684914&use=l&cat=p&typeid=i","cat":334133},{"id":108224,"n":"Brassé végétal Bio Good Goût Banane avoine fraise - 90g","p":1.39,"u":"15,44 €/KG","img":"https://fd3-photos.leclercdrive.fr/image.ashx?id=2736100&use=l&cat=p&typeid=i","cat":312392},{"id":108421,"n":"Matière grasse Primevere 63%MG - oméga 3 - 480g","p":5.34,"u":"11,13 €/KG","img":"https://fd3-photos.leclercdrive.fr/image.ashx?id=2936041&use=l&cat=p&typeid=i","cat":315229},{"id":108422,"n":"Matière grasse Primevere 63%MG - oméga 3 - 240g","p":3.04,"u":"12,67 €/KG","img":"https://fd3-photos.leclercdrive.fr/image.ashx?id=2979060&use=l&cat=p&typeid=i","cat":315229},{"id":108443,"n":"Dentifrice Sanogyl Soin essentiel blancheur - 75ml","p":3.91,"u":"52,13 €/L","img":"https://fd3-photos.leclercdrive.fr/image.ashx?id=2453484&use=l&cat=p&typeid=i","cat":284612},{"id":108668,"n":"Bière blonde La Goudale 7.2% vol. - 50cl","p":1.56,"u":"3,12 €/L","img":"https://fd3-photos.leclercdrive.fr/image.ashx?id=2513658&use=l&cat=p&typeid=i","cat":334852},{"id":108695,"n":"Beurre de cacahuètes Menguy's Creamy - 454g","p":4.48,"u":"9,87 €/KG","img":"https://fd3-photos.leclercdrive.fr/image.ashx?id=2844082&use=l&cat=p&typeid=i","cat":284481},{"id":108707,"n":"Filtres à café Uni vert Bruns n°4 - x80","p":1.33,"u":"0,02 €/P","img":"https://fd3-photos.leclercdrive.fr/image.ashx?id=2634878&use=l&cat=p&typeid=i","cat":284751},{"id":108711,"n":"Gel Douche Fa Crème Cacao coco flacon - 250ml","p":1.49,"u":"5,96 €/L","img":"https://fd3-photos.leclercdrive.fr/image.ashx?id=2995097&use=l&cat=p&typeid=i","cat":284594},{"id":108712,"n":"Gel douche Fa Caribbean Wave flacon - 250ml","p":1.54,"u":"6,16 €/L","img":"https://fd3-photos.leclercdrive.fr/image.ashx?id=2110236&use=l&cat=p&typeid=i","cat":284594},{"id":108724,"n":"Thé glacé Bio Village Bio Pêche - 1L","p":1.36,"u":"1,36 €/L","img":"https://fd3-photos.leclercdrive.fr/image.ashx?id=2670392&use=l&cat=p&typeid=i","cat":295019},{"id":108804,"n":"Compotes Pom'Potes Gourdes  Pomme Nature - 4x90g","p":1.97,"u":"5,47 €/KG","img":"https://fd3-photos.leclercdrive.fr/image.ashx?id=2968079&use=l&cat=p&typeid=i","cat":284508},{"id":108841,"n":"Foie morue nature Nautilus MSC - 25% sel - 120g","p":1.97,"u":"16,42 €/KG","img":"https://fd3-photos.leclercdrive.fr/image.ashx?id=2733610&use=l&cat=p&typeid=i","cat":305147},{"id":108842,"n":"Crevettes sauvages Natilus Décortiquées - 105g","p":4.86,"u":"46,29 €/KG","img":"https://fd3-photos.leclercdrive.fr/image.ashx?id=2733616&use=l&cat=p&typeid=i","cat":305147},{"id":108843,"n":"Capsules Nescafé Dolce Gusto  Espresso Intenso - x30","p":8.7,"u":"41,43 €/KG","img":"https://fd3-photos.leclercdrive.fr/image.ashx?id=2859869&use=l&cat=p&typeid=i","cat":293239},{"id":108844,"n":"Plat bébé soir Blédichef 12mois Spaghetti crème légumes -2x230g","p":3.23,"u":"7,02 €/KG","img":"https://fd3-photos.leclercdrive.fr/image.ashx?id=2643494&use=l&cat=p&typeid=i","cat":312239},{"id":108885,"n":"Comté Le Montarlier Président 340g","p":7.26,"u":"21,35 €/KG","img":"https://fd3-photos.leclercdrive.fr/image.ashx?id=2364006&use=l&cat=p&typeid=i","cat":314034},{"id":108891,"n":"Croccante alla Mozzarella  Galbani - 150g","p":3.07,"u":"20,47 €/KG","img":"https://fd3-photos.leclercdrive.fr/image.ashx?id=2786000&use=l&cat=p&typeid=i","cat":314027},{"id":108919,"n":"Sardines MSC citron huile olive Les mouettes d'Arvor - 115g","p":3.29,"u":"28,61 €/KG","img":"https://fd3-photos.leclercdrive.fr/image.ashx?id=1893520&use=l&cat=p&typeid=i","cat":305146},{"id":108920,"n":"Sardines piquantes huile olive Les Mouettes d'Arvor - 115g","p":2.76,"u":"24,00 €/KG","img":"https://fd3-photos.leclercdrive.fr/image.ashx?id=2015720&use=l&cat=p&typeid=i","cat":305146},{"id":108928,"n":"Fromage blanc bébé Blédina 8m Fraise - 4x100g","p":3.2,"u":"8,00 €/KG","img":"https://fd3-photos.leclercdrive.fr/image.ashx?id=2090984&use=l&cat=p&typeid=i","cat":312392},{"id":108935,"n":"Crème entière fluide Bridelice 30% MG - 2x25cl","p":3.74,"u":"7,48 €/L","img":"https://fd3-photos.leclercdrive.fr/image.ashx?id=2911954&use=l&cat=p&typeid=i","cat":284381},{"id":108936,"n":"AOP Comté Entremont Rapé - 130g","p":2.66,"u":"20,46 €/KG","img":"https://fd3-photos.leclercdrive.fr/image.ashx?id=2983165&use=l&cat=p&typeid=i","cat":314035},{"id":108980,"n":"Parmesan râpé Ambrosi 100g","p":2.65,"u":"26,50 €/KG","img":"https://fd3-photos.leclercdrive.fr/image.ashx?id=1695537&use=l&cat=p&typeid=i","cat":314035},{"id":108981,"n":"Bâtonnets Oasis Citron/orange - x10 - 400g","p":2.48,"u":"6,20 €/KG","img":"https://fd3-photos.leclercdrive.fr/image.ashx?id=2877832&use=l&cat=p&typeid=i","cat":284265},{"id":108998,"n":"liégeois chocolat danette - 12x100g","p":5.03,"u":"4,19 €/KG","img":"https://fd3-photos.leclercdrive.fr/image.ashx?id=2907842&use=l&cat=p&typeid=i","cat":285042},{"id":109118,"n":"Pur jus de fruits Bio Village Bio - 1L","p":3.64,"u":"3,64 €/L","img":"https://fd3-photos.leclercdrive.fr/image.ashx?id=2901563&use=l&cat=p&typeid=i","cat":284917},{"id":109136,"n":"Bol carotte riz bio Bio Village Potimarron Dès 6 mois - 2x200g","p":2.19,"u":"5,48 €/KG","img":"https://fd3-photos.leclercdrive.fr/image.ashx?id=2704762&use=l&cat=p&typeid=i","cat":312239},{"id":109138,"n":"Smoothie innocent  énergie zeste 750ml","p":3.65,"u":"4,87 €/L","img":"https://fd3-photos.leclercdrive.fr/image.ashx?id=2892223&use=l&cat=p&typeid=i","cat":285435},{"id":109267,"n":"Panaché Force 4 0,4° - 10x25cl","p":4.48,"u":"1,79 €/L","img":"https://fd3-photos.leclercdrive.fr/image.ashx?id=2473321&use=l&cat=p&typeid=i","cat":334877},{"id":109309,"n":"Bol semoule 8 mois Bio Village Bio Patate douce lait - 2x200g","p":2.49,"u":"6,23 €/KG","img":"https://fd3-photos.leclercdrive.fr/image.ashx?id=2704807&use=l&cat=p&typeid=i","cat":312239},{"id":109310,"n":"Bol Bio Village 6 mois bio Petits pois Riz Maïs - 2x200g","p":2.21,"u":"5,53 €/KG","img":"https://fd3-photos.leclercdrive.fr/image.ashx?id=2704819&use=l&cat=p&typeid=i","cat":312239},{"id":109317,"n":"Bol Bio village 6 mois Bio Ratatouille Quinoa - 2x200g","p":2.45,"u":"6,13 €/KG","img":"https://fd3-photos.leclercdrive.fr/image.ashx?id=2704822&use=l&cat=p&typeid=i","cat":312239},{"id":109322,"n":"Bol legume vert riz Bio Village Saumon bio - 6 mois - 2x200g","p":2.55,"u":"6,38 €/KG","img":"https://fd3-photos.leclercdrive.fr/image.ashx?id=2704792&use=l&cat=p&typeid=i","cat":312235},{"id":109323,"n":"Rillettes thon blanc tomséchées Les Mouettes d'Arvor - 125g","p":2.68,"u":"21,44 €/KG","img":"https://fd3-photos.leclercdrive.fr/image.ashx?id=1901269&use=l&cat=p&typeid=i","cat":303867},{"id":109328,"n":"Rillettes Les Mouettes d'Arvor Thon poivre vert- 125g","p":2.27,"u":"18,16 €/KG","img":"https://fd3-photos.leclercdrive.fr/image.ashx?id=1901272&use=l&cat=p&typeid=i","cat":303867},{"id":109348,"n":"Panaché Falsbourg <0.5% vol. Canettes - 6x33cl","p":3.12,"u":"1,58 €/L","img":"https://fd3-photos.leclercdrive.fr/image.ashx?id=2637958&use=l&cat=p&typeid=i","cat":334853},{"id":109369,"n":"Panaché Falsbourg  <0.5% vol. - 10X25cl","p":2.99,"u":"1,20 €/L","img":"https://fd3-photos.leclercdrive.fr/image.ashx?id=2637967&use=l&cat=p&typeid=i","cat":334877},{"id":109387,"n":"Pur jus Tropicana Réveil des Tropiques 90cl","p":2.89,"u":"3,21 €/L","img":"https://fd3-photos.leclercdrive.fr/image.ashx?id=2529279&use=l&cat=p&typeid=i","cat":285435},{"id":109418,"n":"Rillettes de Thon MSC Ronde des Mers - 125g","p":1.69,"u":"13,52 €/KG","img":"https://fd3-photos.leclercdrive.fr/image.ashx?id=2436696&use=l&cat=p&typeid=i","cat":303867},{"id":109437,"n":"Repas bébé Blédichef 12 mois  Couscous - 2x230g","p":3.37,"u":"7,33 €/KG","img":"https://fd3-photos.leclercdrive.fr/image.ashx?id=2479706&use=l&cat=p&typeid=i","cat":312237},{"id":109441,"n":"Thon entier MSC Pêche Océan Naturel - 140g","p":2.17,"u":"15,50 €/KG","img":"https://fd3-photos.leclercdrive.fr/image.ashx?id=2942211&use=l&cat=p&typeid=i","cat":303867},{"id":109444,"n":"Bol brocolis Bio Village Pomme de terre bio 4mois 2x120g","p":1.45,"u":"6,04 €/KG","img":"https://fd3-photos.leclercdrive.fr/image.ashx?id=2704756&use=l&cat=p&typeid=i","cat":312234},{"id":109447,"n":"Bol carottes Bio Village Bio - 4 mois - 2x120g","p":1.25,"u":"5,21 €/KG","img":"https://fd3-photos.leclercdrive.fr/image.ashx?id=2704768&use=l&cat=p&typeid=i","cat":312239},{"id":109449,"n":"Jus innocent ananas 900ml","p":3.08,"u":"3,42 €/L","img":"https://fd3-photos.leclercdrive.fr/image.ashx?id=2184732&use=l&cat=p&typeid=i","cat":285435},{"id":109450,"n":"Bol haricots verts bio Bio Village - 4 mois - 2x120g","p":1.29,"u":"5,38 €/KG","img":"https://fd3-photos.leclercdrive.fr/image.ashx?id=2704777&use=l&cat=p&typeid=i","cat":312239},{"id":109451,"n":"Boisson lactée Danao Multivitaminé - 900ml","p":2.71,"u":"3,01 €/L","img":"https://fd3-photos.leclercdrive.fr/image.ashx?id=2637216&use=l&cat=p&typeid=i","cat":285435},{"id":109452,"n":"Bol potiron courge bio Bio Village - 4 mois - 2x120g","p":1.45,"u":"6,04 €/KG","img":"https://fd3-photos.leclercdrive.fr/image.ashx?id=2704816&use=l&cat=p&typeid=i","cat":312234},{"id":109453,"n":"Bol petit pois bio Bio Village - 4 mois - 2x120g","p":1.45,"u":"6,04 €/KG","img":"https://fd3-photos.leclercdrive.fr/image.ashx?id=1694713&use=l&cat=p&typeid=i","cat":312234},{"id":109455,"n":"Boisson lactée Danao Orange Banane Fraise - 900ml","p":2.54,"u":"2,82 €/L","img":"https://fd3-photos.leclercdrive.fr/image.ashx?id=2609908&use=l&cat=p&typeid=i","cat":285435},{"id":109457,"n":"Boisson lactée Danao Pêche Abricot - 900ml","p":2.74,"u":"3,04 €/L","img":"https://fd3-photos.leclercdrive.fr/image.ashx?id=2606367&use=l&cat=p&typeid=i","cat":285435},{"id":109474,"n":"Yaourt à boire Yop Dessert Lacté Chocolat - 825g","p":2.16,"u":"2,62 €/KG","img":"https://fd3-photos.leclercdrive.fr/image.ashx?id=2941613&use=l&cat=p&typeid=i","cat":284415},{"id":109499,"n":"crème dessert caramel beurre salé danette - 4x125g","p":1.67,"u":"3,34 €/KG","img":"https://fd3-photos.leclercdrive.fr/image.ashx?id=1987455&use=l&cat=p&typeid=i","cat":285041},{"id":109509,"n":"crème dessert café danette - 4x125g","p":1.65,"u":"3,30 €/KG","img":"https://fd3-photos.leclercdrive.fr/image.ashx?id=2961867&use=l&cat=p&typeid=i","cat":285041},{"id":109545,"n":"Pain de mie Beau & Bon Harrys Céréales & graines - 320g","p":1.87,"u":"5,84 €/KG","img":"https://fd3-photos.leclercdrive.fr/image.ashx?id=2517480&use=l&cat=p&typeid=i","cat":284477},{"id":109548,"n":"Olives vertes bio Bio Village - 160g","p":2.79,"u":"17,44 €/KG","img":"https://fd3-photos.leclercdrive.fr/image.ashx?id=2552448&use=l&cat=p&typeid=i","cat":284450},{"id":109555,"n":"Poudre à lever Bio Village Bio - 5x35g","p":0.72,"u":"20,57 €/KG","img":"https://fd3-photos.leclercdrive.fr/image.ashx?id=1694832&use=l&cat=p&typeid=i","cat":284504},{"id":109564,"n":"AdBlue Diframa avec flexible 10L","p":14.9,"u":"1,49 €/L","img":"https://fd3-photos.leclercdrive.fr/image.ashx?id=1863624&use=l&cat=p&typeid=i","cat":298253},{"id":109565,"n":"Thon entier MSC Pêche Océan Naturel - 93g","p":1.99,"u":"21,40 €/KG","img":"https://fd3-photos.leclercdrive.fr/image.ashx?id=2942217&use=l&cat=p&typeid=i","cat":303867},{"id":109567,"n":"AdBlue Diframa avec flexible 5L","p":6.9,"u":"1,38 €/L","img":"https://fd3-photos.leclercdrive.fr/image.ashx?id=1867723&use=l&cat=p&typeid=i","cat":298253},{"id":109577,"n":"Recharge Électrique Glade Fleur de Vanille 20ml","p":4.33,"img":"https://fd3-photos.leclercdrive.fr/image.ashx?id=2600776&use=l&cat=p&typeid=i","cat":311629},{"id":109578,"n":"Mouchoirs Ultra Soft Kleenex® Etuis mini x10","p":1.98,"u":"0,20 €/P","img":"https://fd3-photos.leclercdrive.fr/image.ashx?id=2840307&use=l&cat=p&typeid=i","cat":284638},{"id":109580,"n":"Terrine de campagne Bio Village Bio - 180g","p":2.79,"u":"15,50 €/KG","img":"https://fd3-photos.leclercdrive.fr/image.ashx?id=1710227&use=l&cat=p&typeid=i","cat":305149},{"id":109587,"n":"Diffuseur électrique Glade + Recharge Bois de Santal 20ml","p":5.48,"img":"https://fd3-photos.leclercdrive.fr/image.ashx?id=2864152&use=l&cat=p&typeid=i","cat":311629},{"id":109607,"n":"Skyr Danone nature 0%mg - 480g","p":3.36,"u":"7,00 €/KG","img":"https://fd3-photos.leclercdrive.fr/image.ashx?id=2810615&use=l&cat=p&typeid=i","cat":284409},{"id":109625,"n":"Panna Cotta Framboise Bonta Divina - 2x110g","p":2.27,"u":"10,32 €/KG","img":"https://fd3-photos.leclercdrive.fr/image.ashx?id=2157466&use=l&cat=p&typeid=i","cat":284419},{"id":109646,"n":"Olives noires Rustica 360g","p":1.65,"u":"4,58 €/KG","img":"https://fd3-photos.leclercdrive.fr/image.ashx?id=1962885&use=l&cat=p&typeid=i","cat":284450},{"id":109656,"n":"Olives vertes entières Rustica  360g","p":1.65,"u":"4,58 €/KG","img":"https://fd3-photos.leclercdrive.fr/image.ashx?id=1962882&use=l&cat=p&typeid=i","cat":284458},{"id":109662,"n":"Chocolats Schoko-bons Kinder 125g","p":2.69,"u":"21,52 €/KG","img":"https://fd3-photos.leclercdrive.fr/image.ashx?id=2498461&use=l&cat=p&typeid=i","cat":304238},{"id":109664,"n":"Tomato Ketchup Allégé Heinz 50% sucre/sel en moins - 625g","p":3.55,"u":"5,68 €/KG","img":"https://fd3-photos.leclercdrive.fr/image.ashx?id=2927717&use=l&cat=p&typeid=i","cat":284455},{"id":109670,"n":"Compotes Pom'Potes Gourdes  Mix de Pommes - 20x90g","p":7.38,"u":"4,10 €/KG","img":"https://fd3-photos.leclercdrive.fr/image.ashx?id=2563349&use=l&cat=p&typeid=i","cat":284508},{"id":109742,"n":"Jus pour bébé NATURNES BIO Poire Abricot 6M+ - 20cl","p":0.93,"u":"4,65 €/L","img":"https://fd3-photos.leclercdrive.fr/image.ashx?id=2532258&use=l&cat=p&typeid=i","cat":312388},{"id":109749,"n":"Liquide de rinçage Uni Vert Lave-vaisselle Ecologique-750ml","p":1.99,"u":"2,65 €/L","img":"https://fd3-photos.leclercdrive.fr/image.ashx?id=2966403&use=l&cat=p&typeid=i","cat":284657},{"id":109753,"n":"Sauce crudité Amora Nature - 380ml","p":2.11,"u":"5,55 €/KG","img":"https://fd3-photos.leclercdrive.fr/image.ashx?id=2644995&use=l&cat=p&typeid=i","cat":284456},{"id":109756,"n":"Sauce gourmet Amora Poivre - 188g","p":1.73,"u":"9,20 €/KG","img":"https://fd3-photos.leclercdrive.fr/image.ashx?id=2181056&use=l&cat=p&typeid=i","cat":318430},{"id":109873,"n":"Pur jus de pomme Jafaden Douceur - 1L","p":1.5,"u":"1,50 €/L","img":"https://fd3-photos.leclercdrive.fr/image.ashx?id=2863178&use=l&cat=p&typeid=i","cat":284522},{"id":109892,"n":"Soda Coca-Cola Cherry Bouteille - 1,25L","p":1.76,"u":"1,41 €/L","img":"https://fd3-photos.leclercdrive.fr/image.ashx?id=2678161&use=l&cat=p&typeid=i","cat":284530},{"id":109893,"n":"Soda Coca-Cola Vanille Bouteille - 1,25L","p":1.76,"u":"1,41 €/L","img":"https://fd3-photos.leclercdrive.fr/image.ashx?id=2678164&use=l&cat=p&typeid=i","cat":284530},{"id":110000,"n":"Cornichons fins AMORA Bocal - 540g","p":3.77,"u":"6,98 €/KG","img":"https://fd3-photos.leclercdrive.fr/image.ashx?id=2672710&use=l&cat=p&typeid=i","cat":284458},{"id":110005,"n":"Repas bébé Blédichef 12 mois  Riz légumes poulet - 2x230g","p":3.27,"u":"7,11 €/KG","img":"https://fd3-photos.leclercdrive.fr/image.ashx?id=2361843&use=l&cat=p&typeid=i","cat":312237},{"id":110009,"n":"Boisson végétale Bio Village Epeautre bio - 1l","p":1.9,"u":"1,90 €/L","img":"https://fd3-photos.leclercdrive.fr/image.ashx?id=2384935&use=l&cat=p&typeid=i","cat":316067},{"id":110011,"n":"Repas bébé Blédichef 18 mois  Pâtes butternut poisson -2x250g","p":3.47,"u":"6,94 €/KG","img":"https://fd3-photos.leclercdrive.fr/image.ashx?id=2479715&use=l&cat=p&typeid=i","cat":312238},{"id":110022,"n":"Chien Medium/maxi Adulte One  Contrôle de poids - dinde 2.5kg","p":7.37,"u":"2,95 €/KG","img":"https://fd3-photos.leclercdrive.fr/image.ashx?id=2434494&use=l&cat=p&typeid=i","cat":284672},{"id":110027,"n":"Croquettes Chat bifensis One Stérilisé Contrôle poids 1.5kg","p":9.08,"u":"6,05 €/KG","img":"https://fd3-photos.leclercdrive.fr/image.ashx?id=2871142&use=l&cat=p&typeid=i","cat":284680},{"id":110048,"n":"Tendres effilés Chats Felix Encore plus de sauce 12x85g","p":4.97,"u":"4,87 €/KG","img":"https://fd3-photos.leclercdrive.fr/image.ashx?id=2957662&use=l&cat=p&typeid=i","cat":285286},{"id":110074,"n":"Croquettes chat Physyo Pet Food Sans céréales-D'extérieur-1.5kg","p":8.09,"u":"5,39 €/KG","img":"https://fd3-photos.leclercdrive.fr/image.ashx?id=2707059&use=l&cat=p&typeid=i","cat":284680},{"id":110087,"n":"Joker Le Fruit Jus multifruits exotiques - 1L","p":2.15,"u":"2,15 €/L","img":"https://fd3-photos.leclercdrive.fr/image.ashx?id=2826864&use=l&cat=p&typeid=i","cat":284917},{"id":110089,"n":"Croquettes chat  One Nature stérilisé boeuf - 1.4kg","p":7.77,"u":"5,55 €/KG","img":"https://fd3-photos.leclercdrive.fr/image.ashx?id=2383907&use=l&cat=p&typeid=i","cat":284680},{"id":110095,"n":"Sauce chinoise 290g","p":1.79,"u":"6,17 €/KG","img":"https://fd3-photos.leclercdrive.fr/image.ashx?id=1951139&use=l&cat=p&typeid=i","cat":318431},{"id":110097,"n":"Café en grains Plantation  Noir - 500g","p":7.95,"u":"15,90 €/KG","img":"https://fd3-photos.leclercdrive.fr/image.ashx?id=2922950&use=l&cat=p&typeid=i","cat":293237},{"id":110100,"n":"Gaufres chocolat noisettes 272g","p":2.29,"u":"8,42 €/KG","img":"https://fd3-photos.leclercdrive.fr/image.ashx?id=2579378&use=l&cat=p&typeid=i","cat":294777},{"id":110101,"n":"Huile d'olive vierge extra 1.5L","p":12.9,"u":"8,60 €/L","img":"https://fd3-photos.leclercdrive.fr/image.ashx?id=2898035&use=l&cat=p&typeid=i","cat":284453},{"id":110103,"n":"Huile d'olive vierge extra 25cl","p":2.89,"u":"11,56 €/L","img":"https://fd3-photos.leclercdrive.fr/image.ashx?id=2892349&use=l&cat=p&typeid=i","cat":284453},{"id":110121,"n":"Whisky Aberlour 10 ans Forest Single Malt Scotch 40% vol 70cl","p":25.82,"u":"36,89 €/L","img":"https://fd3-photos.leclercdrive.fr/image.ashx?id=3014871&use=l&cat=p&typeid=i","cat":284547},{"id":110123,"n":"Pavé Gourmand Garden Gourmet Fromage Soja et Blé 180g","p":4.03,"u":"22,39 €/KG","img":"https://fd3-photos.leclercdrive.fr/image.ashx?id=3011887&use=l&cat=p&typeid=i","cat":316036},{"id":110130,"n":"Dessert lacté Bio Village Bio - Abricot 6-9 mois 4x100g","p":2.04,"u":"5,10 €/KG","img":"https://fd3-photos.leclercdrive.fr/image.ashx?id=2709752&use=l&cat=p&typeid=i","cat":312392},{"id":110131,"n":"Sandwich polaire Coté Snack Jambon chèvre - 135g","p":1.83,"u":"13,56 €/KG","img":"https://fd3-photos.leclercdrive.fr/image.ashx?id=2619731&use=l&cat=p&typeid=i","cat":333658},{"id":110133,"n":"Dessert lacté bio Bio Village Fraise brassé - 6-9 mois 4x100g","p":2.09,"u":"5,23 €/KG","img":"https://fd3-photos.leclercdrive.fr/image.ashx?id=2709755&use=l&cat=p&typeid=i","cat":312392},{"id":110134,"n":"Dessert lacté Bio Village Bio  6-9 mois 4x100g","p":2.12,"u":"5,30 €/KG","img":"https://fd3-photos.leclercdrive.fr/image.ashx?id=2709758&use=l&cat=p&typeid=i","cat":312392},{"id":110139,"n":"Dessert lacté bio Bio Village Brassé nature sucré - 4x100g","p":2.12,"u":"5,30 €/KG","img":"https://fd3-photos.leclercdrive.fr/image.ashx?id=2709761&use=l&cat=p&typeid=i","cat":312392},{"id":110143,"n":"Bol carotte bio Bio Village Pomme de terre saumon 2x200g","p":2.65,"u":"6,63 €/KG","img":"https://fd3-photos.leclercdrive.fr/image.ashx?id=2704765&use=l&cat=p&typeid=i","cat":312236},{"id":110145,"n":"Bol courgette Bio Village Riz veau bio - 12 mois - 200g","p":2.69,"u":"6,73 €/KG","img":"https://fd3-photos.leclercdrive.fr/image.ashx?id=2704774&use=l&cat=p&typeid=i","cat":312237},{"id":110146,"n":"Matière grasse Rustica Tournesol -60%MG -1/2 sel -500G","p":1.75,"u":"3,50 €/KG","img":"https://fd3-photos.leclercdrive.fr/image.ashx?id=2949421&use=l&cat=p&typeid=i","cat":315229},{"id":110147,"n":"Bol boulghour bio Bio Village Carotte Boeuf 12 mois 2x200g","p":2.69,"u":"6,73 €/KG","img":"https://fd3-photos.leclercdrive.fr/image.ashx?id=2704759&use=l&cat=p&typeid=i","cat":312237},{"id":110150,"n":"Bol légumes  Bio Village Bio Poulet - 8mois - 2x200g","p":2.49,"u":"6,23 €/KG","img":"https://fd3-photos.leclercdrive.fr/image.ashx?id=2704780&use=l&cat=p&typeid=i","cat":312236},{"id":110159,"n":"Bol légumes saumon Bio Village Bio - 12 mois - 2x200g","p":2.69,"u":"6,73 €/KG","img":"https://fd3-photos.leclercdrive.fr/image.ashx?id=2704783&use=l&cat=p&typeid=i","cat":312237},{"id":110164,"n":"Bol légumes vert Bio Village Pâtes dinde bio 8 mois - 2x200g","p":2.59,"u":"6,48 €/KG","img":"https://fd3-photos.leclercdrive.fr/image.ashx?id=2704789&use=l&cat=p&typeid=i","cat":312236},{"id":110165,"n":"Repas bébé bio Bio Village Légumes à la provençale 2x120g","p":1.45,"u":"6,04 €/KG","img":"https://fd3-photos.leclercdrive.fr/image.ashx?id=2704786&use=l&cat=p&typeid=i","cat":312239},{"id":110169,"n":"Bol panais Bio Village 4 mois bio - 2x120g","p":1.45,"u":"6,04 €/KG","img":"https://fd3-photos.leclercdrive.fr/image.ashx?id=1702331&use=l&cat=p&typeid=i","cat":312234},{"id":110170,"n":"Bol panais carotte Bio Village Poulet bio - 12 mois - 2x200g","p":2.69,"u":"6,73 €/KG","img":"https://fd3-photos.leclercdrive.fr/image.ashx?id=2704801&use=l&cat=p&typeid=i","cat":312237},{"id":110171,"n":"Bol Bio Village Patate douce bio 4 mois 2x120g","p":1.43,"u":"5,96 €/KG","img":"https://fd3-photos.leclercdrive.fr/image.ashx?id=2704804&use=l&cat=p&typeid=i","cat":312239},{"id":110177,"n":"Bol Bio Village Pot au feu bio 8 mois - 2x200g","p":2.57,"u":"6,43 €/KG","img":"https://fd3-photos.leclercdrive.fr/image.ashx?id=2704813&use=l&cat=p&typeid=i","cat":312236},{"id":110179,"n":"Bol risotto Tomate Bio Village Aubergine bio - 2x200g","p":2.55,"u":"6,38 €/KG","img":"https://fd3-photos.leclercdrive.fr/image.ashx?id=2704825&use=l&cat=p&typeid=i","cat":312237},{"id":110182,"n":"Bol Spaghetti Bio Village 8mois Bio Bolognaise - 2x200g","p":2.59,"u":"6,48 €/KG","img":"https://fd3-photos.leclercdrive.fr/image.ashx?id=2704828&use=l&cat=p&typeid=i","cat":312236},{"id":110186,"n":"Bol légume soleil Bio Village Pâtes bio - 12 mois 2x200g","p":2.55,"u":"6,38 €/KG","img":"https://fd3-photos.leclercdrive.fr/image.ashx?id=2704831&use=l&cat=p&typeid=i","cat":312239},{"id":110309,"n":"AOC Châteauneuf du Pape rouge Domaine Vieux Chemin - 75cl","p":18.95,"u":"25,27 €/L","img":"https://fd3-photos.leclercdrive.fr/image.ashx?id=1893031&use=l&cat=p&typeid=i","cat":289556},{"id":110311,"n":"AOC Grignan-les-Adhémar rouge Farfadet Vign.de l'enclave 75cl","p":3.12,"u":"4,16 €/L","img":"https://fd3-photos.leclercdrive.fr/image.ashx?id=1954490&use=l&cat=p&typeid=i","cat":289556},{"id":110327,"n":"IGP île de Beauté rosé BIB 3L","p":14.93,"u":"4,98 €/L","img":"https://fd3-photos.leclercdrive.fr/image.ashx?id=2549708&use=l&cat=p&typeid=i","cat":289560},{"id":110390,"n":"Poivrons grillés Sud & Sol 125g","p":2.02,"u":"16,16 €/KG","img":"https://fd3-photos.leclercdrive.fr/image.ashx?id=2937340&use=l&cat=p&typeid=i","cat":316002},{"id":110490,"n":"Crevette d'équateur Escal King Size - ASC - 250g","p":7.49,"u":"29,96 €/KG","img":"https://fd3-photos.leclercdrive.fr/image.ashx?id=2407223&use=l&cat=p&typeid=i","cat":319787},{"id":110491,"n":"Crevettes cocktail Escal Cuites - ASC - 330 g","p":7.49,"u":"22,70 €/KG","img":"https://fd3-photos.leclercdrive.fr/image.ashx?id=1706421&use=l&cat=p&typeid=i","cat":319787},{"id":110509,"n":"boisson végétale lait d'amande non grillée sans sucre alpro-1l","p":2.36,"u":"2,36 €/L","img":"https://fd3-photos.leclercdrive.fr/image.ashx?id=2980085&use=l&cat=p&typeid=i","cat":316067},{"id":110511,"n":"AOC Saint Mont vin blanc - 13% Marquis de Seillan - sec - 75cl","p":4.99,"pp":3.29,"u":"4,39 €/L","img":"https://fd3-photos.leclercdrive.fr/image.ashx?id=2753985&use=l&cat=p&typeid=i","cat":289557},{"id":110556,"n":"Jus innocent plus  infatigableu 750ml","p":3.36,"u":"4,48 €/L","img":"https://fd3-photos.leclercdrive.fr/image.ashx?id=2862874&use=l&cat=p&typeid=i","cat":285435},{"id":110557,"n":"Jus innocent plus  matière green 750ml","p":2.89,"u":"3,85 €/L","img":"https://fd3-photos.leclercdrive.fr/image.ashx?id=2887200&use=l&cat=p&typeid=i","cat":285435},{"id":110566,"n":"Crème dépilatoire Veet Men Corps Peaux Sensibles 200ml","p":4.35,"u":"21,75 €/L","img":"https://fd3-photos.leclercdrive.fr/image.ashx?id=2965689&use=l&cat=p&typeid=i","cat":284617},{"id":110568,"n":"Gel Lubrifiant Intime Durex Naturel Confort Base Eau 100ml","p":5.97,"u":"59,70 €/L","img":"https://fd3-photos.leclercdrive.fr/image.ashx?id=2960687&use=l&cat=p&typeid=i","cat":285160},{"id":110573,"n":"Culotte absorbante Chorys Plus médium - x14","p":7.93,"u":"0,57 €/P","img":"https://fd3-photos.leclercdrive.fr/image.ashx?id=2458109&use=l&cat=p&typeid=i","cat":284628},{"id":110574,"n":"Culotte absorbante Chorys Plus large - x14","p":8.65,"u":"0,62 €/P","img":"https://fd3-photos.leclercdrive.fr/image.ashx?id=2458112&use=l&cat=p&typeid=i","cat":284628},{"id":110575,"n":"Dentifrice Bionaïa Coco Aloe Vera bio - 75ml","p":1.99,"u":"26,53 €/L","img":"https://fd3-photos.leclercdrive.fr/image.ashx?id=2529549&use=l&cat=p&typeid=i","cat":284612},{"id":110577,"n":"Serviette incontinence Chorys Normal - x16","p":2.62,"u":"0,16 €/P","img":"https://fd3-photos.leclercdrive.fr/image.ashx?id=2393899&use=l&cat=p&typeid=i","cat":284628},{"id":110590,"n":"Recharge Électrique Glade Bois de Santal & Jasmin 20ml","p":3.73,"img":"https://fd3-photos.leclercdrive.fr/image.ashx?id=2600773&use=l&cat=p&typeid=i","cat":311629},{"id":110595,"n":"Gel Lave-Vaisselle Sun Tout-en-1 Expert Plus 52 Lavage","p":7.9,"u":"8,78 €/L","img":"https://fd3-photos.leclercdrive.fr/image.ashx?id=2835580&use=l&cat=p&typeid=i","cat":284656},{"id":110596,"n":"Poudre Lave Vaisselle Sun Classique 90 Lavages","p":9.89,"u":"3,47 €/KG","img":"https://fd3-photos.leclercdrive.fr/image.ashx?id=2866172&use=l&cat=p&typeid=i","cat":284656},{"id":110598,"n":"Solution 2 en 1 pour Mycose Ongles Pieds - 3,8 ml","p":12.81,"img":"https://fd3-photos.leclercdrive.fr/image.ashx?id=2990955&use=l&cat=p&typeid=i","cat":325354},{"id":110620,"n":"AOP Bordeaux Vin rouge Dourthe La grande cuvée - 75 cl","p":6.89,"u":"9,19 €/L","img":"https://fd3-photos.leclercdrive.fr/image.ashx?id=2846415&use=l&cat=p&typeid=i","cat":289556},{"id":110621,"n":"AOP Bordeaux Vin blanc. Dourthe La grande cuvée - 75cl","p":6.89,"u":"9,19 €/L","img":"https://fd3-photos.leclercdrive.fr/image.ashx?id=2926374&use=l&cat=p&typeid=i","cat":289557},{"id":110643,"n":"Yaourt à la Grecque Délisse Caramel beurre salé - 4x150g","p":2.59,"u":"4,32 €/KG","img":"https://fd3-photos.leclercdrive.fr/image.ashx?id=2953278&use=l&cat=p&typeid=i","cat":314999},{"id":110647,"n":"Glaçons en sachet Cubers 2kg","p":1.69,"u":"0,85 €/KG","img":"https://fd3-photos.leclercdrive.fr/image.ashx?id=2603525&use=l&cat=p&typeid=i","cat":285987},{"id":110678,"n":"Bouillon cube Bio Village Volaille Bio - x8 - 80g","p":1.43,"u":"17,88 €/KG","img":"https://fd3-photos.leclercdrive.fr/image.ashx?id=2140950&use=l&cat=p&typeid=i","cat":288379},{"id":110681,"n":"Mayonaise Bio Bio Village Dijon - 238g","p":2.35,"u":"9,87 €/KG","img":"https://fd3-photos.leclercdrive.fr/image.ashx?id=2664869&use=l&cat=p&typeid=i","cat":298295},{"id":110707,"n":"Beurre gastronomique Les Croisé Doux - 82% MG - 250g","p":2.49,"u":"9,96 €/KG","img":"https://fd3-photos.leclercdrive.fr/image.ashx?id=2833005&use=l&cat=p&typeid=i","cat":284379},{"id":110708,"n":"Beurre Les Croisés Demi-sel - 80% MG - 250g","p":2.49,"u":"9,96 €/KG","img":"https://fd3-photos.leclercdrive.fr/image.ashx?id=2778084&use=l&cat=p&typeid=i","cat":284379},{"id":110712,"n":"Boisson lacté Délisse Vanille - 6x20cl","p":2.19,"u":"1,83 €/L","img":"https://fd3-photos.leclercdrive.fr/image.ashx?id=2994821&use=l&cat=p&typeid=i","cat":295246},{"id":110741,"n":"Sel gros réduit Cerebos Sodium 33% - 700g","p":4.4,"u":"6,29 €/KG","img":"https://fd3-photos.leclercdrive.fr/image.ashx?id=2580937&use=l&cat=p&typeid=i","cat":284457},{"id":110827,"n":"Jus pour bébé Naturnes Bio Pomme mangue 6M+ 20cl","p":0.77,"u":"3,85 €/L","img":"https://fd3-photos.leclercdrive.fr/image.ashx?id=2406235&use=l&cat=p&typeid=i","cat":312388},{"id":110845,"n":"Huile végétale So'Bio Etic Amande douce bio - 50ml","p":4.88,"u":"97,60 €/L","img":"https://fd3-photos.leclercdrive.fr/image.ashx?id=2827956&use=l&cat=p&typeid=i","cat":325349},{"id":110846,"n":"Huile végétale So'Bio Etic de ricin bio - 50ml","p":4.13,"u":"82,60 €/L","img":"https://fd3-photos.leclercdrive.fr/image.ashx?id=2752465&use=l&cat=p&typeid=i","cat":325349},{"id":110847,"n":"Huile végétale So'Bio Etic Coco bio - 50ml","p":4.07,"u":"81,40 €/L","img":"https://fd3-photos.leclercdrive.fr/image.ashx?id=2827959&use=l&cat=p&typeid=i","cat":325349},{"id":110849,"n":"Dentifrice Bionaïa Charbon bio - 75ml","p":1.99,"u":"26,53 €/L","img":"https://fd3-photos.leclercdrive.fr/image.ashx?id=2529546&use=l&cat=p&typeid=i","cat":284612},{"id":110856,"n":"Pack bières blondes 8.6 8.6%vol - 4x50cl","p":5.37,"u":"2,69 €/L","img":"https://fd3-photos.leclercdrive.fr/image.ashx?id=2841601&use=l&cat=p&typeid=i","cat":334853},{"id":110857,"n":"Boisson effervescente base vin Désalcoolisé Diane D’Arria 75cl","p":2.79,"u":"3,72 €/L","img":"https://fd3-photos.leclercdrive.fr/image.ashx?id=2149728&use=l&cat=p&typeid=i","cat":289460},{"id":110858,"n":"Jus pour bébé Naturnes 6 mois Poire Banane Bio - 200ml","p":0.93,"u":"4,65 €/L","img":"https://fd3-photos.leclercdrive.fr/image.ashx?id=2406238&use=l&cat=p&typeid=i","cat":312388},{"id":110859,"n":"Bières blonde original 8.6 8.6%vol - 50cl","p":1.36,"u":"2,72 €/L","img":"https://fd3-photos.leclercdrive.fr/image.ashx?id=2112516&use=l&cat=p&typeid=i","cat":334853},{"id":110860,"n":"Petit pot légumes  Babybio Bio  4 mois 2x130g","p":2.19,"u":"8,42 €/KG","img":"https://fd3-photos.leclercdrive.fr/image.ashx?id=2857341&use=l&cat=p&typeid=i","cat":312234},{"id":110866,"n":"Cheesecake Gü Caramel salé - 2x90g","p":3.27,"u":"17,77 €/KG","img":"https://fd3-photos.leclercdrive.fr/image.ashx?id=3012664&use=l&cat=p&typeid=i","cat":284419},{"id":110884,"n":"Viande hachée Bio Yooji Dinde - 6 mois et   - 120g","p":4.57,"u":"38,08 €/KG","img":"https://fd3-photos.leclercdrive.fr/image.ashx?id=2575738&use=l&cat=p&typeid=i","cat":290631},{"id":110913,"n":"Sirop sport Grenadine - 60cl","p":2.57,"u":"4,28 €/L","img":"https://fd3-photos.leclercdrive.fr/image.ashx?id=1892348&use=l&cat=p&typeid=i","cat":295020},{"id":110927,"n":"Crème fraise des bois Giffard 16%vol - 50cl","p":5.5,"pp":4.95,"u":"9,90 €/L","img":"https://fd3-photos.leclercdrive.fr/image.ashx?id=2219663&use=l&cat=p&typeid=i","cat":286032},{"id":111029,"n":"Fromage P'tit Louis Escargolo  10 Portions - 167g","p":4.28,"u":"25,63 €/KG","img":"https://fd3-photos.leclercdrive.fr/image.ashx?id=2360221&use=l&cat=p&typeid=i","cat":314030},{"id":111085,"n":"Gourde bébé bio Babybio kiwi, Mangue, Coco 6 mois 360g","p":3.79,"u":"10,53 €/KG","img":"https://fd3-photos.leclercdrive.fr/image.ashx?id=2858237&use=l&cat=p&typeid=i","cat":312393},{"id":111207,"n":"Jenlain ambrée 75cl","p":2.83,"u":"3,77 €/L","img":"https://fd3-photos.leclercdrive.fr/image.ashx?id=2732848&use=l&cat=p&typeid=i","cat":334852},{"id":111354,"n":"Crevettes nature Assiette Bleue Décortiquées - 200g","p":6.49,"u":"32,45 €/KG","img":"https://fd3-photos.leclercdrive.fr/image.ashx?id=2399661&use=l&cat=p&typeid=i","cat":284343},{"id":111363,"n":"Allumettes Eco+ Nature - 2x100g","p":1.17,"u":"5,85 €/KG","img":"https://fd3-photos.leclercdrive.fr/image.ashx?id=2688255&use=l&cat=p&typeid=i","cat":316011},{"id":111365,"n":"Lardons Eco+ Fumés - 180g","p":1.32,"u":"7,33 €/KG","img":"https://fd3-photos.leclercdrive.fr/image.ashx?id=2805066&use=l&cat=p&typeid=i","cat":316011},{"id":111368,"n":"Lardons nature Eco+ 180g","p":1.2,"u":"6,67 €/KG","img":"https://fd3-photos.leclercdrive.fr/image.ashx?id=2809888&use=l&cat=p&typeid=i","cat":316011},{"id":111369,"n":"Allumettes Eco+ Fumées - 2x100g","p":1.18,"u":"5,90 €/KG","img":"https://fd3-photos.leclercdrive.fr/image.ashx?id=2688258&use=l&cat=p&typeid=i","cat":316011},{"id":111385,"n":"Croquette chat stérilisé Ultima Boeuf - 1.5kg","p":6.88,"u":"4,59 €/KG","img":"https://fd3-photos.leclercdrive.fr/image.ashx?id=2921903&use=l&cat=p&typeid=i","cat":284680},{"id":111414,"n":"Repas bébé Blédichef 12 mois  Spaghetti bolognaise - 230g","p":1.73,"u":"7,52 €/KG","img":"https://fd3-photos.leclercdrive.fr/image.ashx?id=2643491&use=l&cat=p&typeid=i","cat":312237},{"id":111415,"n":"Repas bébé Blédichef 12 mois Purée épinards saumon - 230g","p":1.82,"u":"7,28 €/KG","img":"https://fd3-photos.leclercdrive.fr/image.ashx?id=1710731&use=l&cat=p&typeid=i","cat":312237},{"id":111418,"n":"Repas bébé Blédichef 15 mois Risotto courgette saumon - 250g","p":1.95,"u":"7,80 €/KG","img":"https://fd3-photos.leclercdrive.fr/image.ashx?id=2643488&use=l&cat=p&typeid=i","cat":312238},{"id":111419,"n":"Repas bébé Blédichef 24 mois  Macaroni carotte boeuf - 250g","p":1.76,"u":"7,04 €/KG","img":"https://fd3-photos.leclercdrive.fr/image.ashx?id=2951593&use=l&cat=p&typeid=i","cat":312238},{"id":111420,"n":"Compotes Materne Coupelles  Pomme Nature - 12x100g","p":4.27,"u":"3,56 €/KG","img":"https://fd3-photos.leclercdrive.fr/image.ashx?id=3010867&use=l&cat=p&typeid=i","cat":284508},{"id":111422,"n":"Compotes Pom'Potes Gourdes  Pomm P. Frais P. Framb - 32x90g","p":12.38,"u":"4,30 €/KG","img":"https://fd3-photos.leclercdrive.fr/image.ashx?id=2870182&use=l&cat=p&typeid=i","cat":284508},{"id":111423,"n":"Compotes Materne Coupelles  Multivariétés Jaunes - 12x100g","p":4.47,"u":"3,73 €/KG","img":"https://fd3-photos.leclercdrive.fr/image.ashx?id=3012191&use=l&cat=p&typeid=i","cat":284508},{"id":111424,"n":"Repas bébé Blédichef 12 mois  Hachis parmentier - 230g","p":1.67,"u":"7,26 €/KG","img":"https://fd3-photos.leclercdrive.fr/image.ashx?id=2478571&use=l&cat=p&typeid=i","cat":312237},{"id":111425,"n":"Chips lentilles Vico Fines herbes - 85g","p":1.57,"u":"18,47 €/KG","img":"https://fd3-photos.leclercdrive.fr/image.ashx?id=3000096&use=l&cat=p&typeid=i","cat":284447},{"id":111426,"n":"Chips lentille Vico Tomate mozzarella - 85g","p":1.79,"u":"21,06 €/KG","img":"https://fd3-photos.leclercdrive.fr/image.ashx?id=2989255&use=l&cat=p&typeid=i","cat":284447},{"id":111430,"n":"Compotes Materne Coupelles  Multivariétés Rouges - 12x100g","p":4.39,"u":"3,66 €/KG","img":"https://fd3-photos.leclercdrive.fr/image.ashx?id=3010870&use=l&cat=p&typeid=i","cat":284508},{"id":111432,"n":"Plat bébé soir Blédichef 15mois Pomme de terre chou fleur -250g","p":1.91,"u":"7,64 €/KG","img":"https://fd3-photos.leclercdrive.fr/image.ashx?id=2479018&use=l&cat=p&typeid=i","cat":312239},{"id":111433,"n":"Repas bébé Blédichef 18 mois  Paëlla - 250g","p":1.67,"u":"6,68 €/KG","img":"https://fd3-photos.leclercdrive.fr/image.ashx?id=2951587&use=l&cat=p&typeid=i","cat":312238},{"id":111435,"n":"Repas bébé Blédichef 18 mois  Ratatouille poulet - 250g","p":1.82,"u":"7,28 €/KG","img":"https://fd3-photos.leclercdrive.fr/image.ashx?id=2951596&use=l&cat=p&typeid=i","cat":312238},{"id":111437,"n":"Sauce Pesto Rustico Barilla Basilic et Courgette - 200g","p":2.93,"u":"14,65 €/KG","img":"https://fd3-photos.leclercdrive.fr/image.ashx?id=2368402&use=l&cat=p&typeid=i","cat":287599},{"id":111448,"n":"Snack Bio Village Lentilles bio - 60g","p":2.04,"u":"34,00 €/KG","img":"https://fd3-photos.leclercdrive.fr/image.ashx?id=1709361&use=l&cat=p&typeid=i","cat":284449},{"id":111449,"n":"Snack Bio Village Pois chiches bio - 60g","p":2.04,"u":"34,00 €/KG","img":"https://fd3-photos.leclercdrive.fr/image.ashx?id=1709364&use=l&cat=p&typeid=i","cat":284449},{"id":111454,"n":"Céréales Babybio Bio Dès 6 mois Céréales 3 fruits - 220g","p":3.96,"u":"18,00 €/KG","img":"https://fd3-photos.leclercdrive.fr/image.ashx?id=2837754&use=l&cat=p&typeid=i","cat":312225},{"id":111455,"n":"Pot bébé truite 6-9mois Babybio Carotte potimarron bio - 2x200g","p":3.43,"u":"8,58 €/KG","img":"https://fd3-photos.leclercdrive.fr/image.ashx?id=2857344&use=l&cat=p&typeid=i","cat":312236},{"id":111462,"n":"Thé vert Sencha Bio Pages 20 sachets - 36g","p":2.51,"u":"69,72 €/KG","img":"https://fd3-photos.leclercdrive.fr/image.ashx?id=2751093&use=l&cat=p&typeid=i","cat":293233},{"id":111464,"n":"Thé vert Bio Pages Citron Vert - 20 sachets - 36g","p":2.51,"u":"69,72 €/KG","img":"https://fd3-photos.leclercdrive.fr/image.ashx?id=2751102&use=l&cat=p&typeid=i","cat":293233},{"id":111525,"n":"Colle Super Glue 3 Loctite Précision - 5g","p":5.27,"img":"https://fd3-photos.leclercdrive.fr/image.ashx?id=2020281&use=l&cat=p&typeid=i","cat":300576},{"id":111587,"n":"Café dosettes Tassimo L'Or XL Classique x16","p":5.36,"u":"39,41 €/KG","img":"https://fd3-photos.leclercdrive.fr/image.ashx?id=2100308&use=l&cat=p&typeid=i","cat":293240},{"id":111590,"n":"Capsules café L'Or Espresso Lungo Mattinata N°5 x10","p":3.84,"u":"73,85 €/KG","img":"https://fd3-photos.leclercdrive.fr/image.ashx?id=3002309&use=l&cat=p&typeid=i","cat":284749},{"id":111607,"n":"Café capsules Illy Espresso Intense - x10 - 57g","p":4.99,"u":"87,54 €/KG","img":"https://fd3-photos.leclercdrive.fr/image.ashx?id=1754920&use=l&cat=p&typeid=i","cat":284749},{"id":111695,"n":"Boisson lactée  Bio Candy'UP Chocolat - 4x20cl","p":2.67,"u":"3,34 €/L","img":"https://fd3-photos.leclercdrive.fr/image.ashx?id=1984945&use=l&cat=p&typeid=i","cat":295246},{"id":111749,"n":"Dés de fromage aux noix Petit Marché - 120g","p":2.95,"u":"24,58 €/KG","img":"https://fd3-photos.leclercdrive.fr/image.ashx?id=2511558&use=l&cat=p&typeid=i","cat":314027},{"id":111785,"n":"Soda Pepsi Cola cerise sans sucres - 1.5L","p":1.8,"u":"1,20 €/L","img":"https://fd3-photos.leclercdrive.fr/image.ashx?id=2734924&use=l&cat=p&typeid=i","cat":284530},{"id":111828,"n":"Compote Charles & Alice Pommes Framboises - 4x100g","p":1.73,"u":"4,33 €/KG","img":"https://fd3-photos.leclercdrive.fr/image.ashx?id=2757341&use=l&cat=p&typeid=i","cat":284416},{"id":111829,"n":"Compote Charles & Alice Pommes Fraises - 4x100g","p":1.75,"u":"4,38 €/KG","img":"https://fd3-photos.leclercdrive.fr/image.ashx?id=2757338&use=l&cat=p&typeid=i","cat":284416},{"id":111893,"n":"Crème anti-crevasses Primoplast Talons - 60ml","p":2.89,"u":"48,17 €/L","img":"https://fd3-photos.leclercdrive.fr/image.ashx?id=2856567&use=l&cat=p&typeid=i","cat":325354},{"id":111894,"n":"Coloration Perfect Mousse  Schwarzkopf - 668 noisette","p":7.22,"img":"https://fd3-photos.leclercdrive.fr/image.ashx?id=2856709&use=l&cat=p&typeid=i","cat":288899},{"id":111895,"n":"Coloration Perfect Mousse Schwarzkopf - 500 châtain","p":7.19,"img":"https://fd3-photos.leclercdrive.fr/image.ashx?id=2970882&use=l&cat=p&typeid=i","cat":288899},{"id":111896,"n":"Coloration Perfect Mousse Schwarzkopf - 200 noir","p":6.48,"img":"https://fd3-photos.leclercdrive.fr/image.ashx?id=2970885&use=l&cat=p&typeid=i","cat":288899},{"id":111898,"n":"Coloration permanente Garnier Châtain foncé pur 3.0 Olia","p":8.52,"u":"71,00 €/L","img":"https://fd3-photos.leclercdrive.fr/image.ashx?id=2323619&use=l&cat=p&typeid=i","cat":288899},{"id":111900,"n":"Coloration Permanente Olia 4.0 Chatain Pur sans ammoniaque","p":8.54,"img":"https://fd3-photos.leclercdrive.fr/image.ashx?id=2471319&use=l&cat=p&typeid=i","cat":288899},{"id":111901,"n":"Coloration Permanente Olia 4.15 Marron Glacé","p":8.39,"img":"https://fd3-photos.leclercdrive.fr/image.ashx?id=2471322&use=l&cat=p&typeid=i","cat":288899},{"id":111902,"n":"Coloration Permanente Olia 5.0 Chatain Clair","p":8.45,"img":"https://fd3-photos.leclercdrive.fr/image.ashx?id=2471325&use=l&cat=p&typeid=i","cat":288899},{"id":111906,"n":"Déodorant compressé Ushuaïa Grenade - 100ml","p":3.08,"u":"30,80 €/L","img":"https://fd3-photos.leclercdrive.fr/image.ashx?id=2474608&use=l&cat=p&typeid=i","cat":284595},{"id":111910,"n":"Gommage tube Manava 150ml","p":1.99,"u":"13,27 €/L","img":"https://fd3-photos.leclercdrive.fr/image.ashx?id=2515691&use=l&cat=p&typeid=i","cat":284594},{"id":111911,"n":"Crème anti-rides Bionaïa Bio - 50ml","p":5.59,"u":"111,80 €/L","img":"https://fd3-photos.leclercdrive.fr/image.ashx?id=2436702&use=l&cat=p&typeid=i","cat":325345},{"id":111914,"n":"Bière ambrée Grimbergen 6,5° - 12x25cl","p":9.72,"u":"3,24 €/L","img":"https://fd3-photos.leclercdrive.fr/image.ashx?id=2294378&use=l&cat=p&typeid=i","cat":334852},{"id":111916,"n":"Shampooing Nat&Nove Bio Cheveux gras - 250ml","p":4.35,"u":"17,40 €/L","img":"https://fd3-photos.leclercdrive.fr/image.ashx?id=2520389&use=l&cat=p&typeid=i","cat":284606},{"id":111921,"n":"Dessert végétal soja Alpro Mangue sans sucres - 400g","p":2.36,"u":"5,90 €/KG","img":"https://fd3-photos.leclercdrive.fr/image.ashx?id=2976086&use=l&cat=p&typeid=i","cat":316071},{"id":111937,"n":"Dentifrice Blancheur Sensodyne Répare/Protège - 75ml","p":4.47,"u":"59,60 €/L","img":"https://fd3-photos.leclercdrive.fr/image.ashx?id=2555814&use=l&cat=p&typeid=i","cat":284612},{"id":111972,"n":"Serviettes Discreet Tena Lady Extra Plus - x16","p":6.55,"u":"0,41 €/P","img":"https://fd3-photos.leclercdrive.fr/image.ashx?id=2597250&use=l&cat=p&typeid=i","cat":284628},{"id":111986,"n":"Repas bébé Blédichef 12 mois  Ratatouille duo poissons - 230g","p":2.03,"u":"8,83 €/KG","img":"https://fd3-photos.leclercdrive.fr/image.ashx?id=2852366&use=l&cat=p&typeid=i","cat":312237},{"id":111987,"n":"Repas bébé Blédichef 18 mois  Pâtes boeuf bourguignon - 250g","p":1.94,"u":"7,76 €/KG","img":"https://fd3-photos.leclercdrive.fr/image.ashx?id=2643746&use=l&cat=p&typeid=i","cat":312238},{"id":111988,"n":"Plat bébé soir Blédichef 18mois Pâtes carotte - 250g","p":1.77,"u":"7,08 €/KG","img":"https://fd3-photos.leclercdrive.fr/image.ashx?id=2479024&use=l&cat=p&typeid=i","cat":312239},{"id":111989,"n":"Plat bébé soir Blédichef 12mois Semoule carotte - 230g","p":1.71,"u":"7,43 €/KG","img":"https://fd3-photos.leclercdrive.fr/image.ashx?id=2852363&use=l&cat=p&typeid=i","cat":312239},{"id":111990,"n":"Plat bébé soir Blédichef 18mois Pâtes épinards carotte - 250g","p":2.07,"u":"8,28 €/KG","img":"https://fd3-photos.leclercdrive.fr/image.ashx?id=2479027&use=l&cat=p&typeid=i","cat":312239},{"id":111991,"n":"Repas bébé Blédichef 18 mois  Légumes volaille basquaise-250g","p":1.76,"u":"7,04 €/KG","img":"https://fd3-photos.leclercdrive.fr/image.ashx?id=2852369&use=l&cat=p&typeid=i","cat":312238},{"id":111997,"n":"Culottes Drynites Disney Garçon 3-5ans 16-23kg - x16","p":19.16,"u":"1,20 €/P","img":"https://fd3-photos.leclercdrive.fr/image.ashx?id=2047592&use=l&cat=p&typeid=i","cat":290633},{"id":112025,"n":"Fromage St Marcellin IGP 25%mg NRT - 80g","p":1.59,"u":"19,88 €/KG","img":"https://fd3-photos.leclercdrive.fr/image.ashx?id=2174738&use=l&cat=p&typeid=i","cat":329558},{"id":112026,"n":"Fromage Saint Félicien Dauphine NRT - 180g","p":2.65,"u":"14,72 €/KG","img":"https://fd3-photos.leclercdrive.fr/image.ashx?id=2600617&use=l&cat=p&typeid=i","cat":329558},{"id":112125,"n":"Crème nutritive nuit So'bio Précieux Argan bio  - 50ml","p":10.87,"u":"217,40 €/L","img":"https://fd3-photos.leclercdrive.fr/image.ashx?id=2990715&use=l&cat=p&typeid=i","cat":325345},{"id":112126,"n":"Crème rose jour So'Bio Etic Précieux Argan bio - 50ml","p":10.83,"u":"216,60 €/L","img":"https://fd3-photos.leclercdrive.fr/image.ashx?id=2792687&use=l&cat=p&typeid=i","cat":325345},{"id":112153,"n":"Planta Fin Cuisson 79%MG - 500ml","p":2.55,"u":"5,10 €/L","img":"https://fd3-photos.leclercdrive.fr/image.ashx?id=2793083&use=l&cat=p&typeid=i","cat":315229},{"id":112163,"n":"Bière blonde 8.6 I.P.L  Blonde - 50cl","p":1.77,"u":"3,54 €/L","img":"https://fd3-photos.leclercdrive.fr/image.ashx?id=2677618&use=l&cat=p&typeid=i","cat":334853},{"id":112210,"n":"Bière blonde Affligem 6x25cl","p":5.28,"u":"3,52 €/L","img":"https://fd3-photos.leclercdrive.fr/image.ashx?id=2530323&use=l&cat=p&typeid=i","cat":334852},{"id":112211,"n":"Bière blonde Affligem Cuvée légère 4.6° - 6x25cl","p":4.89,"u":"3,26 €/L","img":"https://fd3-photos.leclercdrive.fr/image.ashx?id=2672017&use=l&cat=p&typeid=i","cat":334852},{"id":112254,"n":"Muffins Milka x2 - 220g","p":3.83,"u":"8,70 €/KG","img":"https://fd3-photos.leclercdrive.fr/image.ashx?id=1728918&use=l&cat=p&typeid=i","cat":284984},{"id":112285,"n":"Terreau Beaux Jours Universel - 20L","p":2.99,"u":"0,15 €/L","img":"https://fd3-photos.leclercdrive.fr/image.ashx?id=1723039&use=l&cat=p&typeid=i","cat":335919},{"id":112288,"n":"Coton Bocoton bio Maxi ovales - x40","p":1.4,"u":"0,04 €/P","img":"https://fd3-photos.leclercdrive.fr/image.ashx?id=2480307&use=l&cat=p&typeid=i","cat":284636},{"id":112291,"n":"Yaourt protéiné Hipro Myrtille 0%mg - 2x160g","p":2.1,"u":"6,56 €/KG","img":"https://fd3-photos.leclercdrive.fr/image.ashx?id=2800285&use=l&cat=p&typeid=i","cat":315000},{"id":112330,"n":"Sauce soja sucre Kikkoman Carafe - 150ml","p":4.47,"u":"29,80 €/L","img":"https://fd3-photos.leclercdrive.fr/image.ashx?id=2536293&use=l&cat=p&typeid=i","cat":288992},{"id":112335,"n":"Sauce soja carafe Kikkoman 150ml","p":4.42,"u":"29,47 €/L","img":"https://fd3-photos.leclercdrive.fr/image.ashx?id=2536290&use=l&cat=p&typeid=i","cat":288992},{"id":112394,"n":"Gazpacho Alvalle 50 cl","p":2.38,"u":"4,76 €/L","img":"https://fd3-photos.leclercdrive.fr/image.ashx?id=2672533&use=l&cat=p&typeid=i","cat":287365},{"id":112412,"n":"Huile OPTIMA Tramier  Biologique 1l","p":6.58,"u":"6,58 €/L","img":"https://fd3-photos.leclercdrive.fr/image.ashx?id=2890472&use=l&cat=p&typeid=i","cat":284453},{"id":112471,"n":"Mousse Danette  Chocolat - 4x60g","p":1.69,"u":"7,04 €/KG","img":"https://fd3-photos.leclercdrive.fr/image.ashx?id=2964923&use=l&cat=p&typeid=i","cat":284417},{"id":112503,"n":"Baume de nuit La Provençale Bio Anti-Âge regénérant - 50ml","p":7.72,"u":"154,40 €/L","img":"https://fd3-photos.leclercdrive.fr/image.ashx?id=2950360&use=l&cat=p&typeid=i","cat":325345},{"id":112583,"n":"Biscuits Milka Chocolat au lait - 150g","p":2.37,"u":"15,80 €/KG","img":"https://fd3-photos.leclercdrive.fr/image.ashx?id=2347326&use=l&cat=p&typeid=i","cat":284488},{"id":112662,"n":"Vin mousseux Charles Volner Soirée blanche - 75cl","p":4.9,"pp":3.23,"u":"4,31 €/L","img":"https://fd3-photos.leclercdrive.fr/image.ashx?id=1727814&use=l&cat=p&typeid=i","cat":284544},{"id":112695,"n":"Gianduiotti chocolat Novi 160g","p":5.06,"u":"31,63 €/KG","img":"https://fd3-photos.leclercdrive.fr/image.ashx?id=2615155&use=l&cat=p&typeid=i","cat":327595},{"id":112698,"n":"yaourt bifidus activia muesli quinoa amande chia -170g","p":1.97,"u":"11,59 €/KG","img":"https://fd3-photos.leclercdrive.fr/image.ashx?id=2965885&use=l&cat=p&typeid=i","cat":315000},{"id":112699,"n":"yaourt bifidus activia muesli framboise chia - 170g","p":1.98,"u":"11,65 €/KG","img":"https://fd3-photos.leclercdrive.fr/image.ashx?id=2965888&use=l&cat=p&typeid=i","cat":315000},{"id":112728,"n":"Coffret Mini feuilletés Blini Sapin - x32","p":5.3,"u":"0,17 €/P","img":"https://fd3-photos.leclercdrive.fr/image.ashx?id=2023847&use=l&cat=p&typeid=i","cat":319774},{"id":112739,"n":"Mi-chaussette unie coton Dim 5 paires homme - 39/42","p":10.5,"u":"2,10 €/P","img":"https://fd3-photos.leclercdrive.fr/image.ashx?id=2156050&use=l&cat=p&typeid=i","cat":334130},{"id":112742,"n":"Mi-chaussette unie coton Dim 5 paires homme - 43/46","p":10.5,"u":"2,10 €/P","img":"https://fd3-photos.leclercdrive.fr/image.ashx?id=2156053&use=l&cat=p&typeid=i","cat":334130},{"id":112761,"n":"Kid Smile McCain 850g","p":2.92,"u":"3,44 €/KG","img":"https://fd3-photos.leclercdrive.fr/image.ashx?id=2745802&use=l&cat=p&typeid=i","cat":319792},{"id":112764,"n":"Potatoes aux herbes McCain Country Potatoes - 780g","p":2.68,"u":"3,44 €/KG","img":"https://fd3-photos.leclercdrive.fr/image.ashx?id=2973342&use=l&cat=p&typeid=i","cat":319791},{"id":112792,"n":"Cassoulet William Saurin  2x840g","p":5.01,"u":"2,98 €/KG","img":"https://fd3-photos.leclercdrive.fr/image.ashx?id=2298514&use=l&cat=p&typeid=i","cat":284440},{"id":112806,"n":"Soupe Liquide Liebig  10 Légumes & Crème fraiche - 1L","p":2.32,"u":"2,32 €/L","img":"https://fd3-photos.leclercdrive.fr/image.ashx?id=2941484&use=l&cat=p&typeid=i","cat":284462},{"id":112807,"n":"Soupe liquide Liebig  Légumes et vermicelles - 2x30cl","p":2.2,"u":"3,67 €/L","img":"https://fd3-photos.leclercdrive.fr/image.ashx?id=2164075&use=l&cat=p&typeid=i","cat":284462},{"id":112808,"n":"Soupe liquide Liebig légumes Et vermicelles - Brique 1L","p":2.16,"u":"2,16 €/L","img":"https://fd3-photos.leclercdrive.fr/image.ashx?id=2892142&use=l&cat=p&typeid=i","cat":284462},{"id":112811,"n":"Gel Lave-Vaisselle Sun Tout-en-1 Citron 52 Lavages","p":7.9,"u":"8,78 €/L","img":"https://fd3-photos.leclercdrive.fr/image.ashx?id=2356268&use=l&cat=p&typeid=i","cat":284656},{"id":112842,"n":"Boisson lactée Danao Pomme Fruits exotiques - 900ml","p":2.88,"u":"3,20 €/L","img":"https://fd3-photos.leclercdrive.fr/image.ashx?id=2126409&use=l&cat=p&typeid=i","cat":295246},{"id":112845,"n":"Boisson lactée Danao Mangue - 900ml","p":3.07,"u":"3,41 €/L","img":"https://fd3-photos.leclercdrive.fr/image.ashx?id=2284682&use=l&cat=p&typeid=i","cat":295246},{"id":112933,"n":"Soupe liquide brique Liebig  Mouliné Légumes d'hiver 2x30cl","p":2.32,"u":"3,87 €/L","img":"https://fd3-photos.leclercdrive.fr/image.ashx?id=2369918&use=l&cat=p&typeid=i","cat":284462},{"id":112947,"n":"Tablette de Chocolat Côte d'Or Praliné lait cajou amande 200g","p":4.2,"u":"21,00 €/KG","img":"https://fd3-photos.leclercdrive.fr/image.ashx?id=2957773&use=l&cat=p&typeid=i","cat":284497},{"id":113020,"n":"Cerises noires au sirop Beyer 350g","p":3.39,"u":"9,69 €/KG","img":"https://fd3-photos.leclercdrive.fr/image.ashx?id=2761492&use=l&cat=p&typeid=i","cat":284507},{"id":113052,"n":"Confiture Bonne Maman Cerise intense - 335g","p":2.47,"u":"7,37 €/KG","img":"https://fd3-photos.leclercdrive.fr/image.ashx?id=2341023&use=l&cat=p&typeid=i","cat":284480},{"id":113108,"n":"Tartine Grilletine de Pasquier Froment - x18 - 242g","p":1.64,"u":"6,78 €/KG","img":"https://fd3-photos.leclercdrive.fr/image.ashx?id=2333060&use=l&cat=p&typeid=i","cat":284479},{"id":113110,"n":"Tartine Grilletine de Pasquier Blé complet - x18 - 242g","p":1.61,"u":"6,65 €/KG","img":"https://fd3-photos.leclercdrive.fr/image.ashx?id=2333063&use=l&cat=p&typeid=i","cat":284479},{"id":113127,"n":"Groseilles Panier du Primeur 125g","p":2.89,"u":"23,12 €/KG","img":"https://fd3-photos.leclercdrive.fr/image.ashx?id=2365487&use=l&cat=p&typeid=i","cat":284356},{"id":113128,"n":"Mûre Panier du Primeur 125g","p":3.49,"u":"27,92 €/KG","img":"https://fd3-photos.leclercdrive.fr/image.ashx?id=2365490&use=l&cat=p&typeid=i","cat":284356},{"id":113163,"n":"Framboises Panier du Primeur 125g","p":2.49,"u":"19,92 €/KG","img":"https://fd3-photos.leclercdrive.fr/image.ashx?id=2843800&use=l&cat=p&typeid=i","cat":284356},{"id":113232,"n":"AOP fromage Mont d'Or Badoz Baby 1 pièce","p":9.73,"img":"https://fd3-photos.leclercdrive.fr/image.ashx?id=2397962&use=l&cat=p&typeid=i","cat":314037},{"id":113233,"n":"Fromage Mont d'Or Badoz AOP Moyen 1 pièce","p":13.25,"img":"https://fd3-photos.leclercdrive.fr/image.ashx?id=2397959&use=l&cat=p&typeid=i","cat":314037},{"id":113234,"n":"Fromage Mont d'Or AOP Badoz Familial - 1 pièce","p":23.95,"img":"https://fd3-photos.leclercdrive.fr/image.ashx?id=2775720&use=l&cat=p&typeid=i","cat":314037},{"id":113262,"n":"Déodorant bille bio N.A.E Rafraichissant - 50ml","p":4.33,"u":"86,60 €/L","img":"https://fd3-photos.leclercdrive.fr/image.ashx?id=1864797&use=l&cat=p&typeid=i","cat":284595},{"id":113287,"n":"Bière Ambree Jenlain 6x25cl","p":5.73,"u":"3,82 €/L","img":"https://fd3-photos.leclercdrive.fr/image.ashx?id=2504677&use=l&cat=p&typeid=i","cat":334852},{"id":113292,"n":"Boisson énergisante Monster Energy Punch Pipeline - 50CL","p":1.57,"u":"3,14 €/L","img":"https://fd3-photos.leclercdrive.fr/image.ashx?id=2207436&use=l&cat=p&typeid=i","cat":284533},{"id":113352,"n":"Serviettes Discreet Tena Lady Megapack - Normal - x30","p":6.94,"u":"0,23 €/P","img":"https://fd3-photos.leclercdrive.fr/image.ashx?id=2975440&use=l&cat=p&typeid=i","cat":284628},{"id":113470,"n":"AOP Pinot Gris Vin blanc Wolfberger Vieilles Vignes-75cl","p":8.48,"u":"11,31 €/L","img":"https://fd3-photos.leclercdrive.fr/image.ashx?id=2831846&use=l&cat=p&typeid=i","cat":289557},{"id":113632,"n":"Piles Duracell LR44 - x4","p":5.48,"u":"1,37 €/P","img":"https://fd3-photos.leclercdrive.fr/image.ashx?id=2328631&use=l&cat=p&typeid=i","cat":300572},{"id":113641,"n":"Bolino Italie tomates Maggi Mozzarella - 69g","p":1.97,"u":"28,55 €/KG","img":"https://fd3-photos.leclercdrive.fr/image.ashx?id=2866079&use=l&cat=p&typeid=i","cat":284953},{"id":113663,"n":"Culottes Taille L Tena Plus Night - x12","p":13.74,"u":"1,15 €/P","img":"https://fd3-photos.leclercdrive.fr/image.ashx?id=1868299&use=l&cat=p&typeid=i","cat":284628},{"id":113670,"n":"Soupe nouilles cup Yum Yum Saveur légumes - 70g","p":0.95,"u":"13,57 €/KG","img":"https://fd3-photos.leclercdrive.fr/image.ashx?id=1748324&use=l&cat=p&typeid=i","cat":288992},{"id":113680,"n":"Brioche tressée Nature Harrys Sucre perlé sans additif - 500g","p":2.87,"u":"5,74 €/KG","img":"https://fd3-photos.leclercdrive.fr/image.ashx?id=2503013&use=l&cat=p&typeid=i","cat":284478},{"id":113686,"n":"Tablette de chocolat noir Lindt Citron Gingembre - 100g","p":2.46,"u":"24,60 €/KG","img":"https://fd3-photos.leclercdrive.fr/image.ashx?id=2956996&use=l&cat=p&typeid=i","cat":284956},{"id":113711,"n":"Filets de cabillaud Findus MSC - 600g","p":14.97,"u":"24,95 €/KG","img":"https://fd3-photos.leclercdrive.fr/image.ashx?id=2735350&use=l&cat=p&typeid=i","cat":319786},{"id":113732,"n":"Lames de rasoir Bulldog 4 recharges - 5 lames","p":10.71,"img":"https://fd3-photos.leclercdrive.fr/image.ashx?id=1733158&use=l&cat=p&typeid=i","cat":284616},{"id":113743,"n":"Tenders Maître Coq Filet de poulet crusty - 380g","p":5.97,"u":"15,71 €/KG","img":"https://fd3-photos.leclercdrive.fr/image.ashx?id=2773412&use=l&cat=p&typeid=i","cat":333684},{"id":113756,"n":"Fromage blanc Calin Nature - 3,2%MG - 1kg","p":3.16,"u":"3,16 €/KG","img":"https://fd3-photos.leclercdrive.fr/image.ashx?id=2973727&use=l&cat=p&typeid=i","cat":284409},{"id":113760,"n":"Sirop la maison Guiot Pastèque - 70cl","p":3.23,"u":"4,61 €/L","img":"https://fd3-photos.leclercdrive.fr/image.ashx?id=2857144&use=l&cat=p&typeid=i","cat":295020},{"id":113771,"n":"Shirataki Gayelord Hauser Konjac avoine - 150g","p":1.9,"u":"12,67 €/KG","img":"https://fd3-photos.leclercdrive.fr/image.ashx?id=2156809&use=l&cat=p&typeid=i","cat":318652},{"id":113773,"n":"Tagliatelle Gayelord Hauser Sans rinçage, Konjac - 160g","p":1.94,"u":"12,13 €/KG","img":"https://fd3-photos.leclercdrive.fr/image.ashx?id=2827086&use=l&cat=p&typeid=i","cat":318652},{"id":113774,"n":"Assiette riz Bio Village Bio Légumes vert  12 mois 230g","p":1.45,"u":"6,30 €/KG","img":"https://fd3-photos.leclercdrive.fr/image.ashx?id=2900205&use=l&cat=p&typeid=i","cat":312237},{"id":113775,"n":"Assiette bio Bio Village Panais carotte riz 12 mois 230g","p":1.45,"u":"6,30 €/KG","img":"https://fd3-photos.leclercdrive.fr/image.ashx?id=2900208&use=l&cat=p&typeid=i","cat":312237},{"id":113776,"n":"Assiette pâtes bio Bio Village Epinard carotte 15 mois - 250g","p":1.75,"u":"7,00 €/KG","img":"https://fd3-photos.leclercdrive.fr/image.ashx?id=2900211&use=l&cat=p&typeid=i","cat":312238},{"id":113777,"n":"Assiette Bio Village Carotte pâtes 18 mois bio 260g","p":1.85,"u":"7,12 €/KG","img":"https://fd3-photos.leclercdrive.fr/image.ashx?id=2900214&use=l&cat=p&typeid=i","cat":312238},{"id":113779,"n":"Assiette bio Bio Village Haricot vert dinde 12 mois 230g","p":1.45,"u":"6,30 €/KG","img":"https://fd3-photos.leclercdrive.fr/image.ashx?id=2900217&use=l&cat=p&typeid=i","cat":312237},{"id":113783,"n":"Assiette bio Bio Village Hachis parmentier 12 mois 230g","p":1.45,"u":"6,30 €/KG","img":"https://fd3-photos.leclercdrive.fr/image.ashx?id=2900220&use=l&cat=p&typeid=i","cat":312237},{"id":113786,"n":"Assiette Tajine Bio Village Bio  15 mois 250g","p":1.85,"u":"7,40 €/KG","img":"https://fd3-photos.leclercdrive.fr/image.ashx?id=2878756&use=l&cat=p&typeid=i","cat":312238},{"id":113787,"n":"Assiette pâtes bio Bio Village Légumes saumon 18 mois 260g","p":1.95,"u":"7,50 €/KG","img":"https://fd3-photos.leclercdrive.fr/image.ashx?id=2900232&use=l&cat=p&typeid=i","cat":312238},{"id":113789,"n":"Assiette bio Bio Village Pot au feu - 18 mois - 260g","p":1.89,"u":"7,27 €/KG","img":"https://fd3-photos.leclercdrive.fr/image.ashx?id=2900235&use=l&cat=p&typeid=i","cat":312238},{"id":113790,"n":"Assiette 12 mois Bio Village Spaghetti bolognaise bio - 230g","p":1.59,"u":"6,91 €/KG","img":"https://fd3-photos.leclercdrive.fr/image.ashx?id=2900238&use=l&cat=p&typeid=i","cat":312237},{"id":113792,"n":"Assiette bio 15mois Bio Village Legumes volaille basquaise 250g","p":1.79,"u":"7,16 €/KG","img":"https://fd3-photos.leclercdrive.fr/image.ashx?id=2900244&use=l&cat=p&typeid=i","cat":312238},{"id":113793,"n":"Assiette bio Bio Village Carotte boeuf pdt 15mois 250g","p":1.85,"u":"7,40 €/KG","img":"https://fd3-photos.leclercdrive.fr/image.ashx?id=2900241&use=l&cat=p&typeid=i","cat":312238},{"id":113794,"n":"Assiette bio Bio Village Tomate aubergine 18 mois 260g","p":1.85,"u":"7,12 €/KG","img":"https://fd3-photos.leclercdrive.fr/image.ashx?id=2900247&use=l&cat=p&typeid=i","cat":312238},{"id":113796,"n":"Bol lentille corail Bio Village Dès 8 mois bio - 2x200g","p":2.49,"u":"6,23 €/KG","img":"https://fd3-photos.leclercdrive.fr/image.ashx?id=2704795&use=l&cat=p&typeid=i","cat":312239},{"id":113803,"n":"IGP Terres du midi vin rosé  Prieur Barsanne 12% vol - 75cl","p":2.99,"u":"3,99 €/L","img":"https://fd3-photos.leclercdrive.fr/image.ashx?id=2905925&use=l&cat=p&typeid=i","cat":289558},{"id":113808,"n":"Crème dessert La Laitière Pot de crème vanille - 4x100g","p":2.52,"u":"6,30 €/KG","img":"https://fd3-photos.leclercdrive.fr/image.ashx?id=2875969&use=l&cat=p&typeid=i","cat":285041},{"id":113811,"n":"Crème dessert La Laitière Pot de crème chocolat - 4x100g","p":2.23,"u":"5,58 €/KG","img":"https://fd3-photos.leclercdrive.fr/image.ashx?id=2875966&use=l&cat=p&typeid=i","cat":285041},{"id":113813,"n":"Crème dessert La Laitière Pot de crème café - 4x100g","p":2.65,"u":"6,63 €/KG","img":"https://fd3-photos.leclercdrive.fr/image.ashx?id=2875963&use=l&cat=p&typeid=i","cat":285041},{"id":113851,"n":"100% pur Jus bio Bio Village Petit-déjeuner  - 1L","p":2.87,"u":"2,87 €/L","img":"https://fd3-photos.leclercdrive.fr/image.ashx?id=2901566&use=l&cat=p&typeid=i","cat":284521},{"id":113853,"n":"Vin d'Espagne blanc Sauvignon Bio Adrien Champaud - BIB 3L","p":8.99,"u":"3,00 €/L","img":"https://fd3-photos.leclercdrive.fr/image.ashx?id=2960571&use=l&cat=p&typeid=i","cat":289560},{"id":113855,"n":"Boisson thé Fresh Tea Pêche abricot - 1.5L","p":1.82,"u":"1,21 €/L","img":"https://fd3-photos.leclercdrive.fr/image.ashx?id=2622281&use=l&cat=p&typeid=i","cat":295019},{"id":113969,"n":"Thon Albacore Le Savoureux Entier à l'Huile d'Olive - 80g","p":1.87,"u":"23,38 €/KG","img":"https://fd3-photos.leclercdrive.fr/image.ashx?id=2167919&use=l&cat=p&typeid=i","cat":303867},{"id":113971,"n":"Huile d'Olive Puget 25cl","p":3.4,"u":"13,60 €/L","img":"https://fd3-photos.leclercdrive.fr/image.ashx?id=2343297&use=l&cat=p&typeid=i","cat":284453},{"id":113973,"n":"Biscuits Baiocchi Mulino Bianco Chocolat noisette - 260g","p":2.78,"u":"10,69 €/KG","img":"https://fd3-photos.leclercdrive.fr/image.ashx?id=2787968&use=l&cat=p&typeid=i","cat":284488},{"id":113980,"n":"Café dosettes Tassimo Grand-mère - Expresso x16","p":4.17,"u":"40,10 €/KG","img":"https://fd3-photos.leclercdrive.fr/image.ashx?id=1749617&use=l&cat=p&typeid=i","cat":293240},{"id":114017,"n":"Bière blonde Heineken 5%vol - 12x33cl","p":10.53,"u":"2,66 €/L","img":"https://fd3-photos.leclercdrive.fr/image.ashx?id=3008125&use=l&cat=p&typeid=i","cat":334853},{"id":114018,"n":"Bière blonde Heineken 5%vol - Boite 4x50cl","p":4.4,"u":"2,20 €/L","img":"https://fd3-photos.leclercdrive.fr/image.ashx?id=3008122&use=l&cat=p&typeid=i","cat":334853},{"id":114023,"n":"Thon au naturel Petit Navire Démarche Responsable - 280g","p":5.06,"u":"18,07 €/KG","img":"https://fd3-photos.leclercdrive.fr/image.ashx?id=2909974&use=l&cat=p&typeid=i","cat":303867},{"id":114047,"n":"Plat bébé soir Blédichef 12mois Macaroni courgette - 2x230g","p":3.15,"u":"6,85 €/KG","img":"https://fd3-photos.leclercdrive.fr/image.ashx?id=2560690&use=l&cat=p&typeid=i","cat":312239},{"id":114091,"n":"Lait corps satinant Inell 250ml","p":2.5,"u":"10,00 €/L","img":"https://fd3-photos.leclercdrive.fr/image.ashx?id=2691697&use=l&cat=p&typeid=i","cat":325349},{"id":114092,"n":"Brosse à dents bambou Dentamyl Médium - 1 pièce","p":1.95,"img":"https://fd3-photos.leclercdrive.fr/image.ashx?id=2783495&use=l&cat=p&typeid=i","cat":284614},{"id":114093,"n":"Brosse à dents bambou Dentamyl Souple - 1 pièce","p":1.95,"img":"https://fd3-photos.leclercdrive.fr/image.ashx?id=2790997&use=l&cat=p&typeid=i","cat":284614},{"id":114095,"n":"Mouchoirs blancs 3 plis Caresse Boîte - x150","p":1.65,"u":"0,01 €/P","img":"https://fd3-photos.leclercdrive.fr/image.ashx?id=2779298&use=l&cat=p&typeid=i","cat":284638},{"id":114096,"n":"Culotte Chorys Taille XL - x10","p":10.31,"u":"1,03 €/P","img":"https://fd3-photos.leclercdrive.fr/image.ashx?id=2623016&use=l&cat=p&typeid=i","cat":284628},{"id":114098,"n":"Lingettes Pampers Freshclean - 3x52","p":6.33,"u":"0,04 €/P","img":"https://fd3-photos.leclercdrive.fr/image.ashx?id=2964066&use=l&cat=p&typeid=i","cat":284738},{"id":114102,"n":"Change culottes Mots d'enfants T5 : 12/18kg - x40","p":9.75,"u":"0,24 €/P","img":"https://fd3-photos.leclercdrive.fr/image.ashx?id=2907237&use=l&cat=p&typeid=i","cat":290633},{"id":114103,"n":"Change culottes Mots d'enfants T6 : +16kg - x36","p":9.75,"u":"0,27 €/P","img":"https://fd3-photos.leclercdrive.fr/image.ashx?id=2907240&use=l&cat=p&typeid=i","cat":290633},{"id":114152,"n":"Pâtes bio Jardin Bio Bon tuyaux semi-complets - 500g","p":2.13,"u":"4,26 €/KG","img":"https://fd3-photos.leclercdrive.fr/image.ashx?id=2963190&use=l&cat=p&typeid=i","cat":284427},{"id":114156,"n":"Huile vierge coco Jardin Bio  Bio - 460g","p":8.13,"u":"17,67 €/KG","img":"https://fd3-photos.leclercdrive.fr/image.ashx?id=2790036&use=l&cat=p&typeid=i","cat":284453},{"id":114157,"n":"Muesli bio Happy Bio Fruits et Noix - 375g","p":2.98,"u":"7,95 €/KG","img":"https://fd3-photos.leclercdrive.fr/image.ashx?id=2970981&use=l&cat=p&typeid=i","cat":309512},{"id":114170,"n":"Père Noël Milka Noisettes - 95g","p":4.01,"u":"42,21 €/KG","img":"https://fd3-photos.leclercdrive.fr/image.ashx?id=2881503&use=l&cat=p&typeid=i","cat":327592},{"id":114187,"n":"Barres amandes Toblerone 360g","p":8.2,"u":"22,78 €/KG","img":"https://fd3-photos.leclercdrive.fr/image.ashx?id=2912650&use=l&cat=p&typeid=i","cat":327595},{"id":114190,"n":"Chocolat Mon Chéri cerise Etui Noël - 262g","p":9.22,"u":"35,19 €/KG","img":"https://fd3-photos.leclercdrive.fr/image.ashx?id=2940501&use=l&cat=p&typeid=i","cat":327601},{"id":114196,"n":"AOP Côtes du Jura blanc Jura-Savoie - 75cl","p":8.32,"u":"11,09 €/L","img":"https://fd3-photos.leclercdrive.fr/image.ashx?id=2649196&use=l&cat=p&typeid=i","cat":289557},{"id":114242,"n":"Taboulé Oriental Pierre Martinet - 510g","p":2.18,"u":"4,27 €/KG","img":"https://fd3-photos.leclercdrive.fr/image.ashx?id=2684491&use=l&cat=p&typeid=i","cat":333657},{"id":114337,"n":"AOP Muscadet Sèvres et Maine Domaine Salmon - 75cl","p":5.88,"u":"7,84 €/L","img":"https://fd3-photos.leclercdrive.fr/image.ashx?id=2689010&use=l&cat=p&typeid=i","cat":289557},{"id":114340,"n":"Bière Licorne Slash Red 8%vol - 3x33cl","p":4.56,"u":"4,61 €/L","img":"https://fd3-photos.leclercdrive.fr/image.ashx?id=2105470&use=l&cat=p&typeid=i","cat":334878},{"id":114400,"n":"Thon entier MSC Pêche Océan A l'huile - 104g","p":1.73,"u":"16,63 €/KG","img":"https://fd3-photos.leclercdrive.fr/image.ashx?id=2942208&use=l&cat=p&typeid=i","cat":303867},{"id":114406,"n":"Taboulé Pierre Martinet Oriental à l'huile d'olive 310g","p":1.45,"u":"4,68 €/KG","img":"https://fd3-photos.leclercdrive.fr/image.ashx?id=2432241&use=l&cat=p&typeid=i","cat":333657},{"id":114433,"n":"Cocktail Old Nick Punch des îles 16%vol - 70cl","p":6.05,"u":"8,64 €/L","img":"https://fd3-photos.leclercdrive.fr/image.ashx?id=2926203&use=l&cat=p&typeid=i","cat":284551},{"id":114437,"n":"52 Toasts apéritifs Kauffer's 750g","p":10.77,"u":"14,36 €/KG","img":"https://fd3-photos.leclercdrive.fr/image.ashx?id=2553668&use=l&cat=p&typeid=i","cat":319774},{"id":114438,"n":"52 Tartelettes Kauffer's Apéritives - 750g","p":6.11,"u":"8,15 €/KG","img":"https://fd3-photos.leclercdrive.fr/image.ashx?id=2560954&use=l&cat=p&typeid=i","cat":319774},{"id":114439,"n":"52 Canapés apéritifs kauffer's 750g","p":10.77,"u":"14,36 €/KG","img":"https://fd3-photos.leclercdrive.fr/image.ashx?id=2553671&use=l&cat=p&typeid=i","cat":319774},{"id":114522,"n":"Bière blonde Leffe Triple 8,5% - 12x25cl","p":10.88,"u":"3,63 €/L","img":"https://fd3-photos.leclercdrive.fr/image.ashx?id=2548294&use=l&cat=p&typeid=i","cat":334852},{"id":114652,"n":"Mouchoirs blanc 2 plis Caresse Boîte mouchoirs papier - x180","p":1.69,"u":"0,01 €/P","img":"https://fd3-photos.leclercdrive.fr/image.ashx?id=2752640&use=l&cat=p&typeid=i","cat":284638},{"id":114699,"n":"Raisins secs noirs Seeberger 200g","p":2.43,"u":"12,15 €/KG","img":"https://fd3-photos.leclercdrive.fr/image.ashx?id=1879756&use=l&cat=p&typeid=i","cat":284357},{"id":114706,"n":"Infusion des marmottes Les 2 Marmottes x30 - 46g","p":4.64,"u":"100,87 €/KG","img":"https://fd3-photos.leclercdrive.fr/image.ashx?id=2833552&use=l&cat=p&typeid=i","cat":293234},{"id":114707,"n":"Infusion Les 2 marmottes Cocktail digest - x30 - 55g","p":3.79,"u":"68,91 €/KG","img":"https://fd3-photos.leclercdrive.fr/image.ashx?id=2833579&use=l&cat=p&typeid=i","cat":293234},{"id":114774,"n":"Infusion les 2 marmottes Menthe-tilleul-verveine - 42g","p":4.58,"u":"109,05 €/KG","img":"https://fd3-photos.leclercdrive.fr/image.ashx?id=2833570&use=l&cat=p&typeid=i","cat":293234},{"id":114805,"n":"Coeur Coulant Bonne Maman Chocolat - 2x80g","p":2.89,"u":"18,06 €/KG","img":"https://fd3-photos.leclercdrive.fr/image.ashx?id=2912326&use=l&cat=p&typeid=i","cat":284419},{"id":114807,"n":"Dessert Fruitier Andros Poire Williams morceaux 4x100g","p":2.83,"u":"7,08 €/KG","img":"https://fd3-photos.leclercdrive.fr/image.ashx?id=2908198&use=l&cat=p&typeid=i","cat":284416},{"id":114890,"n":"Fromage Comté NRT AOP 15 mois 200g","p":4.44,"u":"22,20 €/KG","img":"https://fd3-photos.leclercdrive.fr/image.ashx?id=2272030&use=l&cat=p&typeid=i","cat":314034},{"id":114901,"n":"Plat bébé Blédina 12 mois  Artichaut dinde - 2x200g","p":2.63,"u":"6,58 €/KG","img":"https://fd3-photos.leclercdrive.fr/image.ashx?id=2975089&use=l&cat=p&typeid=i","cat":312237},{"id":114970,"n":"Beurrier tendre Président Doux - 82% MG - 125g","p":2.22,"u":"17,76 €/KG","img":"https://fd3-photos.leclercdrive.fr/image.ashx?id=2917435&use=l&cat=p&typeid=i","cat":284379},{"id":115011,"n":"Lingettes bébé Mots d'enfants à l'eau - x60","p":1.66,"u":"0,03 €/P","img":"https://fd3-photos.leclercdrive.fr/image.ashx?id=2856582&use=l&cat=p&typeid=i","cat":284738},{"id":115013,"n":"Liquide vaisselle Uni Vert Ecologique citron - 750ml","p":1.59,"u":"2,12 €/L","img":"https://fd3-photos.leclercdrive.fr/image.ashx?id=2999517&use=l&cat=p&typeid=i","cat":284655},{"id":115016,"n":"Protège slip Chorys Ultra mini discret - x28","p":1.57,"u":"0,06 €/P","img":"https://fd3-photos.leclercdrive.fr/image.ashx?id=2003029&use=l&cat=p&typeid=i","cat":284625},{"id":115017,"n":"Protège slip Chorys Ultra mini long - x24","p":1.7,"u":"0,07 €/P","img":"https://fd3-photos.leclercdrive.fr/image.ashx?id=1962795&use=l&cat=p&typeid=i","cat":284628},{"id":115055,"n":"Brioche La Fournée Dorée Tranchée pépites choco - 500g","p":2.93,"u":"5,86 €/KG","img":"https://fd3-photos.leclercdrive.fr/image.ashx?id=2415353&use=l&cat=p&typeid=i","cat":284478},{"id":115057,"n":"Pain de mie complet Harrys Graines de lin & tournesol 320g","p":1.88,"u":"5,88 €/KG","img":"https://fd3-photos.leclercdrive.fr/image.ashx?id=2543130&use=l&cat=p&typeid=i","cat":325068},{"id":115072,"n":"Girasoli Lustucru Selection  Cèpes Ricotta - 250g","p":2.97,"u":"11,88 €/KG","img":"https://fd3-photos.leclercdrive.fr/image.ashx?id=2974599&use=l&cat=p&typeid=i","cat":333682},{"id":115078,"n":"Penne poulet pesto Marie 280g","p":3.22,"u":"11,50 €/KG","img":"https://fd3-photos.leclercdrive.fr/image.ashx?id=2796752&use=l&cat=p&typeid=i","cat":333665},{"id":115094,"n":"Emmental Rapé Français Entremont - 500g","p":5.49,"u":"10,98 €/KG","img":"https://fd3-photos.leclercdrive.fr/image.ashx?id=2983159&use=l&cat=p&typeid=i","cat":314035},{"id":115113,"n":"Tirlibibi Haribo Boîte bonbons - 750g","p":4.49,"u":"5,99 €/KG","img":"https://fd3-photos.leclercdrive.fr/image.ashx?id=2806922&use=l&cat=p&typeid=i","cat":304250},{"id":115114,"n":"Polka Haribo Sachet bonbons - 300g","p":1.38,"u":"4,60 €/KG","img":"https://fd3-photos.leclercdrive.fr/image.ashx?id=2982414&use=l&cat=p&typeid=i","cat":304250},{"id":115115,"n":"Les Schtroumpfs Haribo Sachet bonbons - 300g","p":1.44,"u":"4,80 €/KG","img":"https://fd3-photos.leclercdrive.fr/image.ashx?id=2788475&use=l&cat=p&typeid=i","cat":304250},{"id":115116,"n":"Chamallows Haribo Guimauves   - 300g","p":1.63,"u":"5,43 €/KG","img":"https://fd3-photos.leclercdrive.fr/image.ashx?id=2984937&use=l&cat=p&typeid=i","cat":304250},{"id":115123,"n":"Terrine chien Bio Boeuf - 300g","p":1.69,"u":"5,63 €/KG","img":"https://fd3-photos.leclercdrive.fr/image.ashx?id=2333805&use=l&cat=p&typeid=i","cat":284673},{"id":115124,"n":"Terrine chien Bio Poulet légume - 300g","p":1.62,"u":"5,40 €/KG","img":"https://fd3-photos.leclercdrive.fr/image.ashx?id=2333808&use=l&cat=p&typeid=i","cat":284673},{"id":115125,"n":"Terrines pour chat Plénima Au saumon bio - 100g","p":0.62,"u":"6,20 €/KG","img":"https://fd3-photos.leclercdrive.fr/image.ashx?id=2333811&use=l&cat=p&typeid=i","cat":285601},{"id":115126,"n":"Terrines pour chats Plénima Boeuf bio  - 100g","p":0.65,"u":"6,50 €/KG","img":"https://fd3-photos.leclercdrive.fr/image.ashx?id=2619752&use=l&cat=p&typeid=i","cat":285601},{"id":115127,"n":"Pain burger Epi d'Or Brioché x4 - 300g","p":1.38,"u":"4,60 €/KG","img":"https://fd3-photos.leclercdrive.fr/image.ashx?id=1958880&use=l&cat=p&typeid=i","cat":325067},{"id":115130,"n":"Pain de mie Epi d'Or Sans croute - 500g","p":1.56,"u":"3,12 €/KG","img":"https://fd3-photos.leclercdrive.fr/image.ashx?id=3012872&use=l&cat=p&typeid=i","cat":284477},{"id":115137,"n":"Amandes blanchies Seeberger - 200g","p":6.04,"u":"30,20 €/KG","img":"https://fd3-photos.leclercdrive.fr/image.ashx?id=2185439&use=l&cat=p&typeid=i","cat":284448},{"id":115156,"n":"Stick lèvres Bio Naïa Bio - 1 pièce","p":1.85,"img":"https://fd3-photos.leclercdrive.fr/image.ashx?id=2518837&use=l&cat=p&typeid=i","cat":285485},{"id":115158,"n":"Gelée bio Bio Naïa A l'aloe vera bio - 200ml","p":3.99,"u":"19,95 €/L","img":"https://fd3-photos.leclercdrive.fr/image.ashx?id=2436699&use=l&cat=p&typeid=i","cat":325350},{"id":115161,"n":"Infusion Bio La Tisanière Nuit Oranger - x20 Sachets","p":2.81,"u":"93,67 €/KG","img":"https://fd3-photos.leclercdrive.fr/image.ashx?id=2477061&use=l&cat=p&typeid=i","cat":293234},{"id":115163,"n":"Infusion Twinings Ayurveda gingembre miel et citron x20","p":2.57,"u":"80,31 €/KG","img":"https://fd3-photos.leclercdrive.fr/image.ashx?id=2893036&use=l&cat=p&typeid=i","cat":293234},{"id":115164,"n":"Infusion Twinings Ayurveda framboise et hibiscus x20","p":2.89,"u":"80,28 €/KG","img":"https://fd3-photos.leclercdrive.fr/image.ashx?id=2893039&use=l&cat=p&typeid=i","cat":293234},{"id":115165,"n":"Infusion Twinings Ayurveda poire miel et cannelle x20","p":2.98,"u":"82,78 €/KG","img":"https://fd3-photos.leclercdrive.fr/image.ashx?id=2893033&use=l&cat=p&typeid=i","cat":293234},{"id":115251,"n":"Déodorant compressé Ushuaïa Vanille - 100ml","p":3.07,"u":"30,70 €/L","img":"https://fd3-photos.leclercdrive.fr/image.ashx?id=2555715&use=l&cat=p&typeid=i","cat":284595},{"id":115270,"n":"Crevette nature Assiette Bleue - 100g","p":3.99,"u":"39,90 €/KG","img":"https://fd3-photos.leclercdrive.fr/image.ashx?id=2400307&use=l&cat=p&typeid=i","cat":284343},{"id":115274,"n":"Masque tissu Inell Coup d'éclat - 1 pièce","p":1.82,"img":"https://fd3-photos.leclercdrive.fr/image.ashx?id=2691691&use=l&cat=p&typeid=i","cat":325346},{"id":115276,"n":"Crèmes main Inell Anti-taches - 75ml","p":2.99,"u":"39,87 €/L","img":"https://fd3-photos.leclercdrive.fr/image.ashx?id=2498949&use=l&cat=p&typeid=i","cat":325354},{"id":115278,"n":"Gressins traditionnels Artesani 300g","p":2.23,"u":"7,43 €/KG","img":"https://fd3-photos.leclercdrive.fr/image.ashx?id=2475852&use=l&cat=p&typeid=i","cat":289010},{"id":115280,"n":"Gressins Florelli Au Sésame Artesani - 300g","p":2.57,"u":"8,57 €/KG","img":"https://fd3-photos.leclercdrive.fr/image.ashx?id=2475858&use=l&cat=p&typeid=i","cat":289010},{"id":115282,"n":"Chewing-gum Hollywood dragées Fraise x14 -70g","p":1.99,"u":"28,43 €/KG","img":"https://fd3-photos.leclercdrive.fr/image.ashx?id=2676198&use=l&cat=p&typeid=i","cat":304251},{"id":115308,"n":"choco snack Milka 4x32g","p":2.07,"u":"16,17 €/KG","img":"https://fd3-photos.leclercdrive.fr/image.ashx?id=2189217&use=l&cat=p&typeid=i","cat":284420},{"id":115320,"n":"Capsules café Plantation Equilibré n°6 - x10 - 52g","p":2.19,"u":"42,12 €/KG","img":"https://fd3-photos.leclercdrive.fr/image.ashx?id=2891785&use=l&cat=p&typeid=i","cat":284749},{"id":115321,"n":"Capsules café Plantation Intense n°10 - x10 - 52g","p":2.19,"u":"42,12 €/KG","img":"https://fd3-photos.leclercdrive.fr/image.ashx?id=2908855&use=l&cat=p&typeid=i","cat":284749},{"id":115323,"n":"Capsules café Plantation Subtil n°5 - x10 - 52g","p":2.25,"u":"43,27 €/KG","img":"https://fd3-photos.leclercdrive.fr/image.ashx?id=2943106&use=l&cat=p&typeid=i","cat":284749},{"id":115324,"n":"Capsules café Plantation Décaféiné n°5 -  x10 - 52g","p":2.39,"u":"45,96 €/KG","img":"https://fd3-photos.leclercdrive.fr/image.ashx?id=2918472&use=l&cat=p&typeid=i","cat":284749},{"id":115326,"n":"Capsules café Plantation Lungo Délicat n°4 - x10 - 52g","p":2.35,"u":"45,19 €/KG","img":"https://fd3-photos.leclercdrive.fr/image.ashx?id=2418113&use=l&cat=p&typeid=i","cat":284749},{"id":115328,"n":"Capsules café Plantation  Ristretto n°12 - x10 - 52g","p":2.24,"u":"43,08 €/KG","img":"https://fd3-photos.leclercdrive.fr/image.ashx?id=2418116&use=l&cat=p&typeid=i","cat":284749},{"id":115332,"n":"Capsules café Plantation Brésil n°7 - x10 - 52g","p":2.39,"u":"45,96 €/KG","img":"https://fd3-photos.leclercdrive.fr/image.ashx?id=2929879&use=l&cat=p&typeid=i","cat":284749},{"id":115345,"n":"Capsules café Plantation Café vanille n°6 - x10 - 52g","p":2.39,"u":"45,96 €/KG","img":"https://fd3-photos.leclercdrive.fr/image.ashx?id=2918475&use=l&cat=p&typeid=i","cat":284749},{"id":115348,"n":"Capsules café Plantation Noisette n°7 - x10 - 52g","p":2.39,"u":"45,96 €/KG","img":"https://fd3-photos.leclercdrive.fr/image.ashx?id=2908858&use=l&cat=p&typeid=i","cat":284749},{"id":115350,"n":"Capsules café Plantation Equilibré N°6 - x30 - 156g","p":5.19,"u":"33,27 €/KG","img":"https://fd3-photos.leclercdrive.fr/image.ashx?id=2852249&use=l&cat=p&typeid=i","cat":284749},{"id":115351,"n":"Capsules café Plantation Espresso Forte n°8 - x10 - 52g","p":2.35,"u":"45,19 €/KG","img":"https://fd3-photos.leclercdrive.fr/image.ashx?id=2418143&use=l&cat=p&typeid=i","cat":284749},{"id":115354,"n":"Morilles Borde bocal 150g","p":14.99,"pp":9.89,"u":"65,93 €/KG","img":"https://fd3-photos.leclercdrive.fr/image.ashx?id=2731093&use=l&cat=p&typeid=i","cat":312610},{"id":115355,"n":"Girolles Borde 175g","p":5.75,"u":"32,86 €/KG","img":"https://fd3-photos.leclercdrive.fr/image.ashx?id=2312804&use=l&cat=p&typeid=i","cat":312610},{"id":115357,"n":"Tablette De Chocolat A Patisser Pralinoise Praline - 180g","p":2.99,"u":"16,61 €/KG","img":"https://fd3-photos.leclercdrive.fr/image.ashx?id=2890265&use=l&cat=p&typeid=i","cat":285562},{"id":115359,"n":"Pancakes Nature Epi d'Or x18 - 360g","p":1.69,"u":"4,69 €/KG","img":"https://fd3-photos.leclercdrive.fr/image.ashx?id=2860763&use=l&cat=p&typeid=i","cat":284495},{"id":115363,"n":"Lait bébé en poudre Blédilait 1er âge 0-6 mois 900g","p":14.54,"u":"16,16 €/KG","img":"https://fd3-photos.leclercdrive.fr/image.ashx?id=2855052&use=l&cat=p&typeid=i","cat":284726},{"id":115364,"n":"Lait bébé en poudre Blédilait 2e âge 6-12 mois 900g","p":13.53,"u":"15,03 €/KG","img":"https://fd3-photos.leclercdrive.fr/image.ashx?id=2616853&use=l&cat=p&typeid=i","cat":284727},{"id":115367,"n":"Biscuits roses de Reims NRT 200g","p":3.69,"u":"18,45 €/KG","img":"https://fd3-photos.leclercdrive.fr/image.ashx?id=2704912&use=l&cat=p&typeid=i","cat":284487},{"id":115399,"n":"Croque monsieur  Jambon emmental x2 - 360g","p":3.05,"u":"8,47 €/KG","img":"https://fd3-photos.leclercdrive.fr/image.ashx?id=1884445&use=l&cat=p&typeid=i","cat":333671},{"id":115409,"n":"Confit de canard Monfort Cuisses - 400g","p":6.85,"u":"17,13 €/KG","img":"https://fd3-photos.leclercdrive.fr/image.ashx?id=2324585&use=l&cat=p&typeid=i","cat":284339},{"id":115421,"n":"Pruneaux Maison Roucadil Mi-cuits - 500g","p":5.59,"u":"11,18 €/KG","img":"https://fd3-photos.leclercdrive.fr/image.ashx?id=2213832&use=l&cat=p&typeid=i","cat":284357},{"id":115455,"n":"Bougies d'anniversaire Vahiné Bleues - blister de 16 bougies","p":1.17,"u":"0,07 €/P","img":"https://fd3-photos.leclercdrive.fr/image.ashx?id=1584569&use=l&cat=p&typeid=i","cat":284504},{"id":115457,"n":"Frites de Patate Douce McCain 500g","p":4.44,"u":"8,88 €/KG","img":"https://fd3-photos.leclercdrive.fr/image.ashx?id=2840632&use=l&cat=p&typeid=i","cat":319791},{"id":115463,"n":"Litière chats Tranquille Carbonite - 7.1kg","p":6.05,"u":"0,85 €/KG","img":"https://fd3-photos.leclercdrive.fr/image.ashx?id=2421871&use=l&cat=p&typeid=i","cat":284683},{"id":115488,"n":"Bière blonde 1664 5,5° - 12x25cl","p":8.35,"u":"2,78 €/L","img":"https://fd3-photos.leclercdrive.fr/image.ashx?id=2215566&use=l&cat=p&typeid=i","cat":334873},{"id":115492,"n":"Bière blonde 1664 5,5° - 6x25cl","p":7.2,"u":"4,80 €/L","img":"https://fd3-photos.leclercdrive.fr/image.ashx?id=2215572&use=l&cat=p&typeid=i","cat":334873},{"id":115503,"n":"Pommes Dauphine Mc Cain 600g","p":2.77,"u":"4,62 €/KG","img":"https://fd3-photos.leclercdrive.fr/image.ashx?id=2988373&use=l&cat=p&typeid=i","cat":319792},{"id":115521,"n":"Gants de ménage Eco+ Réutilisable taille M - x2","p":1.19,"u":"0,60 €/P","img":"https://fd3-photos.leclercdrive.fr/image.ashx?id=1759090&use=l&cat=p&typeid=i","cat":284668},{"id":115523,"n":"Gants de ménage Eco+ Réutilisables - Taille L - x2","p":1.19,"u":"0,60 €/P","img":"https://fd3-photos.leclercdrive.fr/image.ashx?id=2466196&use=l&cat=p&typeid=i","cat":284668},{"id":115528,"n":"Alcool 90° Primoplast 100ml","p":2.19,"u":"21,90 €/L","img":"https://fd3-photos.leclercdrive.fr/image.ashx?id=1761546&use=l&cat=p&typeid=i","cat":284630},{"id":115529,"n":"Bloc WC Uni Vert Ball - 55g","p":1.99,"u":"36,18 €/KG","img":"https://fd3-photos.leclercdrive.fr/image.ashx?id=2568801&use=l&cat=p&typeid=i","cat":284662},{"id":115646,"n":"Croc'Tou Choc chocolat Bio Lucien Georgelin - 375g","p":4.19,"u":"11,17 €/KG","img":"https://fd3-photos.leclercdrive.fr/image.ashx?id=2130586&use=l&cat=p&typeid=i","cat":309513},{"id":115690,"n":"Sauce aigre douce pimentée Tables du Monde - 300g","p":1.62,"u":"5,40 €/KG","img":"https://fd3-photos.leclercdrive.fr/image.ashx?id=2920214&use=l&cat=p&typeid=i","cat":288992},{"id":115694,"n":"Girolles Champiland 300g","p":7.99,"u":"26,63 €/KG","img":"https://fd3-photos.leclercdrive.fr/image.ashx?id=2340906&use=l&cat=p&typeid=i","cat":319805},{"id":115761,"n":"Tablette de chocolat Lindt Noir 100% Cacao - 50g","p":2.92,"u":"58,40 €/KG","img":"https://fd3-photos.leclercdrive.fr/image.ashx?id=2397773&use=l&cat=p&typeid=i","cat":284956},{"id":115765,"n":"Joker Le Fruit Jus d'orange  Avec pulpe - 1L","p":2.8,"u":"2,80 €/L","img":"https://fd3-photos.leclercdrive.fr/image.ashx?id=2789017&use=l&cat=p&typeid=i","cat":284521},{"id":115770,"n":"Lait bébé en poudre Gallia Calisma  2e âge 6-12 mois 700g","p":13.05,"u":"18,64 €/KG","img":"https://fd3-photos.leclercdrive.fr/image.ashx?id=2983051&use=l&cat=p&typeid=i","cat":284727},{"id":115771,"n":"Lait bébé en poudre Gallia Calisma 2e âge 6-12mois 2x600g","p":20.27,"u":"16,89 €/KG","img":"https://fd3-photos.leclercdrive.fr/image.ashx?id=2935750&use=l&cat=p&typeid=i","cat":284727},{"id":115772,"n":"Pâte à tartiner Bio Village Aux noisette bio - 600g","p":4.16,"u":"6,93 €/KG","img":"https://fd3-photos.leclercdrive.fr/image.ashx?id=2977201&use=l&cat=p&typeid=i","cat":284481},{"id":115773,"n":"Lait bébé en poudre Gallia Calisma 1er âge 0-6 mois 2x600g","p":23.73,"u":"19,78 €/KG","img":"https://fd3-photos.leclercdrive.fr/image.ashx?id=2953755&use=l&cat=p&typeid=i","cat":284726},{"id":115787,"n":"AOC Coteaux d'Aix-en-Provence vin rosé Terres Ocrées - 75cl","p":4.49,"u":"5,99 €/L","img":"https://fd3-photos.leclercdrive.fr/image.ashx?id=2900172&use=l&cat=p&typeid=i","cat":289558},{"id":115821,"n":"Confiture mirabelle Bonne Maman Intense - 335g","p":2.38,"u":"7,10 €/KG","img":"https://fd3-photos.leclercdrive.fr/image.ashx?id=2341026&use=l&cat=p&typeid=i","cat":284480},{"id":115823,"n":"Sauce à la Truffe Bénédicta Gamme Gourmet - 260g","p":3.77,"u":"14,50 €/KG","img":"https://fd3-photos.leclercdrive.fr/image.ashx?id=2616183&use=l&cat=p&typeid=i","cat":318430},{"id":115850,"n":"Compote Charles & Alice Pommes Passion - 4x97g","p":1.85,"u":"4,77 €/KG","img":"https://fd3-photos.leclercdrive.fr/image.ashx?id=2757692&use=l&cat=p&typeid=i","cat":284416},{"id":115874,"n":"Dessert fruitier pomme pêche Andros x4","p":1.64,"u":"4,10 €/KG","img":"https://fd3-photos.leclercdrive.fr/image.ashx?id=2968100&use=l&cat=p&typeid=i","cat":284416},{"id":115905,"n":"Yaourt brassé Perle de Lait Coco - 8x125g","p":3.73,"u":"3,73 €/KG","img":"https://fd3-photos.leclercdrive.fr/image.ashx?id=2989204&use=l&cat=p&typeid=i","cat":314999},{"id":115958,"n":"Poelée de cèpes Magda Au beurre persillé - 300g","p":3.98,"pp":2.63,"u":"8,77 €/KG","img":"https://fd3-photos.leclercdrive.fr/image.ashx?id=2790015&use=l&cat=p&typeid=i","cat":319823},{"id":115986,"n":"Pain surprise de campagne Côté Table x32 - 460g","p":8.5,"u":"18,48 €/KG","img":"https://fd3-photos.leclercdrive.fr/image.ashx?id=2776466&use=l&cat=p&typeid=i","cat":319774},{"id":115989,"n":"Pain Surprise Suédois  x32 - 360g","p":7.11,"u":"19,75 €/KG","img":"https://fd3-photos.leclercdrive.fr/image.ashx?id=2598710&use=l&cat=p&typeid=i","cat":319774},{"id":115991,"n":"Squidgies Haribo Sachet bonbons - 200g","p":1.67,"u":"8,35 €/KG","img":"https://fd3-photos.leclercdrive.fr/image.ashx?id=2984934&use=l&cat=p&typeid=i","cat":304250},{"id":116002,"n":"Porto Cruz Blanc - 18%vol - 75cl","p":7.39,"u":"9,85 €/L","img":"https://fd3-photos.leclercdrive.fr/image.ashx?id=2535822&use=l&cat=p&typeid=i","cat":284913},{"id":116010,"n":"Biscotte Pasquier Blé sans sucre ajoutés - 300g","p":1.87,"u":"6,23 €/KG","img":"https://fd3-photos.leclercdrive.fr/image.ashx?id=2507952&use=l&cat=p&typeid=i","cat":284479},{"id":116011,"n":"Biscotte Pasquier Froment sans sucre - 300g","p":1.93,"u":"6,43 €/KG","img":"https://fd3-photos.leclercdrive.fr/image.ashx?id=2507955&use=l&cat=p&typeid=i","cat":284479},{"id":116047,"n":"Bouchées pâtissières Tipiak x12 - 300g","p":2.59,"u":"8,63 €/KG","img":"https://fd3-photos.leclercdrive.fr/image.ashx?id=2504272&use=l&cat=p&typeid=i","cat":284441},{"id":116114,"n":"Shampooing douche Petit Manava Pêche banane - 250ml","p":1.35,"u":"5,40 €/L","img":"https://fd3-photos.leclercdrive.fr/image.ashx?id=2440458&use=l&cat=p&typeid=i","cat":284606},{"id":116156,"n":"La Cancoillotte à la Truffe Le Francomtois - 200g","p":2.99,"u":"14,95 €/KG","img":"https://fd3-photos.leclercdrive.fr/image.ashx?id=2458436&use=l&cat=p&typeid=i","cat":314037},{"id":116167,"n":"Adoucissant concentré Hyperdou Rêve merveille x60 - 1.5L","p":3.95,"u":"2,63 €/L","img":"https://fd3-photos.leclercdrive.fr/image.ashx?id=2602925&use=l&cat=p&typeid=i","cat":284650},{"id":116168,"n":"Adoucissant concentré Hyperdou Fraîcheur fleurie x60 - 1.5L","p":3.95,"u":"2,63 €/L","img":"https://fd3-photos.leclercdrive.fr/image.ashx?id=2602931&use=l&cat=p&typeid=i","cat":284650},{"id":116172,"n":"Lingettes bio Bionaïa Démaquillantes - x25","p":1.04,"u":"0,04 €/P","img":"https://fd3-photos.leclercdrive.fr/image.ashx?id=2515500&use=l&cat=p&typeid=i","cat":284603},{"id":116179,"n":"Crème visage hydratante Mixa Peaux Sensibles bio - 100ml","p":5.68,"u":"56,80 €/L","img":"https://fd3-photos.leclercdrive.fr/image.ashx?id=2423208&use=l&cat=p&typeid=i","cat":325345},{"id":116193,"n":"AOC Monbazillac Vin blanc Domaine de la croix - 75cl","p":7.95,"pp":5.96,"u":"7,95 €/L","img":"https://fd3-photos.leclercdrive.fr/image.ashx?id=2403506&use=l&cat=p&typeid=i","cat":289557},{"id":116199,"n":"Vin blanc pétillant Roche Mazet Brut Chardonnay - 75cl","p":4.5,"pp":2.97,"u":"3,96 €/L","img":"https://fd3-photos.leclercdrive.fr/image.ashx?id=2475615&use=l&cat=p&typeid=i","cat":284544},{"id":116221,"n":"Crème de jour L'Oréal Paris  Revitalift Anti-âge - 50ml","p":14.62,"u":"292,40 €/L","img":"https://fd3-photos.leclercdrive.fr/image.ashx?id=2926581&use=l&cat=p&typeid=i","cat":325345},{"id":116222,"n":"IGP Pays d'Oc rosé Roche Mazet Syrah - 75cl","p":4.5,"pp":2.97,"u":"3,96 €/L","img":"https://fd3-photos.leclercdrive.fr/image.ashx?id=2475612&use=l&cat=p&typeid=i","cat":289558},{"id":116224,"n":"Porto Tawny Cruz 18%vol - 75cl","p":7.39,"u":"9,85 €/L","img":"https://fd3-photos.leclercdrive.fr/image.ashx?id=2536373&use=l&cat=p&typeid=i","cat":284913},{"id":116227,"n":"Pétillant Muscat Roche Mazet Demi-sec blanc - 75cl","p":4.5,"pp":2.97,"u":"3,96 €/L","img":"https://fd3-photos.leclercdrive.fr/image.ashx?id=2475618&use=l&cat=p&typeid=i","cat":284544},{"id":116240,"n":"Lait bébé liquide Blédilait croissance 1-3 ans 6x1L","p":12.59,"u":"2,10 €/L","img":"https://fd3-photos.leclercdrive.fr/image.ashx?id=2685799&use=l&cat=p&typeid=i","cat":284728},{"id":116250,"n":"LLait bébé en poudre Gallia Calisma 1er âge  0-6 mois 700g","p":14.32,"u":"20,46 €/KG","img":"https://fd3-photos.leclercdrive.fr/image.ashx?id=2479718&use=l&cat=p&typeid=i","cat":284726},{"id":116253,"n":"Lait bébé en poudre Calisma Bio Gallia 1er âge 0-6 mois 800g","p":23.27,"u":"29,09 €/KG","img":"https://fd3-photos.leclercdrive.fr/image.ashx?id=2816826&use=l&cat=p&typeid=i","cat":284726},{"id":116254,"n":"Lait bébé en poudre Calisma Bio Gallia croissance 10 mois 800g","p":17.77,"u":"22,21 €/KG","img":"https://fd3-photos.leclercdrive.fr/image.ashx?id=2760325&use=l&cat=p&typeid=i","cat":290219},{"id":116257,"n":"Lait bébé en poudre Calisma Bio Gallia 2e âge 6-12 mois 800g","p":21.17,"u":"26,46 €/KG","img":"https://fd3-photos.leclercdrive.fr/image.ashx?id=2760328&use=l&cat=p&typeid=i","cat":284727},{"id":116284,"n":"Tablette de chocolat Côte d'Or Lait coeur coulant caramel 200g","p":4.03,"u":"20,15 €/KG","img":"https://fd3-photos.leclercdrive.fr/image.ashx?id=1925405&use=l&cat=p&typeid=i","cat":284497},{"id":116321,"n":"Soupe liquide Liebig tomates  Et vermicelles - Brique 1L","p":2.36,"u":"2,36 €/L","img":"https://fd3-photos.leclercdrive.fr/image.ashx?id=2941481&use=l&cat=p&typeid=i","cat":284462},{"id":116326,"n":"Soupe liquide Bio Liebig  Velouté Potiron Carottes - 75cl","p":2.75,"u":"3,67 €/L","img":"https://fd3-photos.leclercdrive.fr/image.ashx?id=2842567&use=l&cat=p&typeid=i","cat":284462},{"id":116331,"n":"Olives vertes Tropic Apéro Persillade 500g","p":3.6,"u":"7,20 €/KG","img":"https://fd3-photos.leclercdrive.fr/image.ashx?id=2403076&use=l&cat=p&typeid=i","cat":316002},{"id":116339,"n":"Test de grossesse Mercurochrome 1 pièce","p":3.87,"img":"https://fd3-photos.leclercdrive.fr/image.ashx?id=2806958&use=l&cat=p&typeid=i","cat":324482},{"id":116376,"n":"Beurre de cacahuète Menguy's Crunchy - 454g","p":3.57,"u":"7,86 €/KG","img":"https://fd3-photos.leclercdrive.fr/image.ashx?id=2844085&use=l&cat=p&typeid=i","cat":284481},{"id":116387,"n":"Pâte à tartiner Poulain  Cacao noisette - 400g","p":2.96,"u":"7,40 €/KG","img":"https://fd3-photos.leclercdrive.fr/image.ashx?id=2806354&use=l&cat=p&typeid=i","cat":284481},{"id":116431,"n":"Parmentier de boeuf Charolais Fleury Michon - 300g","p":3.08,"u":"10,27 €/KG","img":"https://fd3-photos.leclercdrive.fr/image.ashx?id=2662346&use=l&cat=p&typeid=i","cat":333665},{"id":116432,"n":"Parmentier de saumon Fleury Michon - 300g","p":3.06,"u":"10,20 €/KG","img":"https://fd3-photos.leclercdrive.fr/image.ashx?id=2662349&use=l&cat=p&typeid=i","cat":333665},{"id":116434,"n":"Tartiflette Fleury Michon au reblochon AOP - 300g","p":4.23,"u":"14,10 €/KG","img":"https://fd3-photos.leclercdrive.fr/image.ashx?id=2277221&use=l&cat=p&typeid=i","cat":333665},{"id":116467,"n":"Coloration 3.0 Olia Chatain foncé - x2","p":25.54,"u":"12,77 €/P","img":"https://fd3-photos.leclercdrive.fr/image.ashx?id=2397875&use=l&cat=p&typeid=i","cat":288899},{"id":116469,"n":"Coloration 5.0 Olia Chatain clair - x2","p":16.99,"u":"8,50 €/P","img":"https://fd3-photos.leclercdrive.fr/image.ashx?id=2397878&use=l&cat=p&typeid=i","cat":288899},{"id":116471,"n":"Coloration 5.3 Olia Chatain clair doré - x2","p":25.54,"u":"12,77 €/P","img":"https://fd3-photos.leclercdrive.fr/image.ashx?id=2397872&use=l&cat=p&typeid=i","cat":288899},{"id":116473,"n":"Coloration 4.0 Olia Chatain pur - x2","p":25.54,"u":"12,77 €/P","img":"https://fd3-photos.leclercdrive.fr/image.ashx?id=2422896&use=l&cat=p&typeid=i","cat":288899},{"id":116557,"n":"Mouche bébé Prohinel  x2 embouts jetables","p":7.47,"img":"https://fd3-photos.leclercdrive.fr/image.ashx?id=2918817&use=l&cat=p&typeid=i","cat":289435},{"id":116579,"n":"Pommes de terres grenailles Bio Bio Village - 450g","p":3.06,"u":"6,80 €/KG","img":"https://fd3-photos.leclercdrive.fr/image.ashx?id=2923341&use=l&cat=p&typeid=i","cat":319792},{"id":116581,"n":"Frites au four Bio Bio Village - 600g","p":1.99,"u":"3,32 €/KG","img":"https://fd3-photos.leclercdrive.fr/image.ashx?id=2436329&use=l&cat=p&typeid=i","cat":319791},{"id":116583,"n":"Pâte a tartiner Bio Village Aux noisettes bio - 350g","p":2.45,"u":"7,00 €/KG","img":"https://fd3-photos.leclercdrive.fr/image.ashx?id=2977198&use=l&cat=p&typeid=i","cat":284481},{"id":116584,"n":"Confiture extra bio Bio Village Framboises - 370g","p":2.79,"u":"7,54 €/KG","img":"https://fd3-photos.leclercdrive.fr/image.ashx?id=2965635&use=l&cat=p&typeid=i","cat":284480},{"id":116604,"n":"Pavés de dinde Le Gaulois Crème morilles - x2 - 250g","p":5.2,"u":"20,80 €/KG","img":"https://fd3-photos.leclercdrive.fr/image.ashx?id=2344681&use=l&cat=p&typeid=i","cat":327289},{"id":116607,"n":"Gourmandises de volaille  Maître Coq - Marrons - 380g","p":9.79,"u":"25,76 €/KG","img":"https://fd3-photos.leclercdrive.fr/image.ashx?id=2962494&use=l&cat=p&typeid=i","cat":327289},{"id":116706,"n":"Yaourt à la grecque YAOS Nature lit de marrons 4x125g","p":3.77,"u":"7,54 €/KG","img":"https://fd3-photos.leclercdrive.fr/image.ashx?id=3007939&use=l&cat=p&typeid=i","cat":314999},{"id":116751,"n":"Sojasun mandarine citron vert 4x100g","p":1.66,"u":"4,15 €/KG","img":"https://fd3-photos.leclercdrive.fr/image.ashx?id=2355683&use=l&cat=p&typeid=i","cat":316071},{"id":116875,"n":"Salade & Cie Sodebo Palerme Jambon Speck Chèvre Pâtes 320g","p":5.37,"u":"16,78 €/KG","img":"https://fd3-photos.leclercdrive.fr/image.ashx?id=2771933&use=l&cat=p&typeid=i","cat":333657},{"id":116967,"n":"Carottes filière  Panier du Primeur - 1kg","p":1.49,"u":"1,49 €/KG","img":"https://fd3-photos.leclercdrive.fr/image.ashx?id=2920229&use=l&cat=p&typeid=i","cat":284352},{"id":116985,"n":"Parmesan Râpé Giovanni Ferrari  22 mois AOP - 60g","p":1.81,"u":"30,17 €/KG","img":"https://fd3-photos.leclercdrive.fr/image.ashx?id=3002297&use=l&cat=p&typeid=i","cat":314035},{"id":117132,"n":"Bouillon kub légumes Maggi -25% sel - 120g","p":1.57,"u":"13,08 €/KG","img":"https://fd3-photos.leclercdrive.fr/image.ashx?id=2758443&use=l&cat=p&typeid=i","cat":288379},{"id":117203,"n":"Pâtes Mafalde Garofalo 500g","p":2.07,"u":"4,14 €/KG","img":"https://fd3-photos.leclercdrive.fr/image.ashx?id=2884837&use=l&cat=p&typeid=i","cat":284427},{"id":117223,"n":"IGP Spaghettone Garofalo XXL - 500g","p":1.79,"u":"3,58 €/KG","img":"https://fd3-photos.leclercdrive.fr/image.ashx?id=3009167&use=l&cat=p&typeid=i","cat":284427},{"id":117225,"n":"Sirop Moulin de Valdonne Grenadine - 70cl","p":3.06,"u":"4,37 €/L","img":"https://fd3-photos.leclercdrive.fr/image.ashx?id=2170610&use=l&cat=p&typeid=i","cat":295020},{"id":117235,"n":"Sirop Moulin de Valdonne Pêche abricot - 70cl","p":3.47,"u":"4,96 €/L","img":"https://fd3-photos.leclercdrive.fr/image.ashx?id=2170613&use=l&cat=p&typeid=i","cat":295020},{"id":117238,"n":"Shampooing bio Bio naïa Cheveux secs abimés - 250ml","p":1.8,"u":"7,20 €/L","img":"https://fd3-photos.leclercdrive.fr/image.ashx?id=2512481&use=l&cat=p&typeid=i","cat":284606},{"id":117239,"n":"Tablette de chocolat noir Lindt Eclat caramel - 70% - 100g","p":2.53,"u":"25,30 €/KG","img":"https://fd3-photos.leclercdrive.fr/image.ashx?id=2423358&use=l&cat=p&typeid=i","cat":284956},{"id":117242,"n":"Biscuit coco pavot GERBLE BIO  Bio - 4x3, 132g","p":1.87,"u":"14,17 €/KG","img":"https://fd3-photos.leclercdrive.fr/image.ashx?id=2664052&use=l&cat=p&typeid=i","cat":284487},{"id":117244,"n":"Biscuit 3 graines Gerblé Bio  - 132g","p":1.83,"u":"13,86 €/KG","img":"https://fd3-photos.leclercdrive.fr/image.ashx?id=2664055&use=l&cat=p&typeid=i","cat":318651},{"id":117245,"n":"Sacs de congélation zip Alfapac Renforcé - x30","p":2.77,"img":"https://fd3-photos.leclercdrive.fr/image.ashx?id=2986338&use=l&cat=p&typeid=i","cat":334134},{"id":117246,"n":"Biscuits Gerblé Bio Citron gingembre - 132g","p":1.9,"u":"14,39 €/KG","img":"https://fd3-photos.leclercdrive.fr/image.ashx?id=2662871&use=l&cat=p&typeid=i","cat":318651},{"id":117248,"n":"Biscuits Gerblé Bio Amande cranberry - 132g","p":1.91,"u":"14,47 €/KG","img":"https://fd3-photos.leclercdrive.fr/image.ashx?id=2662868&use=l&cat=p&typeid=i","cat":318651},{"id":117283,"n":"Petits pois Notre Jardin Sans sel ajouté - 280g","p":0.9,"u":"3,21 €/KG","img":"https://fd3-photos.leclercdrive.fr/image.ashx?id=3002638&use=l&cat=p&typeid=i","cat":312607},{"id":117297,"n":"Haricots verts Notre Jardin Sans sel ajouté - 225g","p":0.88,"u":"3,91 €/KG","img":"https://fd3-photos.leclercdrive.fr/image.ashx?id=3002644&use=l&cat=p&typeid=i","cat":312606},{"id":117330,"n":"Champignon Notre Jardin Emincé Sans sel ajouté - 230g","p":1.18,"u":"5,13 €/KG","img":"https://fd3-photos.leclercdrive.fr/image.ashx?id=1792507&use=l&cat=p&typeid=i","cat":312610},{"id":117400,"n":"Yaourt Grec Delta 10% MG Nature - 1kg","p":5.85,"u":"5,85 €/KG","img":"https://fd3-photos.leclercdrive.fr/image.ashx?id=2532189&use=l&cat=p&typeid=i","cat":314999},{"id":117403,"n":"Poêlée de légumes Bonduelle La Parisienne - 750g","p":3.47,"u":"4,63 €/KG","img":"https://fd3-photos.leclercdrive.fr/image.ashx?id=2907908&use=l&cat=p&typeid=i","cat":319823},{"id":117404,"n":"La Poêlée Rustique Bonduelle 750g","p":3.47,"u":"4,63 €/KG","img":"https://fd3-photos.leclercdrive.fr/image.ashx?id=2910055&use=l&cat=p&typeid=i","cat":319823},{"id":117407,"n":"Poêlée à la paysanne Bonduelle 750g","p":3.48,"u":"4,64 €/KG","img":"https://fd3-photos.leclercdrive.fr/image.ashx?id=2907911&use=l&cat=p&typeid=i","cat":319823},{"id":117408,"n":"Yaourt nature ferme C'est Qui Le Patron - 8x125g","p":2.41,"u":"2,41 €/KG","img":"https://fd3-photos.leclercdrive.fr/image.ashx?id=2672386&use=l&cat=p&typeid=i","cat":284409},{"id":117457,"n":"Eau aromatisée Cristaline Jus de fruits citron - 1.5L","p":1.09,"u":"0,73 €/L","img":"https://fd3-photos.leclercdrive.fr/image.ashx?id=2386623&use=l&cat=p&typeid=i","cat":284537},{"id":117486,"n":"Ananas Victoria de la Réunion Nos Régions ont du Talent x1","p":4.99,"img":"https://fd3-photos.leclercdrive.fr/image.ashx?id=2302289&use=l&cat=p&typeid=i","cat":284356},{"id":117503,"n":"Bière ambrée Jenlain Boîte 50cl - 7.5% vol","p":1.85,"u":"3,70 €/L","img":"https://fd3-photos.leclercdrive.fr/image.ashx?id=2719189&use=l&cat=p&typeid=i","cat":334853},{"id":117570,"n":"Galettes de riz Tables du monde Sachet - 100g","p":2.25,"u":"22,50 €/KG","img":"https://fd3-photos.leclercdrive.fr/image.ashx?id=2920223&use=l&cat=p&typeid=i","cat":288992},{"id":117648,"n":"Boulettes végétales Végé - 200g","p":2.59,"u":"12,95 €/KG","img":"https://fd3-photos.leclercdrive.fr/image.ashx?id=2866253&use=l&cat=p&typeid=i","cat":316036},{"id":117657,"n":"IGP Foie gras Maison Montfort Canard Entier Sélection - 320g","p":32.19,"u":"100,59 €/KG","img":"https://fd3-photos.leclercdrive.fr/image.ashx?id=2730982&use=l&cat=p&typeid=i","cat":316008},{"id":117668,"n":"Pizza Dolce Sodebo Margherita Tomate Marinées 400g","p":4.56,"u":"11,40 €/KG","img":"https://fd3-photos.leclercdrive.fr/image.ashx?id=2921642&use=l&cat=p&typeid=i","cat":333679},{"id":117669,"n":"IGP Foie gras Maison Montfort Canard Excellent Torchon - 380g","p":33.03,"u":"86,92 €/KG","img":"https://fd3-photos.leclercdrive.fr/image.ashx?id=2324603&use=l&cat=p&typeid=i","cat":316008},{"id":117675,"n":"Bisque hormard bleu NRT 490g","p":3.41,"u":"6,96 €/KG","img":"https://fd3-photos.leclercdrive.fr/image.ashx?id=1846178&use=l&cat=p&typeid=i","cat":285192},{"id":117828,"n":"Lardons fumés au bois CharcuFine du Forez - 140g","p":1.2,"u":"8,57 €/KG","img":"https://fd3-photos.leclercdrive.fr/image.ashx?id=2913268&use=l&cat=p&typeid=i","cat":316011},{"id":117829,"n":"Lardons natures  Charcufine du Forez - 140g","p":1.27,"u":"9,07 €/KG","img":"https://fd3-photos.leclercdrive.fr/image.ashx?id=2913271&use=l&cat=p&typeid=i","cat":316011},{"id":117864,"n":"Café en grains Mövenpick Créma  - 1kg","p":14.95,"u":"14,95 €/KG","img":"https://fd3-photos.leclercdrive.fr/image.ashx?id=2963835&use=l&cat=p&typeid=i","cat":293237},{"id":117865,"n":"Café grains Mövenpick Espresso  - 1kg","p":14.95,"u":"14,95 €/KG","img":"https://fd3-photos.leclercdrive.fr/image.ashx?id=2416871&use=l&cat=p&typeid=i","cat":293237},{"id":118027,"n":"Filet de porc cuit Bigard Jus aux fines herbes - 400g","p":5.9,"u":"14,75 €/KG","img":"https://fd3-photos.leclercdrive.fr/image.ashx?id=2208351&use=l&cat=p&typeid=i","cat":284331},{"id":118058,"n":"Paleron de boeuf  Bigard Jus à la vigneronne - 400g","p":6.9,"u":"17,25 €/KG","img":"https://fd3-photos.leclercdrive.fr/image.ashx?id=2386665&use=l&cat=p&typeid=i","cat":284328},{"id":118077,"n":"Joue de boeuf fondante Bigard  - 400g","p":7.9,"u":"19,75 €/KG","img":"https://fd3-photos.leclercdrive.fr/image.ashx?id=2208357&use=l&cat=p&typeid=i","cat":284328},{"id":118113,"n":"Sauce soja Bio Village Bio - 150ml","p":1.99,"u":"13,27 €/L","img":"https://fd3-photos.leclercdrive.fr/image.ashx?id=2913772&use=l&cat=p&typeid=i","cat":288992},{"id":118116,"n":"Sauce soja sucrée Bio Village Bio - 150ml","p":1.99,"u":"13,27 €/L","img":"https://fd3-photos.leclercdrive.fr/image.ashx?id=2913775&use=l&cat=p&typeid=i","cat":288992},{"id":118202,"n":"Coloration Perfect Mousse n°400 Expresso givré - X1","p":6.55,"img":"https://fd3-photos.leclercdrive.fr/image.ashx?id=1919738&use=l&cat=p&typeid=i","cat":288899},{"id":118217,"n":"Mini coquilles Saint-Jacques  Tipiak x8 - 100g","p":3.75,"u":"37,50 €/KG","img":"https://fd3-photos.leclercdrive.fr/image.ashx?id=2484212&use=l&cat=p&typeid=i","cat":319775},{"id":118220,"n":"Mini croustillants Tipiak Saint Jacques - x10 - 120g","p":3.75,"u":"31,25 €/KG","img":"https://fd3-photos.leclercdrive.fr/image.ashx?id=2484209&use=l&cat=p&typeid=i","cat":319774},{"id":118226,"n":"Couronne d'Occitanie NRT Anis -175g","p":1.95,"u":"11,14 €/KG","img":"https://fd3-photos.leclercdrive.fr/image.ashx?id=2622344&use=l&cat=p&typeid=i","cat":284487},{"id":118272,"n":"Suprêmes soufflés Saint-Jean Cèpes girolles x4 - 480g","p":3.69,"u":"7,69 €/KG","img":"https://fd3-photos.leclercdrive.fr/image.ashx?id=2357335&use=l&cat=p&typeid=i","cat":333682},{"id":118282,"n":"Cordon bleu Marie Coquillettes - 280g","p":3.82,"u":"13,64 €/KG","img":"https://fd3-photos.leclercdrive.fr/image.ashx?id=2317495&use=l&cat=p&typeid=i","cat":333665},{"id":118289,"n":"Canard confit Marie Ecrasé de pomme de terre 300g","p":4.34,"u":"14,47 €/KG","img":"https://fd3-photos.leclercdrive.fr/image.ashx?id=2799886&use=l&cat=p&typeid=i","cat":333665},{"id":118320,"n":"Raclette Les Croisés  Moutarde - 250g","p":3.69,"u":"14,76 €/KG","img":"https://fd3-photos.leclercdrive.fr/image.ashx?id=1851683&use=l&cat=p&typeid=i","cat":314037},{"id":118349,"n":"Légumes et céréales Bonduelle Patates douces boulgour 500g","p":4.13,"u":"8,26 €/KG","img":"https://fd3-photos.leclercdrive.fr/image.ashx?id=2876170&use=l&cat=p&typeid=i","cat":319823},{"id":118408,"n":"Lait bébé en poudre Galliagest 1er âge 0-6 mois 820g","p":19.42,"u":"23,68 €/KG","img":"https://fd3-photos.leclercdrive.fr/image.ashx?id=2983054&use=l&cat=p&typeid=i","cat":284726},{"id":118412,"n":"Lait bébé en poudre Galliagest 2 âge 6-12 mois 820g","p":18.58,"u":"22,66 €/KG","img":"https://fd3-photos.leclercdrive.fr/image.ashx?id=2771666&use=l&cat=p&typeid=i","cat":284727},{"id":118414,"n":"Lait bébé en poudre Blédilait 1er âge 0-6 mois 820g","p":15.28,"u":"18,63 €/KG","img":"https://fd3-photos.leclercdrive.fr/image.ashx?id=2500051&use=l&cat=p&typeid=i","cat":284726},{"id":118426,"n":"Lait bébé en poudre Blédilait 2e âge 6-12 mois 820g","p":14.73,"u":"17,96 €/KG","img":"https://fd3-photos.leclercdrive.fr/image.ashx?id=2500054&use=l&cat=p&typeid=i","cat":284727},{"id":118447,"n":"Soupe deshydratée Knorr Tomate mozzarella - 75cl","p":1.55,"u":"2,07 €/L","img":"https://fd3-photos.leclercdrive.fr/image.ashx?id=2788919&use=l&cat=p&typeid=i","cat":284463},{"id":118485,"n":"Préservatifs Skyn Manix Elite - x10","p":7.67,"u":"0,77 €/P","img":"https://fd3-photos.leclercdrive.fr/image.ashx?id=2861051&use=l&cat=p&typeid=i","cat":284631},{"id":118492,"n":"Gel lubrifiant Manix Pure - 80ml","p":3.87,"u":"48,38 €/L","img":"https://fd3-photos.leclercdrive.fr/image.ashx?id=2886160&use=l&cat=p&typeid=i","cat":285160},{"id":118536,"n":"Boules inox Eco+ x2","p":0.24,"u":"0,12 €/P","img":"https://fd3-photos.leclercdrive.fr/image.ashx?id=1862246&use=l&cat=p&typeid=i","cat":284667},{"id":118575,"n":"Dettol Kit Distributeur Savon  Mains liquide Aloe Vera 250ml","p":8.84,"u":"35,36 €/L","img":"https://fd3-photos.leclercdrive.fr/image.ashx?id=2543013&use=l&cat=p&typeid=i","cat":284597},{"id":118582,"n":"Culotte Uni Vert Médium - x12","p":8.3,"u":"0,69 €/P","img":"https://fd3-photos.leclercdrive.fr/image.ashx?id=1874039&use=l&cat=p&typeid=i","cat":284628},{"id":118583,"n":"Tampons Uni Vert Normal digital - x16","p":1.63,"u":"0,10 €/P","img":"https://fd3-photos.leclercdrive.fr/image.ashx?id=2896901&use=l&cat=p&typeid=i","cat":284626},{"id":118593,"n":"Serviettes Love & Green Incontinence Normal - x12","p":4.38,"u":"0,37 €/P","img":"https://fd3-photos.leclercdrive.fr/image.ashx?id=1866320&use=l&cat=p&typeid=i","cat":284628},{"id":118595,"n":"Serviettes Love & Green Incontinence maxi nuit - x12","p":9.15,"u":"0,76 €/P","img":"https://fd3-photos.leclercdrive.fr/image.ashx?id=2407691&use=l&cat=p&typeid=i","cat":284628},{"id":118601,"n":"Sirop d'Erable Maple Joe Bio - 250g","p":5.95,"u":"23,80 €/KG","img":"https://fd3-photos.leclercdrive.fr/image.ashx?id=2101084&use=l&cat=p&typeid=i","cat":287643},{"id":118612,"n":"Crêpes fourrées  Whaou Chocolat au lait  - x8 - 256g","p":2.25,"u":"8,79 €/KG","img":"https://fd3-photos.leclercdrive.fr/image.ashx?id=2960171&use=l&cat=p&typeid=i","cat":284494},{"id":118667,"n":"Sucre en poudre Canderel 250g","p":4.36,"u":"17,44 €/KG","img":"https://fd3-photos.leclercdrive.fr/image.ashx?id=2461466&use=l&cat=p&typeid=i","cat":324846},{"id":118669,"n":"Câpres surfines Jardin d'Orante Citron et thym - Bio - 60g","p":2.58,"u":"43,00 €/KG","img":"https://fd3-photos.leclercdrive.fr/image.ashx?id=2883113&use=l&cat=p&typeid=i","cat":284458},{"id":118738,"n":"Miche fumée Boni Enrobée de poivre - 120g","p":3.21,"u":"26,75 €/KG","img":"https://fd3-photos.leclercdrive.fr/image.ashx?id=2402217&use=l&cat=p&typeid=i","cat":316007},{"id":118850,"n":"AOC Buzet L'Excellence rouge BIB - 3L - 13,5%","p":13.83,"u":"4,61 €/L","img":"https://fd3-photos.leclercdrive.fr/image.ashx?id=2881341&use=l&cat=p&typeid=i","cat":289560},{"id":118851,"n":"AOP Buzet Vin rosé  L'Excellence - BIB 3L","p":14.52,"u":"4,84 €/L","img":"https://fd3-photos.leclercdrive.fr/image.ashx?id=1863366&use=l&cat=p&typeid=i","cat":289560},{"id":118960,"n":"Brookie Pocket, pépites choco 184g","p":2.57,"u":"13,97 €/KG","img":"https://fd3-photos.leclercdrive.fr/image.ashx?id=2964718&use=l&cat=p&typeid=i","cat":284495},{"id":119003,"n":"Crème de mirabelle Giffard 16% vol - 50cl","p":6.03,"u":"12,06 €/L","img":"https://fd3-photos.leclercdrive.fr/image.ashx?id=2219669&use=l&cat=p&typeid=i","cat":286032},{"id":119030,"n":"Pâté croûte Maison Monterrat APC - 450g","p":3.32,"u":"7,38 €/KG","img":"https://fd3-photos.leclercdrive.fr/image.ashx?id=1857910&use=l&cat=p&typeid=i","cat":316003},{"id":119075,"n":"Edulcorant Ginko Mini sweets x400 - 4.8g","p":4.3,"u":"860,00 €/KG","img":"https://fd3-photos.leclercdrive.fr/image.ashx?id=1860603&use=l&cat=p&typeid=i","cat":324846},{"id":119091,"n":"Fine cuisine papillotte Marie Cabillaud - 300g","p":4.41,"u":"14,70 €/KG","img":"https://fd3-photos.leclercdrive.fr/image.ashx?id=2993364&use=l&cat=p&typeid=i","cat":284254},{"id":119104,"n":"Chili con carne Paul et Louise 800g","p":4.18,"u":"5,23 €/KG","img":"https://fd3-photos.leclercdrive.fr/image.ashx?id=3008488&use=l&cat=p&typeid=i","cat":325094},{"id":119123,"n":"Barre de céréales Nature Valley Crunchy multi variétés X5-210g","p":2.83,"u":"13,48 €/KG","img":"https://fd3-photos.leclercdrive.fr/image.ashx?id=2616270&use=l&cat=p&typeid=i","cat":285869},{"id":119185,"n":"Bougie vanille Uni Vert 30h - 130g","p":3.99,"u":"30,69 €/KG","img":"https://fd3-photos.leclercdrive.fr/image.ashx?id=2670347&use=l&cat=p&typeid=i","cat":284666},{"id":119220,"n":"Vin blanc Arbois Tradition Cave de la Muyre75cl","p":10.97,"u":"14,63 €/L","img":"https://fd3-photos.leclercdrive.fr/image.ashx?id=2790168&use=l&cat=p&typeid=i","cat":289557},{"id":119225,"n":"AOP Côte du Jura Macvin blanc Caves de la Muyre - 75cl","p":18.5,"u":"24,67 €/L","img":"https://fd3-photos.leclercdrive.fr/image.ashx?id=3011653&use=l&cat=p&typeid=i","cat":289557},{"id":119229,"n":"Fondant de boeuf Marie Sauce à la basquaise - 300g","p":4.77,"u":"15,90 €/P","img":"https://fd3-photos.leclercdrive.fr/image.ashx?id=2300161&use=l&cat=p&typeid=i","cat":333665},{"id":119235,"n":"Filet de poulet Marie Sauce Crème Thym/ Citron - 300g","p":4.37,"u":"14,57 €/KG","img":"https://fd3-photos.leclercdrive.fr/image.ashx?id=2301298&use=l&cat=p&typeid=i","cat":333665},{"id":119259,"n":"Couches Love & Green Hypoallergéniques Taille 3- x52","p":15.85,"u":"0,30 €/P","img":"https://fd3-photos.leclercdrive.fr/image.ashx?id=2798138&use=l&cat=p&typeid=i","cat":284737},{"id":119263,"n":"Couches Love & Green Hypoallergéniques Taille 5- x40","p":16.93,"u":"0,42 €/P","img":"https://fd3-photos.leclercdrive.fr/image.ashx?id=2799527&use=l&cat=p&typeid=i","cat":284737},{"id":119264,"n":"Sauce Bolognaise Panzani 100% Pur Bœuf - 650G","p":3.5,"u":"5,38 €/KG","img":"https://fd3-photos.leclercdrive.fr/image.ashx?id=2977933&use=l&cat=p&typeid=i","cat":287599},{"id":119267,"n":"Café moulu Plantation Noir intense - 3x250g","p":10.19,"u":"13,59 €/KG","img":"https://fd3-photos.leclercdrive.fr/image.ashx?id=2607587&use=l&cat=p&typeid=i","cat":284750},{"id":119273,"n":"Carottes Notre Jardin 3x130g","p":2.25,"u":"5,77 €/KG","img":"https://fd3-photos.leclercdrive.fr/image.ashx?id=2537364&use=l&cat=p&typeid=i","cat":312607},{"id":119284,"n":"Protège slips Love & Green Hypoallergéniques 0% - x30","p":2.6,"u":"0,09 €/P","img":"https://fd3-photos.leclercdrive.fr/image.ashx?id=2811356&use=l&cat=p&typeid=i","cat":284625},{"id":119287,"n":"Protège lingerie bio Tadam Dermo-sensitif normal - x24","p":2.83,"img":"https://fd3-photos.leclercdrive.fr/image.ashx?id=2754764&use=l&cat=p&typeid=i","cat":284625},{"id":119294,"n":"Serviette incontinence Uni Vert Ecolo super - x10","p":2.45,"u":"0,25 €/P","img":"https://fd3-photos.leclercdrive.fr/image.ashx?id=1880548&use=l&cat=p&typeid=i","cat":284628},{"id":119333,"n":"Serviettes normales Love&Green Hypoallergéniques 0% - x14","p":2.6,"u":"0,19 €/P","img":"https://fd3-photos.leclercdrive.fr/image.ashx?id=2811359&use=l&cat=p&typeid=i","cat":284624},{"id":119337,"n":"Crème légère jour So Bio Etic Anti-âge argan bio - 50ml","p":8.69,"u":"173,80 €/L","img":"https://fd3-photos.leclercdrive.fr/image.ashx?id=2788730&use=l&cat=p&typeid=i","cat":325345},{"id":119339,"n":"Gel nettoyant Uni Vert Entretien canalisations - 1L","p":3.9,"u":"3,90 €/L","img":"https://fd3-photos.leclercdrive.fr/image.ashx?id=2593471&use=l&cat=p&typeid=i","cat":284908},{"id":119341,"n":"Culotte Uni Vert Ecolo large - x10","p":7.67,"u":"0,77 €/P","img":"https://fd3-photos.leclercdrive.fr/image.ashx?id=1869865&use=l&cat=p&typeid=i","cat":284628},{"id":119503,"n":"AOC Bourgogne Chardonnay La Chablisienne - 75cl","p":6.89,"u":"9,19 €/L","img":"https://fd3-photos.leclercdrive.fr/image.ashx?id=2524745&use=l&cat=p&typeid=i","cat":289557},{"id":119510,"n":"Blancs de poireaux filière Panier du Primeur - 500g","p":2.49,"u":"4,98 €/KG","img":"https://fd3-photos.leclercdrive.fr/image.ashx?id=2930894&use=l&cat=p&typeid=i","cat":284352},{"id":119551,"n":"Fluide de jour lait d'anesse So Bio Etic bio - 50ml","p":8.38,"u":"167,60 €/L","img":"https://fd3-photos.leclercdrive.fr/image.ashx?id=2855277&use=l&cat=p&typeid=i","cat":325345},{"id":119559,"n":"Compotes Materne Coupelles  Multivariétés Rouges - 16x100g","p":4.94,"u":"3,09 €/KG","img":"https://fd3-photos.leclercdrive.fr/image.ashx?id=3010843&use=l&cat=p&typeid=i","cat":284508},{"id":119560,"n":"Compotes Materne Coupelles  Multivariétés Jaunes - 16x100g","p":4.64,"u":"2,90 €/KG","img":"https://fd3-photos.leclercdrive.fr/image.ashx?id=3010846&use=l&cat=p&typeid=i","cat":284508},{"id":119571,"n":"Douceur de Brebis vanille 4x100g - Le Petit Basque","p":2.76,"u":"6,90 €/KG","img":"https://fd3-photos.leclercdrive.fr/image.ashx?id=2248093&use=l&cat=p&typeid=i","cat":314998},{"id":119634,"n":"Gourmet Gold Régal de sauce  x12 - 85g","p":6.87,"u":"6,74 €/KG","img":"https://fd3-photos.leclercdrive.fr/image.ashx?id=2902364&use=l&cat=p&typeid=i","cat":285286},{"id":119709,"n":"Fromage Persillée Saint Agur  125g","p":2.4,"u":"19,20 €/KG","img":"https://fd3-photos.leclercdrive.fr/image.ashx?id=2981515&use=l&cat=p&typeid=i","cat":314032},{"id":119728,"n":"Blanc poulet fumé 6 Tranches - 180g","p":2.24,"u":"12,44 €/KG","img":"https://fd3-photos.leclercdrive.fr/image.ashx?id=2970474&use=l&cat=p&typeid=i","cat":316010},{"id":119748,"n":"Mini éclairs Vanille chocolat x16 - 224g","p":8.24,"u":"36,79 €/KG","img":"https://fd3-photos.leclercdrive.fr/image.ashx?id=2771861&use=l&cat=p&typeid=i","cat":284360},{"id":119767,"n":"Eau micellaire bio Bionaïa 400ml","p":3.73,"u":"9,33 €/L","img":"https://fd3-photos.leclercdrive.fr/image.ashx?id=2376055&use=l&cat=p&typeid=i","cat":284603},{"id":119782,"n":"Lardons fumés Jean Floc'h Allumettes - 500g","p":6.92,"u":"13,84 €/KG","img":"https://fd3-photos.leclercdrive.fr/image.ashx?id=1898531&use=l&cat=p&typeid=i","cat":319779},{"id":119797,"n":"Comté fromage bloc Les Croisés 200g","p":2.85,"u":"14,25 €/KG","img":"https://fd3-photos.leclercdrive.fr/image.ashx?id=2856585&use=l&cat=p&typeid=i","cat":314034},{"id":119805,"n":"Déodorant Bio N.A.E. Révitalisant - 50ml","p":4.15,"u":"83,00 €/L","img":"https://fd3-photos.leclercdrive.fr/image.ashx?id=1865532&use=l&cat=p&typeid=i","cat":284595},{"id":119893,"n":"Skyr Nature Délisse 450g","p":1.89,"u":"4,20 €/KG","img":"https://fd3-photos.leclercdrive.fr/image.ashx?id=2992549&use=l&cat=p&typeid=i","cat":315000},{"id":119940,"n":"Mini candy play Copains Copines 180g","p":1.49,"u":"8,28 €/KG","img":"https://fd3-photos.leclercdrive.fr/image.ashx?id=2934733&use=l&cat=p&typeid=i","cat":304250},{"id":119941,"n":"Fromage à Tartiner Tartare Ail et Fines Herbes 10P - 160g","p":2.07,"u":"12,94 €/KG","img":"https://fd3-photos.leclercdrive.fr/image.ashx?id=2867410&use=l&cat=p&typeid=i","cat":314029},{"id":119943,"n":"Soupe 10 légumes Liebig A la crème - x2 - 60cl","p":2.21,"u":"3,68 €/L","img":"https://fd3-photos.leclercdrive.fr/image.ashx?id=2892139&use=l&cat=p&typeid=i","cat":284462},{"id":119954,"n":"Crevettes Delpierre ASC décortiquées - 100g","p":3.99,"u":"39,90 €/KG","img":"https://fd3-photos.leclercdrive.fr/image.ashx?id=2870530&use=l&cat=p&typeid=i","cat":284343},{"id":119956,"n":"Filets de limande du Nord MSC L'Atelier Poissonnerie x2 200g","p":3.39,"u":"16,95 €/KG","img":"https://fd3-photos.leclercdrive.fr/image.ashx?id=2652101&use=l&cat=p&typeid=i","cat":284344},{"id":119958,"n":"Filets de colin d'Alaska Meunière MSC x2 - 200g","p":2.49,"u":"12,45 €/KG","img":"https://fd3-photos.leclercdrive.fr/image.ashx?id=2652107&use=l&cat=p&typeid=i","cat":284344},{"id":119963,"n":"Pavés de saumon de Norvège ASC L'Atelier Poissonnerie x2 250g","p":5.99,"u":"23,96 €/KG","img":"https://fd3-photos.leclercdrive.fr/image.ashx?id=2340590&use=l&cat=p&typeid=i","cat":284342},{"id":119965,"n":"Pavés de saumon ASC Norvège L'Atelier Poissonnerie x4 -500g","p":11.49,"u":"22,98 €/KG","img":"https://fd3-photos.leclercdrive.fr/image.ashx?id=2349926&use=l&cat=p&typeid=i","cat":284342},{"id":120152,"n":"Soupe nouille cup Yum Yum Poulet shoyu - 70g","p":0.95,"u":"13,57 €/KG","img":"https://fd3-photos.leclercdrive.fr/image.ashx?id=1870864&use=l&cat=p&typeid=i","cat":288992},{"id":120153,"n":"Soupe nouille cup Yum Yum Deshydratée Canard - 70g","p":0.95,"u":"13,57 €/KG","img":"https://fd3-photos.leclercdrive.fr/image.ashx?id=2260201&use=l&cat=p&typeid=i","cat":288992},{"id":120210,"n":"Nouilles soba Cup Nissin Sukiyaki Boeuf - 89g","p":2.17,"u":"24,38 €/KG","img":"https://fd3-photos.leclercdrive.fr/image.ashx?id=2647624&use=l&cat=p&typeid=i","cat":288992},{"id":120211,"n":"Nissin soba Cup Yakitori Poulet 89g","p":3.01,"u":"33,82 €/KG","img":"https://fd3-photos.leclercdrive.fr/image.ashx?id=2433509&use=l&cat=p&typeid=i","cat":288992},{"id":120212,"n":"Nouilles soba Cup Nissin Classique - 90g","p":1.89,"u":"21,00 €/KG","img":"https://fd3-photos.leclercdrive.fr/image.ashx?id=2433512&use=l&cat=p&typeid=i","cat":288992},{"id":120214,"n":"Nissin Soba Cup Teriyaki  90g","p":1.89,"u":"21,00 €/KG","img":"https://fd3-photos.leclercdrive.fr/image.ashx?id=2160111&use=l&cat=p&typeid=i","cat":288992},{"id":120219,"n":"Sauce Smokey Sriracha Gotan 215 ml","p":2.48,"u":"11,53 €/L","img":"https://fd3-photos.leclercdrive.fr/image.ashx?id=2999018&use=l&cat=p&typeid=i","cat":288992},{"id":120224,"n":"Cristaux de soude Clair 500g","p":1.93,"u":"3,86 €/KG","img":"https://fd3-photos.leclercdrive.fr/image.ashx?id=2822144&use=l&cat=p&typeid=i","cat":325365},{"id":120225,"n":"Percarbonate de sodium Clair 500g","p":2.99,"u":"5,98 €/KG","img":"https://fd3-photos.leclercdrive.fr/image.ashx?id=2822141&use=l&cat=p&typeid=i","cat":325365},{"id":120237,"n":"Thon Albacore Pompon Rouge 93g","p":1.97,"u":"21,18 €/KG","img":"https://fd3-photos.leclercdrive.fr/image.ashx?id=2019339&use=l&cat=p&typeid=i","cat":303867},{"id":120261,"n":"Lessive liquide Epsil Anti-transfert - 40 lavages 2L","p":5.99,"u":"3,00 €/L","img":"https://fd3-photos.leclercdrive.fr/image.ashx?id=2838936&use=l&cat=p&typeid=i","cat":284640},{"id":120266,"n":"Galettes de riz Tanoshi Vietnam x10 - 100g","p":2.23,"u":"2,23 €/KG","img":"https://fd3-photos.leclercdrive.fr/image.ashx?id=2999982&use=l&cat=p&typeid=i","cat":288992},{"id":120267,"n":"Tablette chocolat noir Lindt Sésame grillé - 2x100g","p":3.81,"u":"19,05 €/KG","img":"https://fd3-photos.leclercdrive.fr/image.ashx?id=2230893&use=l&cat=p&typeid=i","cat":284956},{"id":120268,"n":"Sauce soja Tanoshi Sel reduit - 200ml","p":2.39,"u":"11,95 €/L","img":"https://fd3-photos.leclercdrive.fr/image.ashx?id=2907985&use=l&cat=p&typeid=i","cat":288992},{"id":120289,"n":"Capsules Nescafé Dolce Gusto Café au lait 30 capsules","p":8.27,"u":"27,57 €/KG","img":"https://fd3-photos.leclercdrive.fr/image.ashx?id=2849262&use=l&cat=p&typeid=i","cat":293239},{"id":120295,"n":"Mascara Waterproof Maybelline  Cils Sensational Extra-noir","p":6.59,"img":"https://fd3-photos.leclercdrive.fr/image.ashx?id=2377781&use=l&cat=p&typeid=i","cat":287029},{"id":120331,"n":"Eau gazeuse minérale Salvetat Pauvre en sodium - 6x1,15L","p":3.04,"u":"0,44 €/L","img":"https://fd3-photos.leclercdrive.fr/image.ashx?id=2578693&use=l&cat=p&typeid=i","cat":284536},{"id":120346,"n":"Mini gratins chorizo Côté Table 400g","p":3.79,"u":"9,48 €/KG","img":"https://fd3-photos.leclercdrive.fr/image.ashx?id=2641292&use=l&cat=p&typeid=i","cat":319802},{"id":120348,"n":"Purée 4 mois Bio Village Pomme pruneaux bio - 4x100g","p":1.69,"u":"4,23 €/KG","img":"https://fd3-photos.leclercdrive.fr/image.ashx?id=2704837&use=l&cat=p&typeid=i","cat":312387},{"id":120349,"n":"Purée 4 mois Bio Village Pomme Abricot bio - 4x100g","p":1.89,"u":"4,73 €/KG","img":"https://fd3-photos.leclercdrive.fr/image.ashx?id=2704690&use=l&cat=p&typeid=i","cat":312387},{"id":120350,"n":"Purée 4 mois Bio Village Pomme coing bio - 4x100g","p":1.79,"u":"4,48 €/KG","img":"https://fd3-photos.leclercdrive.fr/image.ashx?id=2704840&use=l&cat=p&typeid=i","cat":312387},{"id":120351,"n":"Purée 4 mois Bio Village Pomme myrtilles bio - 4x100g","p":1.99,"u":"4,98 €/KG","img":"https://fd3-photos.leclercdrive.fr/image.ashx?id=2704843&use=l&cat=p&typeid=i","cat":312387},{"id":120379,"n":"Olive Bella di cerignola  Vertes - 320g","p":3.49,"u":"10,91 €/KG","img":"https://fd3-photos.leclercdrive.fr/image.ashx?id=1870930&use=l&cat=p&typeid=i","cat":284458},{"id":120403,"n":"Adoucissant L'Arbre Vert Souffle de pureté x53 - 800ml","p":3.37,"u":"4,21 €/L","img":"https://fd3-photos.leclercdrive.fr/image.ashx?id=3001386&use=l&cat=p&typeid=i","cat":284650},{"id":120421,"n":"Crème de coco Real Thai 200ml","p":1.67,"u":"8,35 €/L","img":"https://fd3-photos.leclercdrive.fr/image.ashx?id=2857944&use=l&cat=p&typeid=i","cat":288992},{"id":120426,"n":"Protège slip écolo Uni vert Normal - x30","p":2.12,"u":"0,07 €/P","img":"https://fd3-photos.leclercdrive.fr/image.ashx?id=2799787&use=l&cat=p&typeid=i","cat":284625},{"id":120428,"n":"Serviette ecolo Uni Vert Normal - x14","p":1.79,"u":"0,13 €/P","img":"https://fd3-photos.leclercdrive.fr/image.ashx?id=2831589&use=l&cat=p&typeid=i","cat":284624},{"id":120429,"n":"Serviette écolo Uni vert Super+ - x12","p":1.55,"u":"0,13 €/P","img":"https://fd3-photos.leclercdrive.fr/image.ashx?id=2820445&use=l&cat=p&typeid=i","cat":284624},{"id":120430,"n":"Serviette écolo Uni Vert Nuit + - x10","p":1.79,"u":"0,18 €/P","img":"https://fd3-photos.leclercdrive.fr/image.ashx?id=2806780&use=l&cat=p&typeid=i","cat":284624},{"id":120482,"n":"Planta fin cuisine facile 750ml - Format familial","p":3.51,"u":"4,68 €/L","img":"https://fd3-photos.leclercdrive.fr/image.ashx?id=2440091&use=l&cat=p&typeid=i","cat":284453},{"id":120488,"n":"Riz parfumé Comptoir du Grain Basmati -1kg","p":2.48,"u":"2,48 €/KG","img":"https://fd3-photos.leclercdrive.fr/image.ashx?id=2923399&use=l&cat=p&typeid=i","cat":284428},{"id":120489,"n":"Pain de mie extra-moelleux Epi d'or - 500g","p":1.49,"u":"2,98 €/KG","img":"https://fd3-photos.leclercdrive.fr/image.ashx?id=2301238&use=l&cat=p&typeid=i","cat":284477},{"id":120492,"n":"Céréales fourrées P'tit Déli Chocolat noisette - 450g","p":2.19,"u":"4,87 €/KG","img":"https://fd3-photos.leclercdrive.fr/image.ashx?id=2819636&use=l&cat=p&typeid=i","cat":309513},{"id":120520,"n":"Mascara Maybelline  Cils Sensational Extra-noir","p":8.05,"img":"https://fd3-photos.leclercdrive.fr/image.ashx?id=2377784&use=l&cat=p&typeid=i","cat":287029},{"id":120587,"n":"Friandise pour chat Dentalife Saumon - 40g","p":1.33,"u":"33,25 €/KG","img":"https://fd3-photos.leclercdrive.fr/image.ashx?id=2468638&use=l&cat=p&typeid=i","cat":285285},{"id":120660,"n":"Purée 4 mois Bio Village Fruits verger bio - 4x100g","p":1.89,"u":"4,73 €/KG","img":"https://fd3-photos.leclercdrive.fr/image.ashx?id=2704846&use=l&cat=p&typeid=i","cat":312387},{"id":120661,"n":"Purée 4 mois Bio Village Pomme Fraise Banane bio -4x100g","p":1.69,"u":"4,23 €/KG","img":"https://fd3-photos.leclercdrive.fr/image.ashx?id=2704849&use=l&cat=p&typeid=i","cat":312387},{"id":120663,"n":"Purée 6 mois Bio Village Pomme carotte mangue bio-4x100g","p":1.79,"u":"4,48 €/KG","img":"https://fd3-photos.leclercdrive.fr/image.ashx?id=2704852&use=l&cat=p&typeid=i","cat":312388},{"id":120665,"n":"Purée 6 mois Bio Village Pomme Biscuit bio - 4x100g","p":1.79,"u":"4,48 €/KG","img":"https://fd3-photos.leclercdrive.fr/image.ashx?id=2704855&use=l&cat=p&typeid=i","cat":312388},{"id":120669,"n":"Assiette 18 mois Bio Village Blanquette dinde bio - 260g","p":1.89,"u":"7,27 €/KG","img":"https://fd3-photos.leclercdrive.fr/image.ashx?id=2900229&use=l&cat=p&typeid=i","cat":312238},{"id":120676,"n":"Shampooing Arbre Vert Peaux sensibles - 250ml","p":2.49,"u":"9,96 €/L","img":"https://fd3-photos.leclercdrive.fr/image.ashx?id=2175909&use=l&cat=p&typeid=i","cat":284606},{"id":120683,"n":"Petits pots bébé P'TITE RECETTE Bœuf bourguignon 12M+ - 2x200g","p":2.17,"u":"5,43 €/KG","img":"https://fd3-photos.leclercdrive.fr/image.ashx?id=2525714&use=l&cat=p&typeid=i","cat":312237},{"id":120686,"n":"Biphase micellaire So Bio Etic Bamboo bio - 500ml","p":6.54,"u":"13,08 €/L","img":"https://fd3-photos.leclercdrive.fr/image.ashx?id=2680221&use=l&cat=p&typeid=i","cat":284603},{"id":120688,"n":"Gel douche argan So Bio Etic Nutrition bio - 650ml","p":5.76,"u":"8,86 €/L","img":"https://fd3-photos.leclercdrive.fr/image.ashx?id=2891583&use=l&cat=p&typeid=i","cat":284594},{"id":120690,"n":"Shampoing Nateïs Cheveux fragiles - 250ml","p":1.27,"u":"5,08 €/L","img":"https://fd3-photos.leclercdrive.fr/image.ashx?id=2626838&use=l&cat=p&typeid=i","cat":284606},{"id":120691,"n":"Après-shampoing Nateïs Cheveux fragiles - 250ml","p":1.35,"u":"5,40 €/L","img":"https://fd3-photos.leclercdrive.fr/image.ashx?id=2626844&use=l&cat=p&typeid=i","cat":284607},{"id":120692,"n":"Pur jus d'orange Bio Village Bio - 2L","p":4.75,"u":"2,38 €/L","img":"https://fd3-photos.leclercdrive.fr/image.ashx?id=2751922&use=l&cat=p&typeid=i","cat":284521},{"id":120694,"n":"Jus de pomme bio Bio Village 1L","p":1.29,"u":"1,29 €/L","img":"https://fd3-photos.leclercdrive.fr/image.ashx?id=2958783&use=l&cat=p&typeid=i","cat":284522},{"id":120715,"n":"IGP Pâte Garofalo  Rigatoni - 500g","p":1.97,"u":"3,94 €/KG","img":"https://fd3-photos.leclercdrive.fr/image.ashx?id=3011890&use=l&cat=p&typeid=i","cat":284427},{"id":120720,"n":"Spaghetti Garofalo 500g","p":1.69,"u":"3,38 €/KG","img":"https://fd3-photos.leclercdrive.fr/image.ashx?id=2111496&use=l&cat=p&typeid=i","cat":284427},{"id":120727,"n":"Pâtes tagliatelle Garofalo 500g","p":2.09,"u":"4,18 €/KG","img":"https://fd3-photos.leclercdrive.fr/image.ashx?id=3005350&use=l&cat=p&typeid=i","cat":284427},{"id":120741,"n":"Jus d'orange Bio Village Bio A base de concentré - 1L","p":2.19,"u":"2,19 €/L","img":"https://fd3-photos.leclercdrive.fr/image.ashx?id=2958777&use=l&cat=p&typeid=i","cat":284521},{"id":120744,"n":"Barre de céréales Nature Valley Sweet & Salty cacahuète x5-150g","p":2.79,"u":"18,60 €/KG","img":"https://fd3-photos.leclercdrive.fr/image.ashx?id=2737711&use=l&cat=p&typeid=i","cat":285869},{"id":120799,"n":"Filet de poulet jaune Volandrie 300g","p":3.69,"u":"12,30 €/KG","img":"https://fd3-photos.leclercdrive.fr/image.ashx?id=2647910&use=l&cat=p&typeid=i","cat":284336},{"id":120822,"n":"Tablette de chocolat noir Lindt Croquant Noisette - 150g","p":4.6,"u":"30,67 €/KG","img":"https://fd3-photos.leclercdrive.fr/image.ashx?id=1877963&use=l&cat=p&typeid=i","cat":284956},{"id":120841,"n":"Bonbons Lutti Max 2 Fizz Assortiment Piquant - 500g","p":4.41,"u":"8,82 €/KG","img":"https://fd3-photos.leclercdrive.fr/image.ashx?id=2964685&use=l&cat=p&typeid=i","cat":304250},{"id":120843,"n":"Chicorée Soluble Ricoré  Aux Céréales - 250g","p":4.32,"u":"17,28 €/KG","img":"https://fd3-photos.leclercdrive.fr/image.ashx?id=2979611&use=l&cat=p&typeid=i","cat":284843},{"id":120851,"n":"Réglisse Lutti O'Tablo Rafraichissante - 200g","p":1.17,"u":"5,85 €/KG","img":"https://fd3-photos.leclercdrive.fr/image.ashx?id=2817425&use=l&cat=p&typeid=i","cat":304250},{"id":120852,"n":"Bonbon arlequin Lutti Acidulé aux fruits - 320g","p":3.18,"u":"9,94 €/KG","img":"https://fd3-photos.leclercdrive.fr/image.ashx?id=2817431&use=l&cat=p&typeid=i","cat":304250},{"id":120853,"n":"Bonbons Lutti Scoubifizz Piquants Fruits - 180g","p":1.63,"u":"9,06 €/KG","img":"https://fd3-photos.leclercdrive.fr/image.ashx?id=2964837&use=l&cat=p&typeid=i","cat":304250},{"id":120855,"n":"Bonbons Lutti Filitubs xl Piquants - 180g","p":1.74,"u":"9,67 €/KG","img":"https://fd3-photos.leclercdrive.fr/image.ashx?id=2817440&use=l&cat=p&typeid=i","cat":304250},{"id":120859,"n":"Goms saveurs Lpqc 265g","p":2.19,"u":"8,26 €/KG","img":"https://fd3-photos.leclercdrive.fr/image.ashx?id=2844957&use=l&cat=p&typeid=i","cat":304250},{"id":120864,"n":"Bonbons Lutti Flexifizz Piquants Fraise - 225g","p":1.73,"u":"7,69 €/KG","img":"https://fd3-photos.leclercdrive.fr/image.ashx?id=2806396&use=l&cat=p&typeid=i","cat":304250},{"id":120865,"n":"Poudre chocolatée NESQUIK Sticks  - 12x13.5g","p":2.43,"u":"15,00 €/KG","img":"https://fd3-photos.leclercdrive.fr/image.ashx?id=3005302&use=l&cat=p&typeid=i","cat":293235},{"id":120872,"n":"Pépites chocolat Bio Village Bio - 100g","p":2.22,"u":"22,20 €/KG","img":"https://fd3-photos.leclercdrive.fr/image.ashx?id=2590544&use=l&cat=p&typeid=i","cat":284504},{"id":120890,"n":"Chiffonnade de chorizo 80g","p":3.15,"u":"39,38 €/KG","img":"https://fd3-photos.leclercdrive.fr/image.ashx?id=2484389&use=l&cat=p&typeid=i","cat":316006},{"id":120891,"n":"Chiffonnade de Serrano 80g","p":2.65,"u":"33,13 €/KG","img":"https://fd3-photos.leclercdrive.fr/image.ashx?id=2484392&use=l&cat=p&typeid=i","cat":316007},{"id":120911,"n":"Crevettes 80/100 Equateur ASC L'Atelier Poissonnerie - 300g","p":3.75,"u":"12,50 €/KG","img":"https://fd3-photos.leclercdrive.fr/image.ashx?id=2714411&use=l&cat=p&typeid=i","cat":284343},{"id":120938,"n":"IGP Saucisse de Montbéliard VPF à cuire - 4x130g","p":8.63,"u":"16,60 €/KG","img":"https://fd3-photos.leclercdrive.fr/image.ashx?id=2754012&use=l&cat=p&typeid=i","cat":316012},{"id":120945,"n":"IGP Pays d'oc gris rosé Miss Anais 12% vol - 75cl","p":5.85,"u":"7,80 €/L","img":"https://fd3-photos.leclercdrive.fr/image.ashx?id=2692146&use=l&cat=p&typeid=i","cat":289558},{"id":121028,"n":"Crème mains réparatrice Mixa Zones Fragilisées - 50ml","p":5.03,"u":"100,60 €/L","img":"https://fd3-photos.leclercdrive.fr/image.ashx?id=2335919&use=l&cat=p&typeid=i","cat":325350},{"id":121096,"n":"Chocolat Peluche mix Kinder Ours - 133g","p":16.72,"u":"125,71 €/KG","img":"https://fd3-photos.leclercdrive.fr/image.ashx?id=1895392&use=l&cat=p&typeid=i","cat":327789},{"id":121157,"n":"Foie gras de canard Delpeyrat Entier - 270g","p":32.13,"u":"119,00 €/KG","img":"https://fd3-photos.leclercdrive.fr/image.ashx?id=2906082&use=l&cat=p&typeid=i","cat":316008},{"id":121188,"n":"Tablette de chocolat noir Lindt Eclat Orange - 70% - 100g","p":2.53,"u":"25,30 €/KG","img":"https://fd3-photos.leclercdrive.fr/image.ashx?id=2209215&use=l&cat=p&typeid=i","cat":284956},{"id":121216,"n":"AOC Crémant de Bourgogne Vistandines - Demi-sec 75cl","p":8.87,"u":"11,83 €/L","img":"https://fd3-photos.leclercdrive.fr/image.ashx?id=2548669&use=l&cat=p&typeid=i","cat":284544},{"id":121242,"n":"Pizza Turini Prosciutto - 400g","p":2.89,"u":"7,23 €/KG","img":"https://fd3-photos.leclercdrive.fr/image.ashx?id=2888953&use=l&cat=p&typeid=i","cat":333679},{"id":121265,"n":"Chocolat en poudre Poulain 1848 Boîte - 450g","p":4.38,"u":"9,73 €/KG","img":"https://fd3-photos.leclercdrive.fr/image.ashx?id=2867122&use=l&cat=p&typeid=i","cat":293235},{"id":121356,"n":"Dentifrice Original Parodontax Complete protect - 75ml","p":5.12,"u":"68,27 €/L","img":"https://fd3-photos.leclercdrive.fr/image.ashx?id=2546749&use=l&cat=p&typeid=i","cat":284612},{"id":121358,"n":"Dentifrice Blancheur Parodontax Complete protect - 75ml","p":4.56,"u":"60,80 €/L","img":"https://fd3-photos.leclercdrive.fr/image.ashx?id=2896393&use=l&cat=p&typeid=i","cat":284612},{"id":121383,"n":"Emmental râpé Valmartin 27%mg - 800g","p":6.34,"u":"7,93 €/KG","img":"https://fd3-photos.leclercdrive.fr/image.ashx?id=2535373&use=l&cat=p&typeid=i","cat":314035},{"id":121387,"n":"Lingettes Mots d'Enfants Toilettes bio - x60","p":2.17,"u":"0,04 €/P","img":"https://fd3-photos.leclercdrive.fr/image.ashx?id=2748729&use=l&cat=p&typeid=i","cat":284738},{"id":121388,"n":"Sacs poubelle 20L Elembal Poignées coulissantes - x20","p":2.05,"u":"0,10 €/P","img":"https://fd3-photos.leclercdrive.fr/image.ashx?id=2958753&use=l&cat=p&typeid=i","cat":285168},{"id":121390,"n":"Feuilleté vigneron Pierre Schmidt - 450g","p":4.89,"u":"10,87 €/KG","img":"https://fd3-photos.leclercdrive.fr/image.ashx?id=1987989&use=l&cat=p&typeid=i","cat":333671},{"id":121395,"n":"Vinaigre Toscoro Balsamique blanc - 50cl","p":2.26,"u":"4,52 €/L","img":"https://fd3-photos.leclercdrive.fr/image.ashx?id=2690009&use=l&cat=p&typeid=i","cat":298543},{"id":121414,"n":"Crème de nuit Dermo Revitalift Filler - 50ml","p":15.43,"u":"308,60 €/L","img":"https://fd3-photos.leclercdrive.fr/image.ashx?id=2849097&use=l&cat=p&typeid=i","cat":325345},{"id":121436,"n":"Crème anti-âge L'Oréal Paris Revitalift SPF 25 - 50ml","p":15.27,"u":"305,40 €/L","img":"https://fd3-photos.leclercdrive.fr/image.ashx?id=2853230&use=l&cat=p&typeid=i","cat":325345},{"id":121438,"n":"Sérum repulpant L'Oréal Paris Revitalift Anti-rides - 30ml","p":13.97,"u":"465,67 €/L","img":"https://fd3-photos.leclercdrive.fr/image.ashx?id=2926584&use=l&cat=p&typeid=i","cat":325345},{"id":121441,"n":"Knopfle aux oeufs Alb Gold 1kg + 200g offerts","p":6.81,"u":"5,68 €/KG","img":"https://fd3-photos.leclercdrive.fr/image.ashx?id=1878473&use=l&cat=p&typeid=i","cat":333682},{"id":121446,"n":"Peaches Haribo  Sachet bonbons - 250g","p":1.86,"u":"7,44 €/KG","img":"https://fd3-photos.leclercdrive.fr/image.ashx?id=2984925&use=l&cat=p&typeid=i","cat":304250},{"id":121447,"n":"Flanbolo Haribo Sachet bonbons - 200g","p":2.06,"u":"10,30 €/KG","img":"https://fd3-photos.leclercdrive.fr/image.ashx?id=2806117&use=l&cat=p&typeid=i","cat":304250},{"id":121453,"n":"Ricola sans sucre citron vert Thé vert - 50g","p":1.67,"u":"33,40 €/KG","img":"https://fd3-photos.leclercdrive.fr/image.ashx?id=2382189&use=l&cat=p&typeid=i","cat":304256},{"id":121454,"n":"IGP Saucisses de Montbéliard x2 Philippe Wagner","p":3.48,"u":"13,92 €/KG","img":"https://fd3-photos.leclercdrive.fr/image.ashx?id=2827149&use=l&cat=p&typeid=i","cat":316012},{"id":121492,"n":"Mini shampooing voyage Nateïs Tilleul Pomme - 100ml","p":1.09,"u":"10,90 €/L","img":"https://fd3-photos.leclercdrive.fr/image.ashx?id=2626841&use=l&cat=p&typeid=i","cat":284606},{"id":121493,"n":"Gel nettoyant Syphon Javel canalisation - 1L","p":2.98,"u":"2,98 €/L","img":"https://fd3-photos.leclercdrive.fr/image.ashx?id=2917659&use=l&cat=p&typeid=i","cat":284908},{"id":121508,"n":"Desserts Empresure Malo Chocolat/Noisette - 4x125g","p":2.25,"u":"4,50 €/KG","img":"https://fd3-photos.leclercdrive.fr/image.ashx?id=1972142&use=l&cat=p&typeid=i","cat":285041},{"id":121556,"n":"Carottes des Hauts de France Nos Régions ont du Talent - 1kg","p":1.99,"u":"1,99 €/KG","img":"https://fd3-photos.leclercdrive.fr/image.ashx?id=2928339&use=l&cat=p&typeid=i","cat":284352},{"id":121707,"n":"Sauce bolognaise pur boeuf Panzani - 200g","p":1.65,"u":"8,25 €/KG","img":"https://fd3-photos.leclercdrive.fr/image.ashx?id=2880682&use=l&cat=p&typeid=i","cat":287599},{"id":121708,"n":"Céréales fourrées P'tit Déli Chocolat noisette - 650g","p":3.08,"u":"4,74 €/KG","img":"https://fd3-photos.leclercdrive.fr/image.ashx?id=2840740&use=l&cat=p&typeid=i","cat":309513},{"id":121724,"n":"Velouté gourmand  La Potagère carotte lentille corail-Bio-1L","p":3.22,"u":"3,22 €/L","img":"https://fd3-photos.leclercdrive.fr/image.ashx?id=2541202&use=l&cat=p&typeid=i","cat":284462},{"id":121755,"n":"Dinosaure goût Ketchup 125g","p":1.41,"u":"11,28 €/KG","img":"https://fd3-photos.leclercdrive.fr/image.ashx?id=1879194&use=l&cat=p&typeid=i","cat":284449},{"id":121864,"n":"Thé Earl Grey Yaté x25- 45g","p":0.82,"u":"18,22 €/KG","img":"https://fd3-photos.leclercdrive.fr/image.ashx?id=2952400&use=l&cat=p&typeid=i","cat":293233},{"id":121878,"n":"Pâté aux pruneaux d'Agen Nos Régions Ont Du Talent -180g","p":1.99,"u":"11,06 €/KG","img":"https://fd3-photos.leclercdrive.fr/image.ashx?id=2560518&use=l&cat=p&typeid=i","cat":305149},{"id":122010,"n":"Popcorn micro-ondes sucré 300g","p":3.41,"u":"11,37 €/KG","img":"https://fd3-photos.leclercdrive.fr/image.ashx?id=1955942&use=l&cat=p&typeid=i","cat":304249},{"id":122011,"n":"Popcorn PopBox micro-ondes salé 300g","p":3.23,"u":"10,77 €/KG","img":"https://fd3-photos.leclercdrive.fr/image.ashx?id=2735767&use=l&cat=p&typeid=i","cat":304249},{"id":122035,"n":"Vinaigre de ménage 14° Briochin Ecocert - 1L","p":3.29,"u":"3,29 €/L","img":"https://fd3-photos.leclercdrive.fr/image.ashx?id=3000734&use=l&cat=p&typeid=i","cat":325365},{"id":122040,"n":"Douche crème Le Petit Olivier Lait de karité - 750ml","p":4.07,"u":"5,43 €/L","img":"https://fd3-photos.leclercdrive.fr/image.ashx?id=2144851&use=l&cat=p&typeid=i","cat":284594},{"id":122057,"n":"Filet Poulet Fermier x2 La Nouvelle Agriculture - 280g","p":5.65,"u":"20,18 €/KG","img":"https://fd3-photos.leclercdrive.fr/image.ashx?id=2095938&use=l&cat=p&typeid=i","cat":284336},{"id":122065,"n":"Biscuit pépite Nat&Vie Chocolat au lait - 200g","p":1.16,"u":"5,80 €/KG","img":"https://fd3-photos.leclercdrive.fr/image.ashx?id=1879927&use=l&cat=p&typeid=i","cat":318651},{"id":122074,"n":"Biscuit pavot Nat&Vie Citron - 200g","p":1.29,"u":"6,45 €/KG","img":"https://fd3-photos.leclercdrive.fr/image.ashx?id=1879930&use=l&cat=p&typeid=i","cat":318651},{"id":122089,"n":"Mini lunettes bio Bio Village  Fraise - 156g","p":1.99,"u":"12,76 €/KG","img":"https://fd3-photos.leclercdrive.fr/image.ashx?id=2353381&use=l&cat=p&typeid=i","cat":284489},{"id":122092,"n":"Goûter bio Bio Village Fourrage cacao - 185g","p":2.06,"u":"11,14 €/KG","img":"https://fd3-photos.leclercdrive.fr/image.ashx?id=1879942&use=l&cat=p&typeid=i","cat":284488},{"id":122094,"n":"Barre bio Bio village Chocolat coeur au lait - 125g","p":3.35,"u":"26,80 €/KG","img":"https://fd3-photos.leclercdrive.fr/image.ashx?id=2176095&use=l&cat=p&typeid=i","cat":284488},{"id":122099,"n":"Biscuit goûter Nat&Vie Aux raisins  - 200g","p":0.79,"u":"3,95 €/GK","img":"https://fd3-photos.leclercdrive.fr/image.ashx?id=1879972&use=l&cat=p&typeid=i","cat":318651},{"id":122100,"n":"Biscuit goûter Nat&Vie Aux pommes - 200g","p":1.06,"u":"5,30 €/KG","img":"https://fd3-photos.leclercdrive.fr/image.ashx?id=1879990&use=l&cat=p&typeid=i","cat":318651},{"id":122102,"n":"Noix de coco bio Bio Village En poudre - 100g","p":1.63,"u":"16,30 €/KG","img":"https://fd3-photos.leclercdrive.fr/image.ashx?id=1879994&use=l&cat=p&typeid=i","cat":284504},{"id":122221,"n":"Concentré Sodastream Pepsi - 440ml","p":5.99,"pp":4.99,"u":"11,34 €/L","img":"https://fd3-photos.leclercdrive.fr/image.ashx?id=2665532&use=l&cat=p&typeid=i","cat":295020},{"id":122222,"n":"Concentré Sodastream Pepsi Max- 440ml","p":5.99,"pp":4.99,"u":"11,34 €/L","img":"https://fd3-photos.leclercdrive.fr/image.ashx?id=2665535&use=l&cat=p&typeid=i","cat":295020},{"id":122223,"n":"Concentré Sodastream 7UP - 440ml","p":5.99,"pp":4.99,"u":"11,34 €/L","img":"https://fd3-photos.leclercdrive.fr/image.ashx?id=2814211&use=l&cat=p&typeid=i","cat":295020},{"id":122224,"n":"Concentré Sodastream 7UP Free - 440ml","p":5.99,"pp":4.99,"u":"11,34 €/L","img":"https://fd3-photos.leclercdrive.fr/image.ashx?id=2665822&use=l&cat=p&typeid=i","cat":295020},{"id":122231,"n":"Jambon supérieur Bio Village découenné 4 Tranches bio - 140g","p":4.02,"u":"28,71 €/KG","img":"https://fd3-photos.leclercdrive.fr/image.ashx?id=2974876&use=l&cat=p&typeid=i","cat":316009},{"id":122344,"n":"Pots bébé soir bio Babybio Légumes riz - 8 mois - 2x200g","p":2.96,"u":"7,40 €/KG","img":"https://fd3-photos.leclercdrive.fr/image.ashx?id=2838314&use=l&cat=p&typeid=i","cat":312239},{"id":122346,"n":"Babybio Optima croissance 3 Bio 800g","p":17.22,"u":"21,53 €/KG","img":"https://fd3-photos.leclercdrive.fr/image.ashx?id=2944029&use=l&cat=p&typeid=i","cat":290219},{"id":122347,"n":"Lait Primea 2 Bio Babybio 800g","p":17.08,"u":"21,35 €/KG","img":"https://fd3-photos.leclercdrive.fr/image.ashx?id=2962824&use=l&cat=p&typeid=i","cat":284727},{"id":122348,"n":"Lait Primea 3 Bio Babybio 800g","p":15.22,"u":"19,03 €/KG","img":"https://fd3-photos.leclercdrive.fr/image.ashx?id=2944026&use=l&cat=p&typeid=i","cat":290219},{"id":122403,"n":"Patate douce bio Bio Village 500g","p":2.49,"u":"4,98 €/KG","img":"https://fd3-photos.leclercdrive.fr/image.ashx?id=2934805&use=l&cat=p&typeid=i","cat":284352},{"id":122419,"n":"Skyr Siggi's  Nature 0% MG - 2x140g","p":2.39,"u":"8,54 €/KG","img":"https://fd3-photos.leclercdrive.fr/image.ashx?id=2372412&use=l&cat=p&typeid=i","cat":315000},{"id":122433,"n":"Allumettes Bio Village bio Fumées - 2x60g","p":1.59,"u":"13,25 €/KG","img":"https://fd3-photos.leclercdrive.fr/image.ashx?id=3004130&use=l&cat=p&typeid=i","cat":316011},{"id":122435,"n":"Lardons supérieurs Bio Village bio Fumés - 2x60g","p":1.75,"u":"14,58 €/KG","img":"https://fd3-photos.leclercdrive.fr/image.ashx?id=2761983&use=l&cat=p&typeid=i","cat":316011},{"id":122477,"n":"Ecrasé  de saison Florette 2x180g","p":3.27,"u":"9,08 €/KG","img":"https://fd3-photos.leclercdrive.fr/image.ashx?id=2767377&use=l&cat=p&typeid=i","cat":333665},{"id":122486,"n":"Thon blanc entier Pêche Océan MSC - 160g","p":2.89,"u":"18,06 €/KG","img":"https://fd3-photos.leclercdrive.fr/image.ashx?id=2942229&use=l&cat=p&typeid=i","cat":303867},{"id":122528,"n":"Skyr Siggi's  Framboise - 2x140g","p":2.11,"u":"7,54 €/KG","img":"https://fd3-photos.leclercdrive.fr/image.ashx?id=2692095&use=l&cat=p&typeid=i","cat":315000},{"id":122529,"n":"Skyr Siggi's  Myrtille - 2x140g","p":2.42,"u":"8,64 €/KG","img":"https://fd3-photos.leclercdrive.fr/image.ashx?id=2692098&use=l&cat=p&typeid=i","cat":315000},{"id":122553,"n":"Compote bio Bio Village Bocal pomme vanille - 625g","p":2.02,"u":"3,23 €/KG","img":"https://fd3-photos.leclercdrive.fr/image.ashx?id=1948045&use=l&cat=p&typeid=i","cat":284508},{"id":122554,"n":"Fromage blanc Bio Vrai Chèvre - 400g","p":3.07,"u":"7,68 €/KG","img":"https://fd3-photos.leclercdrive.fr/image.ashx?id=2388616&use=l&cat=p&typeid=i","cat":314998},{"id":122691,"n":"Yaourt brassé Bio Les 300 & Bio Fraise, framboise - 4x125g","p":1.62,"u":"3,24 €/KG","img":"https://fd3-photos.leclercdrive.fr/image.ashx?id=2629136&use=l&cat=p&typeid=i","cat":284410},{"id":122719,"n":"Miel de fleurs Lune de miel Flacon doseur liquide - 1kg","p":9.07,"u":"9,07 €/KG","img":"https://fd3-photos.leclercdrive.fr/image.ashx?id=2984874&use=l&cat=p&typeid=i","cat":287643},{"id":122759,"n":"Sachet laurier France 7g","p":2.29,"u":"327,14 €/KG","img":"https://fd3-photos.leclercdrive.fr/image.ashx?id=2372826&use=l&cat=p&typeid=i","cat":293607},{"id":122790,"n":"Chips Tuiles Pringles Hot Spicy - 175g","p":1.73,"u":"9,89 €/KG","img":"https://fd3-photos.leclercdrive.fr/image.ashx?id=2902295&use=l&cat=p&typeid=i","cat":287899},{"id":122792,"n":"Chips Tuiles Pringles Crème et Oignon - 175g","p":1.7,"u":"9,71 €/KG","img":"https://fd3-photos.leclercdrive.fr/image.ashx?id=2902292&use=l&cat=p&typeid=i","cat":287899},{"id":122798,"n":"Olives noires Tokapi Grec/herbes provençales - 200g","p":1.99,"u":"9,95 €/KG","img":"https://fd3-photos.leclercdrive.fr/image.ashx?id=1885863&use=l&cat=p&typeid=i","cat":284450},{"id":122808,"n":"Jeune pousse Panier du Primeur 125g","p":0.99,"u":"7,92 €/KG","img":"https://fd3-photos.leclercdrive.fr/image.ashx?id=2616060&use=l&cat=p&typeid=i","cat":284353},{"id":122810,"n":"Kakis Panier du Primeur Barquette 1kg","p":2.99,"u":"2,99 €/KG","img":"https://fd3-photos.leclercdrive.fr/image.ashx?id=2402798&use=l&cat=p&typeid=i","cat":284356},{"id":122821,"n":"Amandes grillées Seeberger 150g","p":2.92,"u":"19,47 €/KG","img":"https://fd3-photos.leclercdrive.fr/image.ashx?id=2950597&use=l&cat=p&typeid=i","cat":284448},{"id":122895,"n":"Chips Tuiles Pringles Original - 175g","p":1.68,"u":"9,60 €/KG","img":"https://fd3-photos.leclercdrive.fr/image.ashx?id=2902298&use=l&cat=p&typeid=i","cat":287899},{"id":122899,"n":"Rasoirs jetables Gillette Blue 3 - x8","p":9.23,"u":"1,15 €/P","img":"https://fd3-photos.leclercdrive.fr/image.ashx?id=2901139&use=l&cat=p&typeid=i","cat":284616},{"id":122902,"n":"Rasoirs jetables Gillette Blue 3 - x4","p":5.29,"u":"1,32 €/P","img":"https://fd3-photos.leclercdrive.fr/image.ashx?id=2674228&use=l&cat=p&typeid=i","cat":284616},{"id":122905,"n":"Shampooing antipelliculaire Vitanove cheveux normaux -250ml","p":1.66,"u":"6,64 €/L","img":"https://fd3-photos.leclercdrive.fr/image.ashx?id=1909525&use=l&cat=p&typeid=i","cat":284606},{"id":122912,"n":"Shampoing Déjaunisseur Dessange Cheveux Blancs et Gris - 250ml","p":3.53,"u":"14,12 €/L","img":"https://fd3-photos.leclercdrive.fr/image.ashx?id=2308054&use=l&cat=p&typeid=i","cat":284606},{"id":122915,"n":"Poudre PH Plus 5kg","p":9.9,"u":"1,98 €/KG","img":"https://fd3-photos.leclercdrive.fr/image.ashx?id=1919435&use=l&cat=p&typeid=i","cat":335918},{"id":122930,"n":"Tortillas Old El Paso sans gluten x6 - 216g","p":3.16,"u":"14,63 €/KG","img":"https://fd3-photos.leclercdrive.fr/image.ashx?id=2737666&use=l&cat=p&typeid=i","cat":288993},{"id":122973,"n":"Jambon de Paris Tradilège Découenné - 2 tranches - 80g","p":1.2,"u":"15,00 €/KG","img":"https://fd3-photos.leclercdrive.fr/image.ashx?id=2404175&use=l&cat=p&typeid=i","cat":316009},{"id":122993,"n":"Quenelles de brochet Forestière Petit Jean - 2+1offert","p":4.1,"u":"3,42 €/KG","img":"https://fd3-photos.leclercdrive.fr/image.ashx?id=2953869&use=l&cat=p&typeid=i","cat":284441},{"id":123029,"n":"Poisson pané Colin Findus Extra croustillant - x2 250g","p":2.94,"u":"11,76 €/KG","img":"https://fd3-photos.leclercdrive.fr/image.ashx?id=3014548&use=l&cat=p&typeid=i","cat":319788},{"id":123062,"n":"Jambon de Paris Tradilège A l'étouffé - 160g","p":1.69,"u":"10,56 €/KG","img":"https://fd3-photos.leclercdrive.fr/image.ashx?id=2951143&use=l&cat=p&typeid=i","cat":316009},{"id":123063,"n":"Jambon de Paris Tradilège Découenné dégraissé x6 - 240g","p":2.39,"u":"9,96 €/KG","img":"https://fd3-photos.leclercdrive.fr/image.ashx?id=2951146&use=l&cat=p&typeid=i","cat":316009},{"id":123065,"n":"Jambon de Paris Tradilège À l'étouffée x8 - 320g","p":3.13,"u":"9,78 €/KG","img":"https://fd3-photos.leclercdrive.fr/image.ashx?id=2404184&use=l&cat=p&typeid=i","cat":316009},{"id":123067,"n":"Jambon de Paris Tradilège Découenné dégraissé x10 - 400g","p":3.86,"u":"9,65 €/KG","img":"https://fd3-photos.leclercdrive.fr/image.ashx?id=2930787&use=l&cat=p&typeid=i","cat":316009},{"id":123070,"n":"Jambon de Paris Tradilège -25% de sel - 4 tranches - 140g","p":2.05,"u":"14,64 €/KG","img":"https://fd3-photos.leclercdrive.fr/image.ashx?id=2991527&use=l&cat=p&typeid=i","cat":316009},{"id":123074,"n":"Jambon supérieur Tradilège Découenné dégraissé x4 - 160g","p":2.21,"u":"13,81 €/KG","img":"https://fd3-photos.leclercdrive.fr/image.ashx?id=2984194&use=l&cat=p&typeid=i","cat":316009},{"id":123076,"n":"Jambon supérieur Tradilège Découenné dégraissé x6 - 240g","p":3.25,"u":"13,54 €/KG","img":"https://fd3-photos.leclercdrive.fr/image.ashx?id=2974879&use=l&cat=p&typeid=i","cat":316009},{"id":123103,"n":"Jambon supérieur Tradilège Sans couenne x8 - 320g","p":4.29,"u":"13,41 €/KG","img":"https://fd3-photos.leclercdrive.fr/image.ashx?id=2943692&use=l&cat=p&typeid=i","cat":316009},{"id":123108,"n":"Jambon supérieur Tradilège Label rouge découenné x4 - 160g","p":2.59,"u":"16,19 €/KG","img":"https://fd3-photos.leclercdrive.fr/image.ashx?id=2943698&use=l&cat=p&typeid=i","cat":316009},{"id":123165,"n":"Doony's chocolat blister x4 - 220g","p":3.1,"u":"14,09 €/KG","img":"https://fd3-photos.leclercdrive.fr/image.ashx?id=2570562&use=l&cat=p&typeid=i","cat":285531},{"id":123182,"n":"IGP Méditerranée vin rouge Cellier des Dauphins - BIB 5L","p":17.95,"u":"3,59 €/L","img":"https://fd3-photos.leclercdrive.fr/image.ashx?id=2104933&use=l&cat=p&typeid=i","cat":289560},{"id":123186,"n":"IGP Pays d'Oc blancChardonnay Côtes des Roses -75cl","p":7.18,"u":"9,57 €/L","img":"https://fd3-photos.leclercdrive.fr/image.ashx?id=2981578&use=l&cat=p&typeid=i","cat":289557},{"id":123249,"n":"Thé blanc bio Clipper Framboise - 34g","p":2.07,"u":"60,88 €/KG","img":"https://fd3-photos.leclercdrive.fr/image.ashx?id=2906757&use=l&cat=p&typeid=i","cat":293233},{"id":123254,"n":"Rhum Blanc agricole Dillon  Martinique - 70cl","p":12.23,"u":"17,47 €/L","img":"https://fd3-photos.leclercdrive.fr/image.ashx?id=2650949&use=l&cat=p&typeid=i","cat":284550},{"id":123257,"n":"Capsules café Plantation Lungo forte n°7 - x16 - 105g","p":3.35,"u":"31,90 €/KG","img":"https://fd3-photos.leclercdrive.fr/image.ashx?id=2649744&use=l&cat=p&typeid=i","cat":293239},{"id":123283,"n":"Boxers coton stretch Dim Noir - Taille 2 - x3","p":24.95,"u":"8,32 €/P","img":"https://fd3-photos.leclercdrive.fr/image.ashx?id=2560675&use=l&cat=p&typeid=i","cat":291524},{"id":123310,"n":"Pâtes Barilla Capellini - 1kg","p":1.93,"u":"1,93 €/KG","img":"https://fd3-photos.leclercdrive.fr/image.ashx?id=2986948&use=l&cat=p&typeid=i","cat":284427},{"id":123340,"n":"IGP Pays d'Oc Vin rosé Lyv 12% vol - 75cl","p":7.26,"u":"9,68 €/L","img":"https://fd3-photos.leclercdrive.fr/image.ashx?id=2418819&use=l&cat=p&typeid=i","cat":289558},{"id":123360,"n":"Pétales Tables du Monde A la crevette ASC - 50g","p":0.65,"u":"13,00 €/KG","img":"https://fd3-photos.leclercdrive.fr/image.ashx?id=2920220&use=l&cat=p&typeid=i","cat":288992},{"id":123368,"n":"Brume d'eau Mot d'enfant 200ml","p":1.99,"u":"9,95 €/L","img":"https://fd3-photos.leclercdrive.fr/image.ashx?id=3015123&use=l&cat=p&typeid=i","cat":284741},{"id":123369,"n":"Crème hydratante visage & corps 75 Ml","p":1.39,"u":"18,53 €/L","img":"https://fd3-photos.leclercdrive.fr/image.ashx?id=1890346&use=l&cat=p&typeid=i","cat":325345},{"id":123371,"n":"Déboucheur Syphon Spécial cheveux - 1L","p":2.35,"u":"2,35 €/L","img":"https://fd3-photos.leclercdrive.fr/image.ashx?id=2202473&use=l&cat=p&typeid=i","cat":284908},{"id":123373,"n":"Soin visage Carré Homme et barbe de 3 jours - 50ml","p":3.29,"u":"65,80 €/L","img":"https://fd3-photos.leclercdrive.fr/image.ashx?id=1898122&use=l&cat=p&typeid=i","cat":284622},{"id":123375,"n":"Gel Toilette Intime Neutre Intima Natural 200ml","p":3.17,"u":"15,85 €/L","img":"https://fd3-photos.leclercdrive.fr/image.ashx?id=2959865&use=l&cat=p&typeid=i","cat":284627},{"id":123386,"n":"Vin d'Union Européenne blanc François D'Aubigné - 6x25 cl","p":3.48,"u":"2,32 €/L","img":"https://fd3-photos.leclercdrive.fr/image.ashx?id=2896850&use=l&cat=p&typeid=i","cat":289557},{"id":123393,"n":"Bière sans alcool Tourtel Twist Agrume 0,0° - 6x27,5cl","p":4.27,"u":"2,59 €/L","img":"https://fd3-photos.leclercdrive.fr/image.ashx?id=2730736&use=l&cat=p&typeid=i","cat":334877},{"id":123397,"n":"Bière sans alcool Tourtel Twist Framboise 0,0° - 6x27,5cl","p":4.14,"u":"2,51 €/L","img":"https://fd3-photos.leclercdrive.fr/image.ashx?id=2886705&use=l&cat=p&typeid=i","cat":334877},{"id":123400,"n":"Cire corps Laurence Dumont Bandes - x20","p":3.33,"u":"0,17 €/P","img":"https://fd3-photos.leclercdrive.fr/image.ashx?id=2606358&use=l&cat=p&typeid=i","cat":325351},{"id":123407,"n":"Bière sans alcool Tourtel Twist Citron 0,0° - 6x27,5cl","p":3.85,"u":"2,33 €/L","img":"https://fd3-photos.leclercdrive.fr/image.ashx?id=2886702&use=l&cat=p&typeid=i","cat":334877},{"id":123409,"n":"Cassoulet cuisiné Stéphan - 420g","p":1.38,"u":"3,29 €/KG","img":"https://fd3-photos.leclercdrive.fr/image.ashx?id=2757027&use=l&cat=p&typeid=i","cat":284440},{"id":123411,"n":"Saucisses lentilles Stéphan - 420g","p":1.42,"u":"3,38 €/KG","img":"https://fd3-photos.leclercdrive.fr/image.ashx?id=2757036&use=l&cat=p&typeid=i","cat":284441},{"id":123413,"n":"Saucisse cocktail Stephan Nature - 200g","p":1.93,"u":"9,65 €/KG","img":"https://fd3-photos.leclercdrive.fr/image.ashx?id=2767549&use=l&cat=p&typeid=i","cat":284450},{"id":123416,"n":"Soda Coca-Cola Original Bouteille - Pack 6x1,75L","p":14.2,"u":"1,35 €/L","img":"https://fd3-photos.leclercdrive.fr/image.ashx?id=2878333&use=l&cat=p&typeid=i","cat":284530},{"id":123418,"n":"Bière blonde Leffe sans alcool 0,0% - 6x25cl","p":4.69,"u":"3,13 €/L","img":"https://fd3-photos.leclercdrive.fr/image.ashx?id=2548303&use=l&cat=p&typeid=i","cat":334877},{"id":123422,"n":"Soda Coca-Cola Sans Sucres Bouteille - 1,75L","p":1.77,"u":"1,01 €/L","img":"https://fd3-photos.leclercdrive.fr/image.ashx?id=2971748&use=l&cat=p&typeid=i","cat":284530},{"id":123432,"n":"Crème lavante L'arbre Vert Recharge - Amande douche -300ml","p":1.95,"u":"6,50 €/L","img":"https://fd3-photos.leclercdrive.fr/image.ashx?id=2886115&use=l&cat=p&typeid=i","cat":284597},{"id":123434,"n":"Soda Schweppes Indian Tonic Zero - 6x33cl","p":3.66,"u":"1,85 €/L","img":"https://fd3-photos.leclercdrive.fr/image.ashx?id=2852420&use=l&cat=p&typeid=i","cat":284531},{"id":123436,"n":"Boisson fruit shoot Teisseire Tropical - 6x20cl","p":2.92,"u":"2,43 €/L","img":"https://fd3-photos.leclercdrive.fr/image.ashx?id=2858204&use=l&cat=p&typeid=i","cat":295018},{"id":123437,"n":"Boisson Fruit shoot Teisseire Multivamine - 6x20cl","p":2.92,"u":"2,43 €/L","img":"https://fd3-photos.leclercdrive.fr/image.ashx?id=2858201&use=l&cat=p&typeid=i","cat":295018},{"id":123443,"n":"Pâtes Spaghetti Plat Panzani 3 Minutes - 500G","p":1.24,"u":"2,48 €/KG","img":"https://fd3-photos.leclercdrive.fr/image.ashx?id=2896114&use=l&cat=p&typeid=i","cat":284427},{"id":123448,"n":"Biscuits cacao Kinder Cards Au lait et au cacao 2x5 - 128g","p":3.56,"u":"13,91 €/KG","img":"https://fd3-photos.leclercdrive.fr/image.ashx?id=2672608&use=l&cat=p&typeid=i","cat":284488},{"id":123453,"n":"Boisson lactée Candy'Up Chocolat - 4x50cl","p":3.92,"u":"1,96 €/L","img":"https://fd3-photos.leclercdrive.fr/image.ashx?id=2851063&use=l&cat=p&typeid=i","cat":295246},{"id":123461,"n":"Barre Chocolatée KINDER Country  Céréales chocolat x4 - 94g","p":1.89,"u":"20,11 €/KG","img":"https://fd3-photos.leclercdrive.fr/image.ashx?id=2672605&use=l&cat=p&typeid=i","cat":284498},{"id":123478,"n":"AOP Côtes du Rhône rouge La Chapelle Pied Vaurias -75cl","p":3.45,"u":"4,60 €/L","img":"https://fd3-photos.leclercdrive.fr/image.ashx?id=1948772&use=l&cat=p&typeid=i","cat":289556},{"id":123485,"n":"Tartinade Petit Navire Thon poivrons tomate - 125g","p":2.45,"u":"19,60 €/KG","img":"https://fd3-photos.leclercdrive.fr/image.ashx?id=2522584&use=l&cat=p&typeid=i","cat":284451},{"id":123486,"n":"Pâtes Coquillage Panzani Créatives - 500G","p":1.17,"u":"2,34 €/KG","img":"https://fd3-photos.leclercdrive.fr/image.ashx?id=2902939&use=l&cat=p&typeid=i","cat":284427},{"id":123487,"n":"Olives vertes Tokapi Dénoyautées - 100g","p":0.76,"u":"7,60 €/KG","img":"https://fd3-photos.leclercdrive.fr/image.ashx?id=2994357&use=l&cat=p&typeid=i","cat":284458},{"id":123491,"n":"Crêpe fourrée Whaou Chocolat - x8 - 256g","p":2.1,"u":"8,20 €/KG","img":"https://fd3-photos.leclercdrive.fr/image.ashx?id=2962863&use=l&cat=p&typeid=i","cat":284494},{"id":123523,"n":"Tubes Copains Copines Arc-en-ciel - 200g","p":1.13,"u":"5,65 €/KG","img":"https://fd3-photos.leclercdrive.fr/image.ashx?id=2934739&use=l&cat=p&typeid=i","cat":304250},{"id":123528,"n":"Soucoupes Copains Copines Acides - 39g","p":0.99,"u":"25,38 €/KG","img":"https://fd3-photos.leclercdrive.fr/image.ashx?id=2934751&use=l&cat=p&typeid=i","cat":304250},{"id":123530,"n":"Marshmallows Copains Copines Enrobés chocolat - 160g","p":1.69,"u":"10,56 €/KG","img":"https://fd3-photos.leclercdrive.fr/image.ashx?id=2934754&use=l&cat=p&typeid=i","cat":304250},{"id":123536,"n":"Eau gazeuse aromatisée Salvetat citron vert - 1,15L","p":0.97,"u":"0,84 €/L","img":"https://fd3-photos.leclercdrive.fr/image.ashx?id=2259475&use=l&cat=p&typeid=i","cat":284536},{"id":123538,"n":"Eau gazeuse aromatisée Salvetat clementine  - 1,15L","p":0.93,"u":"0,81 €/L","img":"https://fd3-photos.leclercdrive.fr/image.ashx?id=2259478&use=l&cat=p&typeid=i","cat":284537},{"id":123540,"n":"Eau minérale naturelle Volvic 6x50cl","p":2.1,"u":"0,70 €/L","img":"https://fd3-photos.leclercdrive.fr/image.ashx?id=2730247&use=l&cat=p&typeid=i","cat":284535},{"id":123541,"n":"Eau minérale naturelle Evian  12x33cl","p":4.48,"u":"1,13 €/L","img":"https://fd3-photos.leclercdrive.fr/image.ashx?id=2973556&use=l&cat=p&typeid=i","cat":284535},{"id":123545,"n":"Quiche lorraine Marie Pur beurre - 400g","p":3.66,"u":"9,15 €/KG","img":"https://fd3-photos.leclercdrive.fr/image.ashx?id=2318546&use=l&cat=p&typeid=i","cat":333680},{"id":123550,"n":"Yaourt aux fruits brassés Velouté fruix Danone - 16x125g","p":4.77,"u":"2,39 €/KG","img":"https://fd3-photos.leclercdrive.fr/image.ashx?id=2912923&use=l&cat=p&typeid=i","cat":284410},{"id":123553,"n":"Yaourt aux fruits velouté fruix Danone brassé fraise - 4x125g","p":1.86,"u":"3,72 €/KG","img":"https://fd3-photos.leclercdrive.fr/image.ashx?id=2911855&use=l&cat=p&typeid=i","cat":284410},{"id":123554,"n":"Yaourt aux fruits velouté fruix Danone brassé framboise -4x125g","p":1.87,"u":"3,74 €/KG","img":"https://fd3-photos.leclercdrive.fr/image.ashx?id=2911858&use=l&cat=p&typeid=i","cat":284410},{"id":123556,"n":"Yaourt aux fruits Velouté fruix Danone brassé pêche - 4x125g","p":1.93,"u":"15,44 €/KG","img":"https://fd3-photos.leclercdrive.fr/image.ashx?id=2912938&use=l&cat=p&typeid=i","cat":284410},{"id":123557,"n":"Kiwi Panier du Primeur Filière Mûrs à point - x6","p":3.99,"u":"0,67 €/P","img":"https://fd3-photos.leclercdrive.fr/image.ashx?id=2955047&use=l&cat=p&typeid=i","cat":284356},{"id":123563,"n":"Filet de poulet blanc Maître Coq - 1kg","p":9.9,"u":"9,90 €/KG","img":"https://fd3-photos.leclercdrive.fr/image.ashx?id=2551132&use=l&cat=p&typeid=i","cat":284336},{"id":123603,"n":"Kit Distributeur Savon Mains Dettol Citron 250ml","p":7.9,"u":"31,60 €/L","img":"https://fd3-photos.leclercdrive.fr/image.ashx?id=2975134&use=l&cat=p&typeid=i","cat":284597},{"id":123606,"n":"Lessive liquide blanc Epsil 25 lavages - 1.25L","p":2.54,"u":"2,03 €/L","img":"https://fd3-photos.leclercdrive.fr/image.ashx?id=2838933&use=l&cat=p&typeid=i","cat":284640},{"id":123622,"n":"Lait poudre Optima 2 Babybio  Bio 6 mois à 1an - 800g","p":18.81,"u":"23,51 €/KG","img":"https://fd3-photos.leclercdrive.fr/image.ashx?id=2988436&use=l&cat=p&typeid=i","cat":284727},{"id":123687,"n":"Lait de croissance Bio BabyBio 6x1L","p":14.23,"u":"2,37 €/L","img":"https://fd3-photos.leclercdrive.fr/image.ashx?id=2953875&use=l&cat=p&typeid=i","cat":284728},{"id":123688,"n":"Lait croissance Bio Babybio 6x25cl","p":5.82,"u":"3,88 €/L","img":"https://fd3-photos.leclercdrive.fr/image.ashx?id=2621390&use=l&cat=p&typeid=i","cat":284728},{"id":123689,"n":"Noix de St-Jacques MSC Sans corail 300g","p":21.92,"u":"73,07 €/KG","img":"https://fd3-photos.leclercdrive.fr/image.ashx?id=2901920&use=l&cat=p&typeid=i","cat":319787},{"id":123693,"n":"Pâtes Eco+ Vermicelles - 1kg","p":1.34,"u":"1,34 €/KG","img":"https://fd3-photos.leclercdrive.fr/image.ashx?id=2949400&use=l&cat=p&typeid=i","cat":284427},{"id":123695,"n":"Lait Primea 1 Bio BabyBio 800g","p":17.31,"u":"21,64 €/KG","img":"https://fd3-photos.leclercdrive.fr/image.ashx?id=2911327&use=l&cat=p&typeid=i","cat":284726},{"id":123697,"n":"Lait Caprea 2 Bio Babybio Bio 800g","p":21.78,"u":"27,23 €/KG","img":"https://fd3-photos.leclercdrive.fr/image.ashx?id=2733340&use=l&cat=p&typeid=i","cat":284727},{"id":123710,"n":"Tomato Ketchup Zéro Heinz sans sucre ni sel - 425g","p":2.47,"u":"5,81 €/KG","img":"https://fd3-photos.leclercdrive.fr/image.ashx?id=2927723&use=l&cat=p&typeid=i","cat":284455},{"id":123841,"n":"Sardines sans arêtes au citron Connétable - 140g","p":2.41,"u":"17,21 €/KG","img":"https://fd3-photos.leclercdrive.fr/image.ashx?id=2677333&use=l&cat=p&typeid=i","cat":305146},{"id":123864,"n":"Crème Pieds Anti-Crevasses Talons 24h - 60 ml","p":4.84,"u":"80,67 €/L","img":"https://fd3-photos.leclercdrive.fr/image.ashx?id=2980878&use=l&cat=p&typeid=i","cat":325354},{"id":123878,"n":"Crevettes Pic Nic Eco+ 121g","p":3.59,"u":"29,67 €/KG","img":"https://fd3-photos.leclercdrive.fr/image.ashx?id=2148795&use=l&cat=p&typeid=i","cat":305147},{"id":123883,"n":"Thon Alba Connetable Naturel Label Rouge - 112g","p":3.34,"u":"29,82 €/KG","img":"https://fd3-photos.leclercdrive.fr/image.ashx?id=2674128&use=l&cat=p&typeid=i","cat":303867},{"id":123924,"n":"Barres choco caram biscuit 348g","p":1.97,"u":"5,66 €/KG","img":"https://fd3-photos.leclercdrive.fr/image.ashx?id=2196637&use=l&cat=p&typeid=i","cat":284498},{"id":123960,"n":"Bière sans alcool Desperados Virgin - Agrumes 3x33cl","p":3.92,"u":"3,96 €/L","img":"https://fd3-photos.leclercdrive.fr/image.ashx?id=2977966&use=l&cat=p&typeid=i","cat":334877},{"id":124035,"n":"Jus de raisin ABC Eco+ 1L","p":0.98,"u":"0,98 €/L","img":"https://fd3-photos.leclercdrive.fr/image.ashx?id=2802275&use=l&cat=p&typeid=i","cat":284915},{"id":124046,"n":"Sardine Connetable Sans Arête - Tomate - 140g","p":2.41,"u":"17,21 €/KG","img":"https://fd3-photos.leclercdrive.fr/image.ashx?id=2638811&use=l&cat=p&typeid=i","cat":305146},{"id":124047,"n":"Pilchards hareng Petit Pierre Tomate huile - 367g","p":2.28,"u":"6,21 €/KG","img":"https://fd3-photos.leclercdrive.fr/image.ashx?id=3004408&use=l&cat=p&typeid=i","cat":305147},{"id":124052,"n":"Nouilles de riz Table du monde 250g","p":1.99,"u":"7,96 €/KG","img":"https://fd3-photos.leclercdrive.fr/image.ashx?id=2679780&use=l&cat=p&typeid=i","cat":288992},{"id":124139,"n":"Bloc de foie gras de canard Labeyrie - 540g","p":54.27,"u":"100,50 €/KG","img":"https://fd3-photos.leclercdrive.fr/image.ashx?id=2103547&use=l&cat=p&typeid=i","cat":316008},{"id":124140,"n":"Saumon fumé Labeyrie Norvège - x4 - 130g","p":8.77,"u":"67,46 €/KG","img":"https://fd3-photos.leclercdrive.fr/image.ashx?id=2729896&use=l&cat=p&typeid=i","cat":285188},{"id":124222,"n":"AOP Alsace Gewurztraminer Horstaden - 75cl","p":4.95,"u":"6,60 €/L","img":"https://fd3-photos.leclercdrive.fr/image.ashx?id=2670773&use=l&cat=p&typeid=i","cat":289557},{"id":124263,"n":"Semoule de blé dur Le Renard Extra fine  - 1kg","p":1.95,"u":"1,95 €/KG","img":"https://fd3-photos.leclercdrive.fr/image.ashx?id=2606226&use=l&cat=p&typeid=i","cat":289013},{"id":124271,"n":"Morceaux de thon Eco+ A l'huile de tournesol - 130g","p":1.33,"u":"10,23 €/KG","img":"https://fd3-photos.leclercdrive.fr/image.ashx?id=2833057&use=l&cat=p&typeid=i","cat":303867},{"id":124272,"n":"Thon nature entier Saupiquet MSC - 140g","p":2.56,"u":"18,29 €/KG","img":"https://fd3-photos.leclercdrive.fr/image.ashx?id=2731540&use=l&cat=p&typeid=i","cat":303867},{"id":124290,"n":"Whisky Grant's Triple Wood - 40%vol - 1.5L","p":25.91,"u":"17,27 €/L","img":"https://fd3-photos.leclercdrive.fr/image.ashx?id=2834713&use=l&cat=p&typeid=i","cat":284547},{"id":124371,"n":"Crème semi-épaisse UHT 18% mg - 3x20cl","p":2.73,"u":"4,55 €/L","img":"https://fd3-photos.leclercdrive.fr/image.ashx?id=2506020&use=l&cat=p&typeid=i","cat":284381},{"id":124374,"n":"Eau aromatisée Volvic bio Pamplemousse romarin - 75cl","p":1.44,"u":"1,92 €/L","img":"https://fd3-photos.leclercdrive.fr/image.ashx?id=2462514&use=l&cat=p&typeid=i","cat":284537},{"id":124375,"n":"Eau infusée Bio Volvic Concombre menthe - 75cl","p":1.67,"u":"2,23 €/L","img":"https://fd3-photos.leclercdrive.fr/image.ashx?id=2462517&use=l&cat=p&typeid=i","cat":284537},{"id":124473,"n":"Cabillaud MSC citron Côté Table Riz - 290g","p":2.99,"u":"10,31 €/KG","img":"https://fd3-photos.leclercdrive.fr/image.ashx?id=2672954&use=l&cat=p&typeid=i","cat":333665},{"id":124478,"n":"IGP Méditérranée rosé Les Calandières - 75cl","p":3.88,"u":"5,17 €/L","img":"https://fd3-photos.leclercdrive.fr/image.ashx?id=2996608&use=l&cat=p&typeid=i","cat":289558},{"id":124496,"n":"Crème glacée Ben & Jerry's Choco Fudge Brownie - 408g","p":3.69,"u":"9,04 €/KG","img":"https://fd3-photos.leclercdrive.fr/image.ashx?id=2738050&use=l&cat=p&typeid=i","cat":284725},{"id":124498,"n":"Glace en Pot BEN & JERRY'S Cookie Dough - 465ml","p":3.67,"u":"9,04 €/KG","img":"https://fd3-photos.leclercdrive.fr/image.ashx?id=2738056&use=l&cat=p&typeid=i","cat":284725},{"id":124499,"n":"Glace en Pot BEN & JERRY'S Vanilla Pecan Blondie - 465ml","p":3.67,"u":"8,86 €/KG","img":"https://fd3-photos.leclercdrive.fr/image.ashx?id=2832548&use=l&cat=p&typeid=i","cat":284725},{"id":124500,"n":"Crème glacée Ben & Jerry's Peanut butter - 425g","p":3.67,"u":"8,64 €/KG","img":"https://fd3-photos.leclercdrive.fr/image.ashx?id=3001524&use=l&cat=p&typeid=i","cat":284725},{"id":124519,"n":"Pâtes Grand'Mère Nids n°2 - 500g","p":2.38,"u":"4,76 €/KG","img":"https://fd3-photos.leclercdrive.fr/image.ashx?id=2191987&use=l&cat=p&typeid=i","cat":284427},{"id":124533,"n":"Confiture extra bio Bio Village Rhubarbe - 370g","p":2.59,"u":"7,00 €/KG","img":"https://fd3-photos.leclercdrive.fr/image.ashx?id=2482514&use=l&cat=p&typeid=i","cat":284480},{"id":124594,"n":"Capsules Nescafé Dolce Gusto Espresso - x16","p":4.51,"u":"51,25 €/KG","img":"https://fd3-photos.leclercdrive.fr/image.ashx?id=2952025&use=l&cat=p&typeid=i","cat":293239},{"id":124595,"n":"Nutella Biscuit pâte à tartiner Cacao Noisettes - 166g","p":1.86,"u":"11,20 €/KG","img":"https://fd3-photos.leclercdrive.fr/image.ashx?id=2922200&use=l&cat=p&typeid=i","cat":284488},{"id":124615,"n":"Semoule de blé dur Le Renard Moyenne - 1kg","p":1.95,"u":"1,95 €/KG","img":"https://fd3-photos.leclercdrive.fr/image.ashx?id=2606229&use=l&cat=p&typeid=i","cat":289013},{"id":124643,"n":"Shampooing Vitanove Renforcateur - 250ml","p":1.62,"u":"6,48 €/L","img":"https://fd3-photos.leclercdrive.fr/image.ashx?id=1899762&use=l&cat=p&typeid=i","cat":284606},{"id":124652,"n":"Sorbet Eskiss Cassis - 650g","p":3.56,"u":"5,48 €/KG","img":"https://fd3-photos.leclercdrive.fr/image.ashx?id=1959280&use=l&cat=p&typeid=i","cat":284263},{"id":124654,"n":"Bac crème glacée Eskiss Caramel - 500g","p":3.89,"u":"7,78 €/KG","img":"https://fd3-photos.leclercdrive.fr/image.ashx?id=1958907&use=l&cat=p&typeid=i","cat":284263},{"id":124655,"n":"Bac sorbet Eskiss Mangue - 650g","p":2.49,"u":"3,83 €/KG","img":"https://fd3-photos.leclercdrive.fr/image.ashx?id=2982673&use=l&cat=p&typeid=i","cat":284263},{"id":124656,"n":"Wrap Poulet Côté Snack Caesar - 190g","p":2.49,"u":"13,11 €/KG","img":"https://fd3-photos.leclercdrive.fr/image.ashx?id=2883014&use=l&cat=p&typeid=i","cat":333658},{"id":124671,"n":"Pain de mie Sans croûte Jacquet Sans sucre ajouté - 475g","p":1.77,"u":"3,73 €/KG","img":"https://fd3-photos.leclercdrive.fr/image.ashx?id=2919754&use=l&cat=p&typeid=i","cat":284477},{"id":124673,"n":"Poivron Farci Fromage de Vache L'Apéro d'Achille - 150g","p":3.0,"u":"20,00 €/KG","img":"https://fd3-photos.leclercdrive.fr/image.ashx?id=2790738&use=l&cat=p&typeid=i","cat":316002},{"id":124694,"n":"Saucisson Mini Justin Bridou  Bâton de Berger nature - 160g","p":3.29,"u":"20,56 €/KG","img":"https://fd3-photos.leclercdrive.fr/image.ashx?id=2921786&use=l&cat=p&typeid=i","cat":316006},{"id":124714,"n":"Combinés gratte éponges Spontex x3","p":2.19,"u":"0,73 €/P","img":"https://fd3-photos.leclercdrive.fr/image.ashx?id=2968895&use=l&cat=p&typeid=i","cat":284667},{"id":124723,"n":"Champignon Bonduelle Emincé - 3x115g","p":2.96,"u":"8,58 €/KG","img":"https://fd3-photos.leclercdrive.fr/image.ashx?id=2913121&use=l&cat=p&typeid=i","cat":312610},{"id":124730,"n":"Crème après-soleil Hawaiian Airsoft - 180 ml","p":7.96,"u":"44,22 €/L","img":"https://fd3-photos.leclercdrive.fr/image.ashx?id=2861746&use=l&cat=p&typeid=i","cat":325355},{"id":124741,"n":"Boite distributrice gants Mapa Latex naturel Taille M - x100","p":14.24,"u":"0,14 €/P","img":"https://fd3-photos.leclercdrive.fr/image.ashx?id=2973006&use=l&cat=p&typeid=i","cat":284668},{"id":124787,"n":"Shampooing sec Batiste Volume - 200ml","p":4.37,"u":"21,85 €/L","img":"https://fd3-photos.leclercdrive.fr/image.ashx?id=2557979&use=l&cat=p&typeid=i","cat":289143},{"id":124791,"n":"Serviette Nana Maxi goodnight - x12","p":1.94,"u":"0,16 €/P","img":"https://fd3-photos.leclercdrive.fr/image.ashx?id=2806402&use=l&cat=p&typeid=i","cat":284624},{"id":124794,"n":"Serviettes Tena Men Level 1 - x12","p":4.7,"u":"0,39 €/P","img":"https://fd3-photos.leclercdrive.fr/image.ashx?id=2428570&use=l&cat=p&typeid=i","cat":291514},{"id":124795,"n":"Protège lingerie Nana Extra long - x24","p":1.89,"u":"0,08 €/P","img":"https://fd3-photos.leclercdrive.fr/image.ashx?id=2968499&use=l&cat=p&typeid=i","cat":284625},{"id":124796,"n":"Rasoirs jetables Gillette Simply Venus - x4","p":4.37,"u":"1,09 €/P","img":"https://fd3-photos.leclercdrive.fr/image.ashx?id=2746346&use=l&cat=p&typeid=i","cat":325352},{"id":124837,"n":"Dual nature saumon One Purina Chat stérilisé - 1,4kg","p":7.1,"u":"5,07 €/KG","img":"https://fd3-photos.leclercdrive.fr/image.ashx?id=2871145&use=l&cat=p&typeid=i","cat":284680},{"id":124881,"n":"Oréo fresh milk snack 4x30g","p":1.77,"u":"14,75 €/KG","img":"https://fd3-photos.leclercdrive.fr/image.ashx?id=2189214&use=l&cat=p&typeid=i","cat":284419},{"id":124901,"n":"Pâte à tartiner Nutella 630g","p":4.82,"u":"7,65 €/KG","img":"https://fd3-photos.leclercdrive.fr/image.ashx?id=2968841&use=l&cat=p&typeid=i","cat":284481},{"id":124902,"n":"Eponges végétales Eco+ x2","p":0.46,"u":"0,23 €/P","img":"https://fd3-photos.leclercdrive.fr/image.ashx?id=2770242&use=l&cat=p&typeid=i","cat":284667},{"id":124904,"n":"Liquide allume-feu Eco+ 1L","p":2.92,"u":"2,92 €/L","img":"https://fd3-photos.leclercdrive.fr/image.ashx?id=1901698&use=l&cat=p&typeid=i","cat":300577},{"id":124905,"n":"Sacs poubelle coulissants Eco+ 30 l - x20","p":1.23,"u":"0,06 €/P","img":"https://fd3-photos.leclercdrive.fr/image.ashx?id=2756989&use=l&cat=p&typeid=i","cat":285168},{"id":124906,"n":"Sacs poubelle Eco+ 50L Coulissants - x25","p":2.33,"u":"0,09 €/P","img":"https://fd3-photos.leclercdrive.fr/image.ashx?id=2775700&use=l&cat=p&typeid=i","cat":285168},{"id":124908,"n":"Crème coiffante Carré Homme Cheveux & Barbe - 75ml","p":3.79,"u":"50,53 €/L","img":"https://fd3-photos.leclercdrive.fr/image.ashx?id=2280434&use=l&cat=p&typeid=i","cat":284609},{"id":124909,"n":"Culotte Enuresie Mots d'Enfants 4-7 ans -17-30 kg - x15","p":9.49,"u":"0,63 €/P","img":"https://fd3-photos.leclercdrive.fr/image.ashx?id=2704496&use=l&cat=p&typeid=i","cat":290633},{"id":124912,"n":"Insecticide Insectivor Anti-acariens puce- 400ml","p":4.99,"u":"12,48 €/L","img":"https://fd3-photos.leclercdrive.fr/image.ashx?id=1901710&use=l&cat=p&typeid=i","cat":298368},{"id":124913,"n":"Insecticide Insectivor Volant/rampant - 400ml","p":3.95,"u":"9,88 €/L","img":"https://fd3-photos.leclercdrive.fr/image.ashx?id=2582990&use=l&cat=p&typeid=i","cat":298368},{"id":124923,"n":"Croquettes chat stérilisé  Ultima Nature bœuf – 1,1kg","p":7.26,"u":"6,60 €/KG","img":"https://fd3-photos.leclercdrive.fr/image.ashx?id=2629884&use=l&cat=p&typeid=i","cat":284680},{"id":124926,"n":"Sacs poubelle container Elembal 120L - x10","p":3.99,"u":"0,40 €/P","img":"https://fd3-photos.leclercdrive.fr/image.ashx?id=2898272&use=l&cat=p&typeid=i","cat":285168},{"id":124927,"n":"Sacs gravats Elembal 50L - X5","p":4.24,"u":"0,02 €/L","img":"https://fd3-photos.leclercdrive.fr/image.ashx?id=2793278&use=l&cat=p&typeid=i","cat":285168},{"id":124928,"n":"Sacs poubelle Elembal 240L - x10","p":4.56,"u":"0,46 €/P","img":"https://fd3-photos.leclercdrive.fr/image.ashx?id=2898275&use=l&cat=p&typeid=i","cat":285168},{"id":124929,"n":"Insecticide Insectivor Antivolant végétal - 400ml","p":2.71,"u":"6,78 €/L","img":"https://fd3-photos.leclercdrive.fr/image.ashx?id=2673999&use=l&cat=p&typeid=i","cat":298368},{"id":124930,"n":"Sacs poubelle Elembal Coulissants spécial tri 50L-x10","p":2.19,"u":"0,22 €/P","img":"https://fd3-photos.leclercdrive.fr/image.ashx?id=2958756&use=l&cat=p&typeid=i","cat":285168},{"id":124931,"n":"Coton maxi ovale Bio Bionaia x60","p":2.16,"u":"0,04 €/P","img":"https://fd3-photos.leclercdrive.fr/image.ashx?id=2658584&use=l&cat=p&typeid=i","cat":284636},{"id":124935,"n":"Tampons à récurer Eco+ x5","p":1.01,"u":"0,20 €/P","img":"https://fd3-photos.leclercdrive.fr/image.ashx?id=2593336&use=l&cat=p&typeid=i","cat":284667},{"id":124936,"n":"Serviettes hygiéniques Eco+ Normales Ultra minces - x14","p":0.51,"u":"0,04 €/P","img":"https://fd3-photos.leclercdrive.fr/image.ashx?id=2943593&use=l&cat=p&typeid=i","cat":284624},{"id":124954,"n":"Shampoing voluminateur Eco+ 300ml","p":1.26,"u":"4,20 €/L","img":"https://fd3-photos.leclercdrive.fr/image.ashx?id=1901873&use=l&cat=p&typeid=i","cat":284606},{"id":124957,"n":"Serviettes hygiéniques Eco+ Normales - x20","p":0.7,"u":"0,04 €/P","img":"https://fd3-photos.leclercdrive.fr/image.ashx?id=2198291&use=l&cat=p&typeid=i","cat":284624},{"id":124959,"n":"Shampooing sec Nateïs Pomme - 150ml","p":2.16,"u":"14,40 €/L","img":"https://fd3-photos.leclercdrive.fr/image.ashx?id=2843602&use=l&cat=p&typeid=i","cat":289143},{"id":124961,"n":"Shampoing sec Nateis 150ml","p":1.87,"u":"12,47 €/L","img":"https://fd3-photos.leclercdrive.fr/image.ashx?id=2751919&use=l&cat=p&typeid=i","cat":289143},{"id":124962,"n":"Sacs poubelle Elembal Salle de bain 5L - x40","p":1.26,"u":"0,03 €/P","img":"https://fd3-photos.leclercdrive.fr/image.ashx?id=2793284&use=l&cat=p&typeid=i","cat":285168},{"id":124986,"n":"Yaourt à boire framboise menthe Michel et Augustin - 500ml","p":2.97,"u":"5,94 €/MT","img":"https://fd3-photos.leclercdrive.fr/image.ashx?id=2195695&use=l&cat=p&typeid=i","cat":284415},{"id":125089,"n":"Crémant d'Alsace Arthur Metz Cuvée 1904 - 75cl","p":8.95,"pp":7.95,"u":"10,60 €/L","img":"https://fd3-photos.leclercdrive.fr/image.ashx?id=2431992&use=l&cat=p&typeid=i","cat":284544},{"id":125146,"n":"coupe panna & cioccolato 2X110g","p":3.61,"u":"16,41 €/KG","img":"https://fd3-photos.leclercdrive.fr/image.ashx?id=2088546&use=l&cat=p&typeid=i","cat":284725},{"id":125150,"n":"Coupe zabaione & amarena 2x110g","p":3.25,"u":"14,77 €/KG","img":"https://fd3-photos.leclercdrive.fr/image.ashx?id=2866511&use=l&cat=p&typeid=i","cat":284725},{"id":125153,"n":"Coupe tiramisu 2x110g","p":3.25,"u":"14,77 €/KG","img":"https://fd3-photos.leclercdrive.fr/image.ashx?id=2866517&use=l&cat=p&typeid=i","cat":284725},{"id":125216,"n":"Cacahuètes Eco+ Grillées à sec - 150g","p":0.48,"u":"3,20 €/KG","img":"https://fd3-photos.leclercdrive.fr/image.ashx?id=2780710&use=l&cat=p&typeid=i","cat":284448},{"id":125217,"n":"Soufflés Eco+ Goût fromage - 100g","p":0.54,"u":"5,40 €/KG","img":"https://fd3-photos.leclercdrive.fr/image.ashx?id=2651729&use=l&cat=p&typeid=i","cat":284449},{"id":125218,"n":"Cacahuètes Eco  Grillées et salées - 250g","p":0.7,"u":"2,80 €/KG","img":"https://fd3-photos.leclercdrive.fr/image.ashx?id=2836801&use=l&cat=p&typeid=i","cat":284448},{"id":125219,"n":"Frites salées Eco+ 80g","p":0.45,"u":"5,63 €/KG","img":"https://fd3-photos.leclercdrive.fr/image.ashx?id=2764712&use=l&cat=p&typeid=i","cat":284449},{"id":125220,"n":"Snacks Eco+ Gôut bacon - 100g","p":0.72,"u":"7,20 €/KG","img":"https://fd3-photos.leclercdrive.fr/image.ashx?id=2287233&use=l&cat=p&typeid=i","cat":284449},{"id":125223,"n":"Pistaches grillées à sec Eco+ 200g","p":2.58,"u":"12,90 €/KG","img":"https://fd3-photos.leclercdrive.fr/image.ashx?id=2746784&use=l&cat=p&typeid=i","cat":284448},{"id":125224,"n":"Pop corn Eco+ Salé - 100g","p":0.97,"u":"9,70 €/KG","img":"https://fd3-photos.leclercdrive.fr/image.ashx?id=1953636&use=l&cat=p&typeid=i","cat":304249},{"id":125225,"n":"Chips nature Eco+ 6x30g","p":1.23,"u":"6,83 €/KG","img":"https://fd3-photos.leclercdrive.fr/image.ashx?id=2943599&use=l&cat=p&typeid=i","cat":284447},{"id":125227,"n":"Mini cookies P'tit Déli 160g","p":1.49,"u":"9,31 €/KG","img":"https://fd3-photos.leclercdrive.fr/image.ashx?id=2932426&use=l&cat=p&typeid=i","cat":325066},{"id":125235,"n":"Tartelette framboise P'tit Déli 150g","p":1.3,"u":"8,67 €/KG","img":"https://fd3-photos.leclercdrive.fr/image.ashx?id=2683922&use=l&cat=p&typeid=i","cat":284489},{"id":125241,"n":"Amandes Bio Village Bio - 100g","p":2.09,"u":"20,90 €/KG","img":"https://fd3-photos.leclercdrive.fr/image.ashx?id=2664596&use=l&cat=p&typeid=i","cat":284448},{"id":125246,"n":"Canistrelli de corse NRT Noisettes - 300g","p":3.65,"u":"12,17 €/KG","img":"https://fd3-photos.leclercdrive.fr/image.ashx?id=2622350&use=l&cat=p&typeid=i","cat":284487},{"id":125328,"n":"Ketchup Rustica Nature - 560g","p":1.25,"u":"2,23 €/KG","img":"https://fd3-photos.leclercdrive.fr/image.ashx?id=2870050&use=l&cat=p&typeid=i","cat":284455},{"id":125339,"n":"Eponge gratounett Spontex 4+2 gratuit","p":3.26,"u":"0,54 €/P","img":"https://fd3-photos.leclercdrive.fr/image.ashx?id=1904252&use=l&cat=p&typeid=i","cat":284667},{"id":125383,"n":"Comté fromage râpé Les Croisés 130g","p":1.95,"u":"15,00 €/KG","img":"https://fd3-photos.leclercdrive.fr/image.ashx?id=2897820&use=l&cat=p&typeid=i","cat":314035},{"id":125431,"n":"Granola Bio Bjorg Chocolat - 350g","p":3.57,"u":"10,20 €/KG","img":"https://fd3-photos.leclercdrive.fr/image.ashx?id=2906217&use=l&cat=p&typeid=i","cat":309512},{"id":125532,"n":"Chocolat noir Lindt Création Pistache éclat d'Amandes - 150g","p":3.07,"u":"20,47 €/KG","img":"https://fd3-photos.leclercdrive.fr/image.ashx?id=2961963&use=l&cat=p&typeid=i","cat":284956},{"id":125571,"n":"Yaourt bifidus Activia muesli Chocolat noisette - 170g","p":2.13,"img":"https://fd3-photos.leclercdrive.fr/image.ashx?id=2965891&use=l&cat=p&typeid=i","cat":315000},{"id":125588,"n":"AOP Comté Juraflore 6 mois - 400g","p":6.48,"u":"16,20 €/KG","img":"https://fd3-photos.leclercdrive.fr/image.ashx?id=2110602&use=l&cat=p&typeid=i","cat":314034},{"id":125598,"n":"Emmental IGP Entremont Grand cru - Label rouge - 250g","p":2.85,"u":"11,40 €/KG","img":"https://fd3-photos.leclercdrive.fr/image.ashx?id=2104414&use=l&cat=p&typeid=i","cat":314036},{"id":125723,"n":"Céréales fourées P'tit Déli Tout chocolat - 650g","p":2.89,"u":"4,45 €/KG","img":"https://fd3-photos.leclercdrive.fr/image.ashx?id=2878603&use=l&cat=p&typeid=i","cat":309513},{"id":125744,"n":"Carré blé aubergine poivron bio Céréal Bio - 200g","p":2.87,"u":"14,35 €/KG","img":"https://fd3-photos.leclercdrive.fr/image.ashx?id=2327854&use=l&cat=p&typeid=i","cat":284953},{"id":125748,"n":"Coeur burger texas bbq bio Céréal Bio - 160g","p":2.57,"u":"16,06 €/KG","img":"https://fd3-photos.leclercdrive.fr/image.ashx?id=2575120&use=l&cat=p&typeid=i","cat":284953},{"id":125749,"n":"Coeur burger original bio Céréal Bio - 160g","p":2.57,"u":"16,06 €/KG","img":"https://fd3-photos.leclercdrive.fr/image.ashx?id=2575123&use=l&cat=p&typeid=i","cat":284953},{"id":125762,"n":"Quinoa boulgour Bio Happy Bio 200g","p":3.12,"u":"15,60 €/KG","img":"https://fd3-photos.leclercdrive.fr/image.ashx?id=2654306&use=l&cat=p&typeid=i","cat":284429},{"id":125764,"n":"Sauce tomate cuisinée bio Jardin Bio - 510g","p":3.65,"u":"7,16 €/KG","img":"https://fd3-photos.leclercdrive.fr/image.ashx?id=2537541&use=l&cat=p&typeid=i","cat":288384},{"id":125778,"n":"Infusion detox Jardin Bio Fruitée cassis bio - 20g","p":2.72,"u":"136,00 €/KG","img":"https://fd3-photos.leclercdrive.fr/image.ashx?id=2792597&use=l&cat=p&typeid=i","cat":293234},{"id":125870,"n":"Cacahuètes grillées Benenuts Non salées - 200g","p":2.17,"u":"10,85 €/KG","img":"https://fd3-photos.leclercdrive.fr/image.ashx?id=2431821&use=l&cat=p&typeid=i","cat":284448},{"id":125916,"n":"Fromages frais Pat'Patrouille Yoplait goûts fruits - 24x50g","p":3.67,"u":"3,06 €/KG","img":"https://fd3-photos.leclercdrive.fr/image.ashx?id=2733688&use=l&cat=p&typeid=i","cat":284414},{"id":125919,"n":"Boisson végétale Alpro Lait d'amande vanille - 1L","p":3.1,"u":"3,10 €/L","img":"https://fd3-photos.leclercdrive.fr/image.ashx?id=2981671&use=l&cat=p&typeid=i","cat":316067},{"id":125953,"n":"Chips Vico La vicoise - 150g","p":1.4,"u":"9,33 €/KG","img":"https://fd3-photos.leclercdrive.fr/image.ashx?id=2733940&use=l&cat=p&typeid=i","cat":284447},{"id":125958,"n":"Chips Bret's Saveur vinaigre - 125g","p":1.17,"u":"9,36 €/KG","img":"https://fd3-photos.leclercdrive.fr/image.ashx?id=1925081&use=l&cat=p&typeid=i","cat":284447},{"id":125966,"n":"Chips Tyrrell's Sel et poivre - 150g","p":2.19,"u":"14,60 €/KG","img":"https://fd3-photos.leclercdrive.fr/image.ashx?id=2884777&use=l&cat=p&typeid=i","cat":284447},{"id":126006,"n":"Caresse Antillaise Ananas-mangue-citron-1l","p":3.38,"u":"3,38 €/L","img":"https://fd3-photos.leclercdrive.fr/image.ashx?id=1908634&use=l&cat=p&typeid=i","cat":284916},{"id":126019,"n":"Auto-bronzant Ambre Solaire  Mousse effet hâlé - 200ml","p":9.17,"u":"45,85 €/L","img":"https://fd3-photos.leclercdrive.fr/image.ashx?id=2555706&use=l&cat=p&typeid=i","cat":325355},{"id":126114,"n":"Arachide coque grillée Maître Prunille - 500g","p":3.8,"u":"7,60 €/KG","img":"https://fd3-photos.leclercdrive.fr/image.ashx?id=2660056&use=l&cat=p&typeid=i","cat":284357},{"id":126128,"n":"Infusion Après Repas Bio Pagès - 30g","p":3.0,"u":"100,00 €/KG","img":"https://fd3-photos.leclercdrive.fr/image.ashx?id=3003321&use=l&cat=p&typeid=i","cat":293234},{"id":126139,"n":"Chips  Sel de mer Tyrell's Saveur vinaigre - 150g","p":2.19,"u":"14,60 €/KG","img":"https://fd3-photos.leclercdrive.fr/image.ashx?id=2941865&use=l&cat=p&typeid=i","cat":284447},{"id":126140,"n":"Chips Tyrells Piment doux et poivron - 150g","p":2.19,"u":"14,60 €/KG","img":"https://fd3-photos.leclercdrive.fr/image.ashx?id=2225657&use=l&cat=p&typeid=i","cat":284447},{"id":126178,"n":"Riz long thaï Eco+ 1kg","p":1.7,"u":"1,70 €/KG","img":"https://fd3-photos.leclercdrive.fr/image.ashx?id=2799751&use=l&cat=p&typeid=i","cat":284428},{"id":126181,"n":"Chocolat Daim 140g","p":2.84,"u":"20,29 €/KG","img":"https://fd3-photos.leclercdrive.fr/image.ashx?id=2506918&use=l&cat=p&typeid=i","cat":304250},{"id":126183,"n":"Biscuits Lotus Biscoff Fourré  Crème saveur speculoos - 150g","p":1.61,"u":"10,73 €/KG","img":"https://fd3-photos.leclercdrive.fr/image.ashx?id=2694968&use=l&cat=p&typeid=i","cat":284487},{"id":126186,"n":"Riz rond Eco+ 1kg","p":1.77,"u":"1,77 €/KG","img":"https://fd3-photos.leclercdrive.fr/image.ashx?id=2704594&use=l&cat=p&typeid=i","cat":284428},{"id":126187,"n":"Biscuits Lotus Biscoff Fourré Crème saveur chocolat 150g","p":1.77,"u":"11,80 €/KG","img":"https://fd3-photos.leclercdrive.fr/image.ashx?id=2859818&use=l&cat=p&typeid=i","cat":284487},{"id":126189,"n":"Biscuits Lotus Biscoff Fourré  Crème saveur vanille - 150g","p":1.83,"u":"12,20 €/KG","img":"https://fd3-photos.leclercdrive.fr/image.ashx?id=2685315&use=l&cat=p&typeid=i","cat":284487},{"id":126206,"n":"Galettes La mère poulard Grande - beurre - 135g","p":1.46,"u":"10,81 €/KG","img":"https://fd3-photos.leclercdrive.fr/image.ashx?id=2905465&use=l&cat=p&typeid=i","cat":284487},{"id":126207,"n":"Galette St Michel 520g","p":3.36,"u":"6,46 €/KG","img":"https://fd3-photos.leclercdrive.fr/image.ashx?id=2936221&use=l&cat=p&typeid=i","cat":284487},{"id":126310,"n":"Crème dépilatoire Pure Veet Corps Peaux normales 200ml","p":4.65,"u":"23,25 €/L","img":"https://fd3-photos.leclercdrive.fr/image.ashx?id=3014437&use=l&cat=p&typeid=i","cat":325351},{"id":126314,"n":"Crème dépilatoire Pure Veet Corps Peaux sensibles 200ml","p":4.45,"u":"22,25 €/L","img":"https://fd3-photos.leclercdrive.fr/image.ashx?id=2965692&use=l&cat=p&typeid=i","cat":325351},{"id":126316,"n":"Cire Chaude au Sucre Pure Veet 100% d'Origine Naturelle 250ml","p":4.45,"u":"17,80 €/L","img":"https://fd3-photos.leclercdrive.fr/image.ashx?id=2990430&use=l&cat=p&typeid=i","cat":325351},{"id":126421,"n":"Biscuits Figolu LU Figue - 192g","p":1.42,"u":"7,40 €/KG","img":"https://fd3-photos.leclercdrive.fr/image.ashx?id=2967950&use=l&cat=p&typeid=i","cat":284489},{"id":126424,"n":"Biscuits Sprits sablés Delacre Chocolat au lait - 200g","p":1.7,"u":"8,50 €/KG","img":"https://fd3-photos.leclercdrive.fr/image.ashx?id=2855873&use=l&cat=p&typeid=i","cat":284488},{"id":126430,"n":"Dosettes café Senseo Milka x8","p":2.92,"u":"26,07 €/KG","img":"https://fd3-photos.leclercdrive.fr/image.ashx?id=2127012&use=l&cat=p&typeid=i","cat":293238},{"id":126436,"n":"Amandes Benenuts-Plaisir Brut Non salées - 145g","p":3.34,"u":"23,03 €/KG","img":"https://fd3-photos.leclercdrive.fr/image.ashx?id=3014470&use=l&cat=p&typeid=i","cat":284448},{"id":126449,"n":"Boisson Multifruits Cidou Les Désucrés - 1L","p":2.4,"u":"2,40 €/L","img":"https://fd3-photos.leclercdrive.fr/image.ashx?id=1908925&use=l&cat=p&typeid=i","cat":284917},{"id":126474,"n":"Thon entier MSC Petit Navire A l'huile d'olive - 160g","p":3.4,"u":"21,25 €/KG","img":"https://fd3-photos.leclercdrive.fr/image.ashx?id=2523897&use=l&cat=p&typeid=i","cat":303867},{"id":126477,"n":"Thon naturel MSC Petit Navire -25% sel - 112g","p":3.04,"u":"27,14 €/KG","img":"https://fd3-photos.leclercdrive.fr/image.ashx?id=2521897&use=l&cat=p&typeid=i","cat":303867},{"id":126478,"n":"Morceaux Thon PETIT NAVIRE 160g Nature Démarche Responsable","p":1.97,"u":"17,59 €/KG","img":"https://fd3-photos.leclercdrive.fr/image.ashx?id=2549453&use=l&cat=p&typeid=i","cat":303867},{"id":126480,"n":"Sauce tomates et parmesan Mutti - 400g","p":2.31,"u":"5,78 €/KG","img":"https://fd3-photos.leclercdrive.fr/image.ashx?id=2855430&use=l&cat=p&typeid=i","cat":288384},{"id":126503,"n":"Durex Gel Lubrifiant Intime  Perfect Gliss Silicone 50ml","p":7.26,"u":"145,20 €/L","img":"https://fd3-photos.leclercdrive.fr/image.ashx?id=2996497&use=l&cat=p&typeid=i","cat":285160},{"id":126517,"n":"Boisson gourmande PAGO Pink ACE Pamplemousse carotte ctrn -75cl","p":2.38,"u":"3,17 €/L","img":"https://fd3-photos.leclercdrive.fr/image.ashx?id=2861243&use=l&cat=p&typeid=i","cat":284915},{"id":126519,"n":"Bloc WC Bref Color Activ+  Marine toilettes - 50g x1","p":1.59,"u":"318,00 €/KG","img":"https://fd3-photos.leclercdrive.fr/image.ashx?id=2890112&use=l&cat=p&typeid=i","cat":284662},{"id":126540,"n":"Citron jaune Eco+  Filet 500g","p":0.99,"u":"1,98 €/KG","img":"https://fd3-photos.leclercdrive.fr/image.ashx?id=2619807&use=l&cat=p&typeid=i","cat":284356},{"id":126543,"n":"Mandarine Eco+ Filet 1kg","p":1.99,"u":"1,99 €/KG","img":"https://fd3-photos.leclercdrive.fr/image.ashx?id=2607993&use=l&cat=p&typeid=i","cat":284356},{"id":126555,"n":"Noix de coco 1p","p":1.29,"img":"https://fd3-photos.leclercdrive.fr/image.ashx?id=1629549&use=l&cat=p&typeid=i","cat":284356},{"id":126562,"n":"Noix de cajou Plaisir Brut Non salées - 145g","p":4.46,"u":"34,31 €/KG","img":"https://fd3-photos.leclercdrive.fr/image.ashx?id=2622552&use=l&cat=p&typeid=i","cat":284448},{"id":126570,"n":"Soda Sprite Original  Bouteille  - 1.25L","p":1.29,"u":"1,03 €/L","img":"https://fd3-photos.leclercdrive.fr/image.ashx?id=2796989&use=l&cat=p&typeid=i","cat":284531},{"id":126571,"n":"Gaufres de Liège Lotus 315g","p":1.94,"u":"6,16 €/KG","img":"https://fd3-photos.leclercdrive.fr/image.ashx?id=2694995&use=l&cat=p&typeid=i","cat":294777},{"id":126572,"n":"Papaye 1p","p":2.99,"img":"https://fd3-photos.leclercdrive.fr/image.ashx?id=598603&use=l&cat=p&typeid=i","cat":284356},{"id":126581,"n":"Pommes jaunes Eco+ Sachet 2kg","p":2.99,"u":"1,50 €/KG","img":"https://fd3-photos.leclercdrive.fr/image.ashx?id=2441890&use=l&cat=p&typeid=i","cat":284356},{"id":126583,"n":"Kiwi vert Eco+ Barquette 1kg","p":3.99,"u":"3,99 €/KG","img":"https://fd3-photos.leclercdrive.fr/image.ashx?id=2922373&use=l&cat=p&typeid=i","cat":284356},{"id":126586,"n":"Tomate cerise Eco+ Barquette 250g","p":0.99,"u":"3,96 €/KG","img":"https://fd3-photos.leclercdrive.fr/image.ashx?id=2968067&use=l&cat=p&typeid=i","cat":284352},{"id":126589,"n":"Endives Eco+ Sachet 500g","p":1.49,"u":"2,98 €/KG","img":"https://fd3-photos.leclercdrive.fr/image.ashx?id=2922917&use=l&cat=p&typeid=i","cat":284352},{"id":126601,"n":"Biscuits à thé Delacre Tea Time Boîte Assortiment - 300g","p":4.49,"u":"14,97 €/KG","img":"https://fd3-photos.leclercdrive.fr/image.ashx?id=2867972&use=l&cat=p&typeid=i","cat":284490},{"id":126602,"n":"Assortirment mini chocolat noir Villars Maitre Chocolatier 500g","p":11.87,"u":"23,74 €/KG","img":"https://fd3-photos.leclercdrive.fr/image.ashx?id=2464312&use=l&cat=p&typeid=i","cat":284499},{"id":126622,"n":"Mascara paradise primer white 01 White nu - x1","p":12.45,"img":"https://fd3-photos.leclercdrive.fr/image.ashx?id=2833738&use=l&cat=p&typeid=i","cat":287029},{"id":126653,"n":"P'tit savane Brossard Duo fraise - x6 - 150g","p":2.1,"u":"14,00 €/KG","img":"https://fd3-photos.leclercdrive.fr/image.ashx?id=2881446&use=l&cat=p&typeid=i","cat":284489},{"id":126654,"n":"Fromage de Chèvre Saint Loup  Bûche Affinée - 180g","p":2.3,"u":"12,78 €/KG","img":"https://fd3-photos.leclercdrive.fr/image.ashx?id=2763322&use=l&cat=p&typeid=i","cat":314031},{"id":126655,"n":"Rillettes de thon aux olives  Ronde des Mers - 125g","p":1.68,"u":"13,44 €/KG","img":"https://fd3-photos.leclercdrive.fr/image.ashx?id=2436705&use=l&cat=p&typeid=i","cat":303867},{"id":126658,"n":"Poisson pané Colin Alaska  Findus MSC herbes ail x2 - 225g","p":3.05,"u":"13,56 €/KG","img":"https://fd3-photos.leclercdrive.fr/image.ashx?id=2650699&use=l&cat=p&typeid=i","cat":319788},{"id":126659,"n":"Fromage fondu Eco+ 24 portions - 400g","p":2.45,"u":"6,13 €/KG","img":"https://fd3-photos.leclercdrive.fr/image.ashx?id=2415746&use=l&cat=p&typeid=i","cat":314030},{"id":126687,"n":"Culottes Always Discreet black Taille L - Plus - x8","p":13.46,"u":"1,68 €/P","img":"https://fd3-photos.leclercdrive.fr/image.ashx?id=2521677&use=l&cat=p&typeid=i","cat":284628},{"id":126804,"n":"Lotus Biscoff Glace Speculoos  Chocolat lait 284g (4x90ml)","p":4.28,"u":"15,07 €/KG","img":"https://fd3-photos.leclercdrive.fr/image.ashx?id=2683280&use=l&cat=p&typeid=i","cat":284265},{"id":126847,"n":"Batonnets Smicy Vanille fraise - x12 - 456g","p":3.65,"u":"8,00 €/KG","img":"https://fd3-photos.leclercdrive.fr/image.ashx?id=2902555&use=l&cat=p&typeid=i","cat":284265},{"id":126848,"n":"Batonnets Smicy Vanille - x12 - 456g","p":4.02,"u":"8,82 €/KG","img":"https://fd3-photos.leclercdrive.fr/image.ashx?id=2902552&use=l&cat=p&typeid=i","cat":284265},{"id":126849,"n":"Batonnets Smicy Vanille chocolat - x12 - 456g","p":3.53,"u":"7,74 €/KG","img":"https://fd3-photos.leclercdrive.fr/image.ashx?id=2902558&use=l&cat=p&typeid=i","cat":284265},{"id":126851,"n":"Batonnets Smicy Chocolat - x12 - 456g","p":3.99,"u":"8,75 €/KG","img":"https://fd3-photos.leclercdrive.fr/image.ashx?id=2068058&use=l&cat=p&typeid=i","cat":284265},{"id":126907,"n":"Pesto verde Garofalo 175g","p":2.27,"u":"12,97 €/KG","img":"https://fd3-photos.leclercdrive.fr/image.ashx?id=2884651&use=l&cat=p&typeid=i","cat":287599},{"id":126914,"n":"Lorina limonade artisanale 6x20cl","p":5.06,"u":"4,22 €/L","img":"https://fd3-photos.leclercdrive.fr/image.ashx?id=2735140&use=l&cat=p&typeid=i","cat":284531},{"id":126960,"n":"Cheeseburgers Côté Croc x6 - 780g","p":6.29,"u":"8,06 €/KG","img":"https://fd3-photos.leclercdrive.fr/image.ashx?id=2077373&use=l&cat=p&typeid=i","cat":319822},{"id":126974,"n":"Café moulu bio Bio Village Mexique - 250g","p":4.95,"u":"19,80 €/KG","img":"https://fd3-photos.leclercdrive.fr/image.ashx?id=2468882&use=l&cat=p&typeid=i","cat":284750},{"id":126978,"n":"Artichaut blanc 1p","p":1.99,"img":"https://fd3-photos.leclercdrive.fr/image.ashx?id=1681565&use=l&cat=p&typeid=i","cat":284352},{"id":126987,"n":"Avocats Eco+ Filet x3","p":1.99,"u":"0,66 €/P","img":"https://fd3-photos.leclercdrive.fr/image.ashx?id=2373009&use=l&cat=p&typeid=i","cat":284352},{"id":126994,"n":"Céleri rave 1p","p":2.29,"img":"https://fd3-photos.leclercdrive.fr/image.ashx?id=1631904&use=l&cat=p&typeid=i","cat":284352},{"id":127016,"n":"Courge muscade x1","p":5.99,"img":"https://fd3-photos.leclercdrive.fr/image.ashx?id=1632042&use=l&cat=p&typeid=i","cat":284352},{"id":127017,"n":"Butternut 1p","p":2.29,"img":"https://fd3-photos.leclercdrive.fr/image.ashx?id=1631577&use=l&cat=p&typeid=i","cat":284352},{"id":127019,"n":"Potimarron 1p","p":2.29,"img":"https://fd3-photos.leclercdrive.fr/image.ashx?id=1633196&use=l&cat=p&typeid=i","cat":284352},{"id":127026,"n":"Chou frisé 1p","p":2.39,"img":"https://fd3-photos.leclercdrive.fr/image.ashx?id=560851&use=l&cat=p&typeid=i","cat":284352},{"id":127027,"n":"Bouchées Feuilletées 3 Toques x12 - 318g","p":2.35,"u":"7,39 €/KG","img":"https://fd3-photos.leclercdrive.fr/image.ashx?id=1913859&use=l&cat=p&typeid=i","cat":284441},{"id":127239,"n":"Farine de Blé T65 Coeur de Blé Label Rouge - 1kg","p":1.27,"u":"1,27 €/KG","img":"https://fd3-photos.leclercdrive.fr/image.ashx?id=2686933&use=l&cat=p&typeid=i","cat":284503},{"id":127244,"n":"Filets de Canard Volandrie - 350g","p":6.44,"u":"18,40 €/KG","img":"https://fd3-photos.leclercdrive.fr/image.ashx?id=2396948&use=l&cat=p&typeid=i","cat":284339},{"id":127323,"n":"Shampoing nourrissant Fructis Hair Food banane - 350ml","p":3.48,"u":"9,94 €/L","img":"https://fd3-photos.leclercdrive.fr/image.ashx?id=2830597&use=l&cat=p&typeid=i","cat":284606},{"id":127327,"n":"Saucissons natures Galibier Mini bûchettes - 120g","p":3.9,"u":"32,50 €/KG","img":"https://fd3-photos.leclercdrive.fr/image.ashx?id=2902028&use=l&cat=p&typeid=i","cat":316006},{"id":127329,"n":"Saucisson au Comté Galibier Mini bûchettes - 120g","p":3.99,"u":"33,25 €/KG","img":"https://fd3-photos.leclercdrive.fr/image.ashx?id=2902031&use=l&cat=p&typeid=i","cat":316006},{"id":127340,"n":"Knepfle aux œufs Tante Germaine 1kg","p":4.83,"u":"4,83 €/KG","img":"https://fd3-photos.leclercdrive.fr/image.ashx?id=2301013&use=l&cat=p&typeid=i","cat":333682},{"id":127386,"n":"Gel douche Cottage lait cerise noire et pistache - 250ml","p":2.13,"u":"8,52 €/L","img":"https://fd3-photos.leclercdrive.fr/image.ashx?id=1914546&use=l&cat=p&typeid=i","cat":284594},{"id":127396,"n":"Soin de jour Diadermine Lift+ Lissage Immédiat - 50 ml","p":6.84,"u":"136,80 €/L","img":"https://fd3-photos.leclercdrive.fr/image.ashx?id=2551111&use=l&cat=p&typeid=i","cat":325345},{"id":127401,"n":"Préservatifs Orgasm'Intense Perlés et Nervurés Durex x10","p":7.37,"u":"0,74 €/P","img":"https://fd3-photos.leclercdrive.fr/image.ashx?id=2962023&use=l&cat=p&typeid=i","cat":284631},{"id":127430,"n":"Céréales fourrées P'tit Déli Chocolat au lait - 450g","p":2.58,"u":"5,73 €/KG","img":"https://fd3-photos.leclercdrive.fr/image.ashx?id=2824713&use=l&cat=p&typeid=i","cat":309513},{"id":127432,"n":"Vol-au-Vent Gourmet beurre - x4 - 160g","p":3.9,"u":"24,38 €/KG","img":"https://fd3-photos.leclercdrive.fr/image.ashx?id=1915524&use=l&cat=p&typeid=i","cat":284441},{"id":127456,"n":"Lingettes mains Sanytol Désinfectantes - x12 lingettes","p":2.67,"img":"https://fd3-photos.leclercdrive.fr/image.ashx?id=2904670&use=l&cat=p&typeid=i","cat":284630},{"id":127475,"n":"Lait bébé en poudre Blédilait croissance 1-3 ans 900g","p":10.93,"u":"12,14 €/KG","img":"https://fd3-photos.leclercdrive.fr/image.ashx?id=2848587&use=l&cat=p&typeid=i","cat":290219},{"id":127476,"n":"Piperade basquaise NRT 600g","p":3.7,"u":"6,17 €/KG","img":"https://fd3-photos.leclercdrive.fr/image.ashx?id=2771420&use=l&cat=p&typeid=i","cat":284441},{"id":127537,"n":"Nettoyant l'Arbre Vert spray vitre -740ml","p":2.27,"u":"3,07 €/L","img":"https://fd3-photos.leclercdrive.fr/image.ashx?id=2812867&use=l&cat=p&typeid=i","cat":325363},{"id":127552,"n":"Tofu fumé Céréal Bio Bio - 200g","p":2.28,"u":"11,40 €/KG","img":"https://fd3-photos.leclercdrive.fr/image.ashx?id=2890097&use=l&cat=p&typeid=i","cat":316036},{"id":127556,"n":"Litière chats Tranquille Cristale charbon actif - 4L","p":5.99,"u":"1,50 €/L","img":"https://fd3-photos.leclercdrive.fr/image.ashx?id=2421874&use=l&cat=p&typeid=i","cat":284683},{"id":127598,"n":"Pochette dessin A3 180g Canson 10 feuilles dessin blanc - 180g","p":6.29,"img":"https://fd3-photos.leclercdrive.fr/image.ashx?id=2752456&use=l&cat=p&typeid=i","cat":284697},{"id":127728,"n":"Patafix Uhu invisible 56 pastilles","p":3.73,"img":"https://fd3-photos.leclercdrive.fr/image.ashx?id=1918226&use=l&cat=p&typeid=i","cat":334133},{"id":128826,"n":"Boisson a base de vin Don Simon Sangria blanche 1,5L","p":3.13,"u":"2,09 €/L","img":"https://fd3-photos.leclercdrive.fr/image.ashx?id=1918577&use=l&cat=p&typeid=i","cat":304569},{"id":128887,"n":"Soda Coca-Cola Verre - 6x250ml","p":5.82,"u":"3,88 €/L","img":"https://fd3-photos.leclercdrive.fr/image.ashx?id=2444465&use=l&cat=p&typeid=i","cat":284530},{"id":128897,"n":"IGP de l'Ile de Beauté Casa Casa Nostra 2019 - 75cl","p":5.78,"u":"7,71 €/L","img":"https://fd3-photos.leclercdrive.fr/image.ashx?id=1927887&use=l&cat=p&typeid=i","cat":289558},{"id":128904,"n":"IGP Sable de Camargue gris Pink Flamingo bio - 75 cl","p":6.06,"u":"8,08 €/L","img":"https://fd3-photos.leclercdrive.fr/image.ashx?id=2944693&use=l&cat=p&typeid=i","cat":289558},{"id":128907,"n":"Mini bûchettes nature Galibier  - 240g","p":7.9,"u":"32,92 €/KG","img":"https://fd3-photos.leclercdrive.fr/image.ashx?id=2416044&use=l&cat=p&typeid=i","cat":316006},{"id":128976,"n":"Sucre poudre Daddy 750g","p":1.69,"u":"2,25 €/KG","img":"https://fd3-photos.leclercdrive.fr/image.ashx?id=2944699&use=l&cat=p&typeid=i","cat":284502},{"id":129003,"n":"Lait infantile 1er âge Babybio  Optima 1 Bio - 800g","p":19.87,"u":"24,84 €/KG","img":"https://fd3-photos.leclercdrive.fr/image.ashx?id=2988433&use=l&cat=p&typeid=i","cat":284726},{"id":129009,"n":"Lait de croissance Babybio Bio En poudre caprea 3 - 800g","p":24.96,"u":"31,20 €/KG","img":"https://fd3-photos.leclercdrive.fr/image.ashx?id=2733343&use=l&cat=p&typeid=i","cat":290219},{"id":129019,"n":"Chocolat Pâtissier Nestlé Dessert : Noir Bio - 170g","p":4.04,"u":"23,76 €/KG","img":"https://fd3-photos.leclercdrive.fr/image.ashx?id=2961245&use=l&cat=p&typeid=i","cat":285562},{"id":129038,"n":"Lait nature Croissance Eveil Bio - 6x1L","p":12.26,"u":"2,04 €/L","img":"https://fd3-photos.leclercdrive.fr/image.ashx?id=1915623&use=l&cat=p&typeid=i","cat":284728},{"id":129046,"n":"Flocons avoine sans gluten bio  Terres et Céréales - 500g","p":3.13,"u":"6,26 €/KG","img":"https://fd3-photos.leclercdrive.fr/image.ashx?id=2913952&use=l&cat=p&typeid=i","cat":309512},{"id":129047,"n":"Crok fondant chocolat noisette  bio Terres et Céréales - 375g","p":4.87,"u":"12,99 €/KG","img":"https://fd3-photos.leclercdrive.fr/image.ashx?id=2672293&use=l&cat=p&typeid=i","cat":309513},{"id":129048,"n":"Flocons 5 céréales bio  Terres et Céréales - 500g","p":2.03,"u":"4,06 €/KG","img":"https://fd3-photos.leclercdrive.fr/image.ashx?id=2432532&use=l&cat=p&typeid=i","cat":309512},{"id":129049,"n":"Haricots coco bio Jardin Bio Cuisinés - 680g","p":3.35,"u":"4,93 €/KG","img":"https://fd3-photos.leclercdrive.fr/image.ashx?id=2811200&use=l&cat=p&typeid=i","cat":312606},{"id":129050,"n":"Flocons avoine France bio  Terres et Céréales - 1kg","p":3.87,"u":"3,87 €/KG","img":"https://fd3-photos.leclercdrive.fr/image.ashx?id=2467832&use=l&cat=p&typeid=i","cat":309512},{"id":129067,"n":"Lait caprea 1er âge Babybio Bio 800g","p":26.21,"u":"32,76 €/KG","img":"https://fd3-photos.leclercdrive.fr/image.ashx?id=2733337&use=l&cat=p&typeid=i","cat":284726},{"id":129106,"n":"Liqueur de Whisky Jack Daniel's Apple 70cL","p":19.95,"pp":17.95,"u":"25,64 €/L","img":"https://fd3-photos.leclercdrive.fr/image.ashx?id=2764586&use=l&cat=p&typeid=i","cat":286032},{"id":129119,"n":"Donuts Milka 4x56g","p":2.81,"u":"12,54 €/KG","img":"https://fd3-photos.leclercdrive.fr/image.ashx?id=2030835&use=l&cat=p&typeid=i","cat":284984},{"id":129123,"n":"Gel Lubrifiant Perfect Gliss Durex Longue Durée 100ml","p":7.95,"u":"79,50 €/L","img":"https://fd3-photos.leclercdrive.fr/image.ashx?id=2960693&use=l&cat=p&typeid=i","cat":285160},{"id":129137,"n":"Ethylotest 0.5g/L  NF x1","p":2.9,"img":"https://fd3-photos.leclercdrive.fr/image.ashx?id=1916195&use=l&cat=p&typeid=i","cat":334880},{"id":129162,"n":"Boisson énergisante Monster Mango Loco - 50cl","p":1.55,"u":"3,10 €/L","img":"https://fd3-photos.leclercdrive.fr/image.ashx?id=2433443&use=l&cat=p&typeid=i","cat":284533},{"id":129180,"n":"Thé saveur Twinings Vanille miel - x20 - 30g","p":2.93,"u":"97,67 €/KG","img":"https://fd3-photos.leclercdrive.fr/image.ashx?id=2922119&use=l&cat=p&typeid=i","cat":293233},{"id":129235,"n":"Soda Coca-Cola sans sucres Bouteille - 6x1.75L","p":10.3,"u":"0,98 €/L","img":"https://fd3-photos.leclercdrive.fr/image.ashx?id=2878330&use=l&cat=p&typeid=i","cat":284530},{"id":129237,"n":"Baume Barbe Gillette 100ml","p":8.5,"pp":5.1,"u":"51,00 €/L","img":"https://fd3-photos.leclercdrive.fr/image.ashx?id=2655145&use=l&cat=p&typeid=i","cat":284622},{"id":129280,"n":"Sel équilibre Cérébos Réduit en Sodium - 350g","p":2.07,"u":"5,91 €/KG","img":"https://fd3-photos.leclercdrive.fr/image.ashx?id=2520132&use=l&cat=p&typeid=i","cat":284457},{"id":129393,"n":"Tablette Chocolat Noir Atelier Myrtille Amandes Noisettes 170g","p":3.53,"u":"20,76 €/KG","img":"https://fd3-photos.leclercdrive.fr/image.ashx?id=2663057&use=l&cat=p&typeid=i","cat":284956},{"id":129394,"n":"Tablette Chocolat Noir Nestlé L'Atelier Cranberries 170g","p":3.57,"u":"21,00 €/KG","img":"https://fd3-photos.leclercdrive.fr/image.ashx?id=2663054&use=l&cat=p&typeid=i","cat":284956},{"id":129395,"n":"Tablette Chocolat Lait Nestlé  L'Atelier Cranberries 170g","p":3.57,"u":"21,00 €/KG","img":"https://fd3-photos.leclercdrive.fr/image.ashx?id=2663051&use=l&cat=p&typeid=i","cat":284497},{"id":129396,"n":"Tablette Chocolat Lait Nestlé  L'atelier Raisins Amandes 170g","p":3.43,"u":"20,18 €/KG","img":"https://fd3-photos.leclercdrive.fr/image.ashx?id=2663048&use=l&cat=p&typeid=i","cat":284497},{"id":129397,"n":"Tablette Chocolat Noir Nestlé L'Atelier Raisins Amandes 170g","p":3.89,"u":"22,88 €/KG","img":"https://fd3-photos.leclercdrive.fr/image.ashx?id=2662147&use=l&cat=p&typeid=i","cat":284956},{"id":129398,"n":"Tablette Chocolat Lait Nestlé  L'Atelier Noisettes 170g","p":3.83,"u":"22,53 €/KG","img":"https://fd3-photos.leclercdrive.fr/image.ashx?id=2663060&use=l&cat=p&typeid=i","cat":284497},{"id":129399,"n":"Tablette Chocolat Noir Nestlé L'Atelier Noisettes 170g","p":3.83,"u":"22,53 €/KG","img":"https://fd3-photos.leclercdrive.fr/image.ashx?id=2663063&use=l&cat=p&typeid=i","cat":284956},{"id":129410,"n":"Tablette Chocolat Noir Nestlé L'Atelier Amandes entières 170g","p":3.77,"u":"22,18 €/KG","img":"https://fd3-photos.leclercdrive.fr/image.ashx?id=2663066&use=l&cat=p&typeid=i","cat":284956},{"id":129451,"n":"Thon miettes Petit Navire Tomate Herbes de Provence 160g","p":2.42,"u":"15,13 €/KG","img":"https://fd3-photos.leclercdrive.fr/image.ashx?id=2523909&use=l&cat=p&typeid=i","cat":303867},{"id":129472,"n":"Crème dessert Danette Vanille - 8x125g","p":3.17,"u":"3,17 €/KG","img":"https://fd3-photos.leclercdrive.fr/image.ashx?id=2949838&use=l&cat=p&typeid=i","cat":285041},{"id":129544,"n":"Sardines Connetable Piment de Cayenne - 3x135g","p":6.25,"u":"15,43 €/KG","img":"https://fd3-photos.leclercdrive.fr/image.ashx?id=2983724&use=l&cat=p&typeid=i","cat":305146},{"id":129560,"n":"Filets cabillaud MSC 800g","p":11.98,"u":"14,98 €/KG","img":"https://fd3-photos.leclercdrive.fr/image.ashx?id=1983986&use=l&cat=p&typeid=i","cat":319786},{"id":129602,"n":"Lait demi-écrémé Grandlait Candia Bouteille - 6x25cl","p":4.2,"u":"2,80 €/L","img":"https://fd3-photos.leclercdrive.fr/image.ashx?id=2916189&use=l&cat=p&typeid=i","cat":284377},{"id":129620,"n":"Bière Ambrée 3 Monts 75cl","p":2.78,"u":"3,71 €/L","img":"https://fd3-photos.leclercdrive.fr/image.ashx?id=2548186&use=l&cat=p&typeid=i","cat":334852},{"id":129630,"n":"Bâtonnets Trium Menthe - x4 - 290g","p":2.81,"u":"9,69 €/KG","img":"https://fd3-photos.leclercdrive.fr/image.ashx?id=2920794&use=l&cat=p&typeid=i","cat":284265},{"id":129652,"n":"Garniture pour flammkueche Schneider - 500g","p":3.38,"u":"6,76 €/KG","img":"https://fd3-photos.leclercdrive.fr/image.ashx?id=2454784&use=l&cat=p&typeid=i","cat":333681},{"id":129676,"n":"AOP Crémant d'Alsace Bio Cigogne brut - 75cl","p":8.13,"u":"10,84 €/L","img":"https://fd3-photos.leclercdrive.fr/image.ashx?id=2575504&use=l&cat=p&typeid=i","cat":284545},{"id":129752,"n":"AOP Corse vin rosé Domaine Poli Médaillé - 75cl","p":6.45,"u":"8,60 €/L","img":"https://fd3-photos.leclercdrive.fr/image.ashx?id=1934931&use=l&cat=p&typeid=i","cat":289558},{"id":129802,"n":"Café dosettes Tassimo Columbus Lungo x14","p":4.97,"u":"55,22 €/KG","img":"https://fd3-photos.leclercdrive.fr/image.ashx?id=2154833&use=l&cat=p&typeid=i","cat":293240},{"id":129807,"n":"Biscuits Biarritz Delacre Noix de coco et Chocolat - 175g","p":3.34,"u":"19,09 €/KG","img":"https://fd3-photos.leclercdrive.fr/image.ashx?id=2867963&use=l&cat=p&typeid=i","cat":284490},{"id":129820,"n":"AOP Bordeaux Médoc rouge Chateau Tour Prignac - 75cl","p":7.9,"u":"10,53 €/L","img":"https://fd3-photos.leclercdrive.fr/image.ashx?id=2432001&use=l&cat=p&typeid=i","cat":289556},{"id":129864,"n":"Crème glacée Ben and Jerry's  Half Baked - 406g","p":3.83,"u":"9,43 €/KG","img":"https://fd3-photos.leclercdrive.fr/image.ashx?id=3011941&use=l&cat=p&typeid=i","cat":284725},{"id":129933,"n":"Beignets Pasquier Pomme x6 - 270g","p":2.28,"u":"8,44 €/KG","img":"https://fd3-photos.leclercdrive.fr/image.ashx?id=2986371&use=l&cat=p&typeid=i","cat":284495},{"id":129934,"n":"Beignets Pasquier Chocolat noisette - x6 - 270g","p":2.17,"u":"8,04 €/KG","img":"https://fd3-photos.leclercdrive.fr/image.ashx?id=2986374&use=l&cat=p&typeid=i","cat":284495},{"id":129935,"n":"Beignets Pasquier Framboise x6 - 270g","p":3.38,"u":"12,52 €/KG","img":"https://fd3-photos.leclercdrive.fr/image.ashx?id=2986377&use=l&cat=p&typeid=i","cat":284495},{"id":129956,"n":"IGP Pays d'Oc rosé Grenache Gris de Gris 12% vol - 75cl","p":3.81,"u":"5,08 €/L","img":"https://fd3-photos.leclercdrive.fr/image.ashx?id=2986233&use=l&cat=p&typeid=i","cat":289558},{"id":129957,"n":"AOP Côtes du Rhône rouge Combes de Saint Sauveur - BIB 3L","p":14.3,"u":"4,77 €/L","img":"https://fd3-photos.leclercdrive.fr/image.ashx?id=2985033&use=l&cat=p&typeid=i","cat":289560},{"id":129958,"n":"IGP Méditerrannée rosé Saint Sagnol 13% vol - 3L","p":11.96,"u":"3,99 €/L","img":"https://fd3-photos.leclercdrive.fr/image.ashx?id=2445106&use=l&cat=p&typeid=i","cat":289558},{"id":130115,"n":"Piémontaise Bonduelle Jambon Tomate fraîche -Barquette 320g","p":2.58,"u":"8,06 €/KG","img":"https://fd3-photos.leclercdrive.fr/image.ashx?id=2904700&use=l&cat=p&typeid=i","cat":333657},{"id":130252,"n":"Boisson amande Bio Bjorg Sans sucres - 3x25cl","p":2.8,"u":"3,73 €/L","img":"https://fd3-photos.leclercdrive.fr/image.ashx?id=2155459&use=l&cat=p&typeid=i","cat":316067},{"id":130284,"n":"Grissini artigianali Florelli Romarin - 300g","p":2.17,"u":"7,23 €/KG","img":"https://fd3-photos.leclercdrive.fr/image.ashx?id=2475855&use=l&cat=p&typeid=i","cat":297000},{"id":130285,"n":"Grissini artigianali Florelli Olives noires - 300g","p":2.03,"u":"6,77 €/KG","img":"https://fd3-photos.leclercdrive.fr/image.ashx?id=2475861&use=l&cat=p&typeid=i","cat":297000},{"id":130319,"n":"Mini pots Häagen-Dazs  Fruit Collection x4 - 326g","p":4.39,"u":"13,47 €/KG","img":"https://fd3-photos.leclercdrive.fr/image.ashx?id=3000159&use=l&cat=p&typeid=i","cat":284725},{"id":130334,"n":"Lessive liquide bébé Epsil 25 lavages - 1.25L","p":3.88,"u":"3,10 €/L","img":"https://fd3-photos.leclercdrive.fr/image.ashx?id=2838939&use=l&cat=p&typeid=i","cat":284640},{"id":130347,"n":"Bâtonnets Trium Caramel Beurre Salé x4 - 288g","p":2.93,"u":"10,17 €/KG","img":"https://fd3-photos.leclercdrive.fr/image.ashx?id=2161082&use=l&cat=p&typeid=i","cat":284265},{"id":130348,"n":"Bâtonnets Trium chocolat au  Lait biscuit cacaoté x4- 290g","p":2.99,"u":"10,31 €/KG","img":"https://fd3-photos.leclercdrive.fr/image.ashx?id=2791341&use=l&cat=p&typeid=i","cat":284265},{"id":130357,"n":"Lait Sans Lactose Candia  Bouteille 1%MG - 6x1L","p":9.55,"u":"1,59 €/L","img":"https://fd3-photos.leclercdrive.fr/image.ashx?id=2481357&use=l&cat=p&typeid=i","cat":317169},{"id":130360,"n":"Filets d'anchois marinés Miceli A la provençale - 500g","p":5.83,"u":"11,66 €/KG","img":"https://fd3-photos.leclercdrive.fr/image.ashx?id=2095617&use=l&cat=p&typeid=i","cat":285190},{"id":130363,"n":"Dessert Bonta Divina Chocolat 2+1 offert - 270g","p":3.79,"u":"14,04 €/KG","img":"https://fd3-photos.leclercdrive.fr/image.ashx?id=1931268&use=l&cat=p&typeid=i","cat":284419},{"id":130364,"n":"Dessert Bonta Divina Café 2+1 offert - 270g","p":2.29,"u":"8,48 €/KG","img":"https://fd3-photos.leclercdrive.fr/image.ashx?id=1931271&use=l&cat=p&typeid=i","cat":284419},{"id":130367,"n":"Galettes Schneider Pomme de terre - 400g","p":2.99,"u":"7,48 €/KG","img":"https://fd3-photos.leclercdrive.fr/image.ashx?id=2961972&use=l&cat=p&typeid=i","cat":333665},{"id":130371,"n":"Spatzlé aux œufs Tante Germaine 1kg","p":5.1,"u":"5,10 €/KG","img":"https://fd3-photos.leclercdrive.fr/image.ashx?id=2297132&use=l&cat=p&typeid=i","cat":333682},{"id":130461,"n":"Bière blonde sans alcool 1664 0,0° - 6x25cl","p":3.76,"u":"2,51 €/L","img":"https://fd3-photos.leclercdrive.fr/image.ashx?id=2120656&use=l&cat=p&typeid=i","cat":334877},{"id":130527,"n":"Crème dessert Mont Blanc Chocolat - 6x125g","p":3.91,"u":"5,21 €/KG","img":"https://fd3-photos.leclercdrive.fr/image.ashx?id=1934733&use=l&cat=p&typeid=i","cat":284506},{"id":130550,"n":"Gratte éponge Spontex Stop Bactérie - x4","p":3.44,"u":"0,86 €/P","img":"https://fd3-photos.leclercdrive.fr/image.ashx?id=2876578&use=l&cat=p&typeid=i","cat":284667},{"id":130629,"n":"Dés de Mimolette et Gouda Petit Marché - 120g","p":2.55,"u":"21,25 €/KG","img":"https://fd3-photos.leclercdrive.fr/image.ashx?id=2189372&use=l&cat=p&typeid=i","cat":314027},{"id":130664,"n":"Aiguillette Poulet Blanc LR  IGP Volailles du Maine  - 180g","p":3.96,"u":"22,00 €/KG","img":"https://fd3-photos.leclercdrive.fr/image.ashx?id=2592543&use=l&cat=p&typeid=i","cat":284336},{"id":130688,"n":"Lubrifiant Essence Total Quartz 7000 10w-40 - 5L","p":26.9,"pp":18.83,"u":"3,77 €/L","img":"https://fd3-photos.leclercdrive.fr/image.ashx?id=2602566&use=l&cat=p&typeid=i","cat":298253},{"id":130691,"n":"Lubrifiant Total Quartz 7000 10w-40 diesel - 5L","p":26.9,"pp":18.83,"u":"3,77 €/L","img":"https://fd3-photos.leclercdrive.fr/image.ashx?id=3014518&use=l&cat=p&typeid=i","cat":298253},{"id":130692,"n":"Lubrifiant diesel Total Quartz 9000 5w-40 - 5L","p":37.9,"pp":26.53,"u":"5,31 €/L","img":"https://fd3-photos.leclercdrive.fr/image.ashx?id=2646521&use=l&cat=p&typeid=i","cat":298253},{"id":130705,"n":"Fromage frais Isigny Vanille - 500g","p":2.78,"u":"5,56 €/KG","img":"https://fd3-photos.leclercdrive.fr/image.ashx?id=2862260&use=l&cat=p&typeid=i","cat":284409},{"id":130717,"n":"Spaghetti courts Lustucru 3 min - 500g","p":1.63,"u":"3,26 €/KG","img":"https://fd3-photos.leclercdrive.fr/image.ashx?id=2023167&use=l&cat=p&typeid=i","cat":284427},{"id":130744,"n":"Nouilles aux oeufs Suzi Wan 250g","p":1.7,"u":"6,80 €/KG","img":"https://fd3-photos.leclercdrive.fr/image.ashx?id=2892928&use=l&cat=p&typeid=i","cat":288992},{"id":130749,"n":"Yaourt à la grecque YAOS Noix de coco - 4x125g","p":2.07,"u":"4,14 €/KG","img":"https://fd3-photos.leclercdrive.fr/image.ashx?id=2213469&use=l&cat=p&typeid=i","cat":314999},{"id":130750,"n":"Boite ménagère basilic Ducros 29g","p":1.17,"u":"40,34 €/KG","img":"https://fd3-photos.leclercdrive.fr/image.ashx?id=2486587&use=l&cat=p&typeid=i","cat":298297},{"id":130752,"n":"Maquereau Petit Navire 175g Vin blanc et aromates - 175g","p":2.26,"u":"12,91 €/KG","img":"https://fd3-photos.leclercdrive.fr/image.ashx?id=2989063&use=l&cat=p&typeid=i","cat":303868},{"id":130759,"n":"Barres Nakd Cacahuètes Raw   Barres de Fruits & Noix 4x35g","p":2.39,"u":"17,07 €/KG","img":"https://fd3-photos.leclercdrive.fr/image.ashx?id=3005251&use=l&cat=p&typeid=i","cat":285869},{"id":130777,"n":"Arrangé Héritage Charrette Le Vanille 40% vol - 70cl","p":23.75,"u":"33,93 €/L","img":"https://fd3-photos.leclercdrive.fr/image.ashx?id=2306225&use=l&cat=p&typeid=i","cat":284551},{"id":130784,"n":"Crème colorante Eugène Color N°15","p":3.61,"img":"https://fd3-photos.leclercdrive.fr/image.ashx?id=2476455&use=l&cat=p&typeid=i","cat":288899},{"id":130788,"n":"Tablette chocolat au lait Eco+ Ménage - 5x100g","p":3.49,"u":"6,98 €/KG","img":"https://fd3-photos.leclercdrive.fr/image.ashx?id=2746778&use=l&cat=p&typeid=i","cat":284497},{"id":130789,"n":"Préparation Gâteau alsa Moelleux Nature - 435g","p":2.19,"u":"5,03 €/KG","img":"https://fd3-photos.leclercdrive.fr/image.ashx?id=2996431&use=l&cat=p&typeid=i","cat":284505},{"id":130790,"n":"Préparation Gâteau alsa Moelleux Chocolat - 435g","p":2.19,"u":"5,03 €/KG","img":"https://fd3-photos.leclercdrive.fr/image.ashx?id=2996434&use=l&cat=p&typeid=i","cat":284505},{"id":130792,"n":"Préparation Gâteau alsa Moelleux Citron - 435g","p":2.29,"u":"5,26 €/KG","img":"https://fd3-photos.leclercdrive.fr/image.ashx?id=2961864&use=l&cat=p&typeid=i","cat":284505},{"id":130796,"n":"Lingettes bébé Love & Green Ecologiques - x64","p":2.29,"u":"0,04 €/P","img":"https://fd3-photos.leclercdrive.fr/image.ashx?id=2300872&use=l&cat=p&typeid=i","cat":284738},{"id":130797,"n":"Miel de Fleurs Crémeux 500g","p":4.07,"u":"8,14 €/KG","img":"https://fd3-photos.leclercdrive.fr/image.ashx?id=2984871&use=l&cat=p&typeid=i","cat":287643},{"id":130798,"n":"Nems poulet + sauce Agis 8x65g","p":5.77,"u":"11,10 €/KG","img":"https://fd3-photos.leclercdrive.fr/image.ashx?id=2870551&use=l&cat=p&typeid=i","cat":333673},{"id":130804,"n":"Préparation Gâteau alsa Fondant au Chocolat - 435g","p":2.58,"u":"8,06 €/KG","img":"https://fd3-photos.leclercdrive.fr/image.ashx?id=2996437&use=l&cat=p&typeid=i","cat":284505},{"id":130805,"n":"Nappage Sainte Lucie Chocolat - 200g","p":2.94,"u":"14,70 €/KG","img":"https://fd3-photos.leclercdrive.fr/image.ashx?id=2776121&use=l&cat=p&typeid=i","cat":284504},{"id":130806,"n":"Nappage Sainte Lucie Caramel beurre salé - 180g","p":3.37,"u":"18,72 €/KG","img":"https://fd3-photos.leclercdrive.fr/image.ashx?id=2144098&use=l&cat=p&typeid=i","cat":284504},{"id":130812,"n":"Brosse à Dents Signal Ultra Access Medium x1","p":2.79,"img":"https://fd3-photos.leclercdrive.fr/image.ashx?id=3009263&use=l&cat=p&typeid=i","cat":284614},{"id":130816,"n":"Dentifrice Zendium Protection complète - 75ml","p":2.81,"img":"https://fd3-photos.leclercdrive.fr/image.ashx?id=2927711&use=l&cat=p&typeid=i","cat":284612},{"id":130830,"n":"Dessert Végétal Charles & Alice Végétal Coco Chocolat 2X110G","p":1.53,"u":"6,95 €/KG","img":"https://fd3-photos.leclercdrive.fr/image.ashx?id=2919307&use=l&cat=p&typeid=i","cat":316071},{"id":130831,"n":"Dessert Végétal Charles & Alice Végétal Coco Marron 2X110G","p":1.66,"u":"7,55 €/KG","img":"https://fd3-photos.leclercdrive.fr/image.ashx?id=2911348&use=l&cat=p&typeid=i","cat":316071},{"id":130834,"n":"Smoothie innocent énergie tropical 750ml","p":3.9,"u":"5,20 €/L","img":"https://fd3-photos.leclercdrive.fr/image.ashx?id=2181383&use=l&cat=p&typeid=i","cat":285435},{"id":130881,"n":"Bâtonnets Côte d'Or Vanille x4 - 260g","p":4.13,"u":"15,88 €/KG","img":"https://fd3-photos.leclercdrive.fr/image.ashx?id=2844573&use=l&cat=p&typeid=i","cat":284265},{"id":130916,"n":"Poudre à lever Bio Sainte Lucie 5x10g","p":2.0,"u":"40,00 €/KG","img":"https://fd3-photos.leclercdrive.fr/image.ashx?id=2774370&use=l&cat=p&typeid=i","cat":284504},{"id":130917,"n":"Lait en poudre Guigoz 1er âge - 0-6 mois - 800g","p":17.88,"u":"22,35 €/KG","img":"https://fd3-photos.leclercdrive.fr/image.ashx?id=2891313&use=l&cat=p&typeid=i","cat":284726},{"id":130918,"n":"Lait bébé poudre Guigoz Evolia  2ème âge - 6-12 mois - 800g","p":14.32,"u":"17,90 €/KG","img":"https://fd3-photos.leclercdrive.fr/image.ashx?id=2737111&use=l&cat=p&typeid=i","cat":284727},{"id":130935,"n":"Dés fromage Petit Marché Chèvre - 120g","p":2.95,"u":"24,58 €/KG","img":"https://fd3-photos.leclercdrive.fr/image.ashx?id=2195332&use=l&cat=p&typeid=i","cat":314027},{"id":130937,"n":"Dés Fromage Méditerranéen Petit Marché 120g","p":2.95,"u":"24,58 €/KG","img":"https://fd3-photos.leclercdrive.fr/image.ashx?id=2263733&use=l&cat=p&typeid=i","cat":314027},{"id":130939,"n":"Dés Cheddar Petit Marché - 120g","p":2.95,"u":"24,58 €/KG","img":"https://fd3-photos.leclercdrive.fr/image.ashx?id=2303612&use=l&cat=p&typeid=i","cat":314027},{"id":130950,"n":"chips banane plantain pimentée 75g","p":0.9,"u":"12,00 €/KG","img":"https://fd3-photos.leclercdrive.fr/image.ashx?id=2018343&use=l&cat=p&typeid=i","cat":284447},{"id":130963,"n":"Serviettes hypoallergéniques  Love&Green Super - x12","p":2.37,"u":"0,20 €/P","img":"https://fd3-photos.leclercdrive.fr/image.ashx?id=2811362&use=l&cat=p&typeid=i","cat":284624},{"id":130964,"n":"Serviettes normales Love&Green Hypoallergéniques 0% - x10","p":2.57,"u":"0,26 €/P","img":"https://fd3-photos.leclercdrive.fr/image.ashx?id=2811365&use=l&cat=p&typeid=i","cat":284624},{"id":130965,"n":"Protège slips Love & Green Hypoallergéniques flexi - x28","p":2.43,"img":"https://fd3-photos.leclercdrive.fr/image.ashx?id=2811371&use=l&cat=p&typeid=i","cat":284625},{"id":130966,"n":"Protège slips Love & Green Hypoallergéniques larges- x28","p":2.52,"img":"https://fd3-photos.leclercdrive.fr/image.ashx?id=2811368&use=l&cat=p&typeid=i","cat":284625},{"id":131015,"n":"Compotes Materne Coupelles Pomme - 4x100g","p":1.7,"u":"4,25 €/KG","img":"https://fd3-photos.leclercdrive.fr/image.ashx?id=3010855&use=l&cat=p&typeid=i","cat":284508},{"id":131150,"n":"Manche rétractable 1 pièce","p":2.72,"img":"https://fd3-photos.leclercdrive.fr/image.ashx?id=1937809&use=l&cat=p&typeid=i","cat":284669},{"id":131153,"n":"Serviettes 40cm 3 plis Ardence Grises - x20","p":1.38,"u":"0,07 €/P","img":"https://fd3-photos.leclercdrive.fr/image.ashx?id=1937803&use=l&cat=p&typeid=i","cat":334134},{"id":131192,"n":"Croquettes chien Ultima Nature  Poulet - 3kg","p":11.64,"u":"3,88 €/KG","img":"https://fd3-photos.leclercdrive.fr/image.ashx?id=2593167&use=l&cat=p&typeid=i","cat":284672},{"id":131243,"n":"AOC Crémant de Limoux Brut  rosé Aguila - 75cl","p":6.93,"u":"9,24 €/L","img":"https://fd3-photos.leclercdrive.fr/image.ashx?id=2792246&use=l&cat=p&typeid=i","cat":284544},{"id":131257,"n":"Thon entier MSC Saupiquet Nature - 112g","p":2.29,"u":"20,45 €/KG","img":"https://fd3-photos.leclercdrive.fr/image.ashx?id=2860874&use=l&cat=p&typeid=i","cat":303867},{"id":131388,"n":"Capsules Starbucks by Nespresso  Colombia Int 7 - x10","p":3.16,"u":"55,44 €/KG","img":"https://fd3-photos.leclercdrive.fr/image.ashx?id=2868152&use=l&cat=p&typeid=i","cat":284749},{"id":131390,"n":"Capsules Starbucks by Nespresso  House Blend Int 8 - x10","p":3.16,"u":"55,44 €/KG","img":"https://fd3-photos.leclercdrive.fr/image.ashx?id=2868143&use=l&cat=p&typeid=i","cat":284749},{"id":131395,"n":"Capsules Starbucks by Nespresso  Espresso Décaf Int 11 - x10","p":3.98,"u":"0,40 €/P","img":"https://fd3-photos.leclercdrive.fr/image.ashx?id=2945778&use=l&cat=p&typeid=i","cat":284749},{"id":131397,"n":"Capsules Starbucks by Nespresso  Sumatra Int 10 - x10","p":3.56,"u":"0,36 €/P","img":"https://fd3-photos.leclercdrive.fr/image.ashx?id=2945772&use=l&cat=p&typeid=i","cat":284749},{"id":131399,"n":"Café Capsules NESPRESSO int 7 Starbucks Pike Place Roast x10","p":3.71,"u":"70,00 €/KG","img":"https://fd3-photos.leclercdrive.fr/image.ashx?id=2945775&use=l&cat=p&typeid=i","cat":284749},{"id":131424,"n":"Capsules Starbucks by Nespresso  Blonde Espresso Int 6 - x10","p":3.16,"u":"59,62 €/KG","img":"https://fd3-photos.leclercdrive.fr/image.ashx?id=2868146&use=l&cat=p&typeid=i","cat":284749},{"id":131426,"n":"Capsules Starbucks by Nespresso  Espresso Roast Int 11 - x10","p":3.16,"u":"55,44 €/KG","img":"https://fd3-photos.leclercdrive.fr/image.ashx?id=2868149&use=l&cat=p&typeid=i","cat":284749},{"id":131428,"n":"Capsules Starbucks by Nespresso  Verona Int 10 - x10","p":3.71,"u":"65,09 €/KG","img":"https://fd3-photos.leclercdrive.fr/image.ashx?id=2945769&use=l&cat=p&typeid=i","cat":284749},{"id":131431,"n":"Café Capsules by DOLCE GUSTO Starbucks Caramel Macchiato 2x6","p":4.27,"u":"33,62 €/KG","img":"https://fd3-photos.leclercdrive.fr/image.ashx?id=2966785&use=l&cat=p&typeid=i","cat":293239},{"id":131569,"n":"Cornichons Alélor Aigres doux - 330g","p":2.8,"u":"8,48 €/KG","img":"https://fd3-photos.leclercdrive.fr/image.ashx?id=2857264&use=l&cat=p&typeid=i","cat":284458},{"id":131577,"n":"AOP Sylvaner Cave de Hunawihr Vin blanc - 1L","p":6.38,"u":"6,38 €/L","img":"https://fd3-photos.leclercdrive.fr/image.ashx?id=2309699&use=l&cat=p&typeid=i","cat":289557},{"id":131625,"n":"Thé glacé Fuze Tea  Menthe Citron vert - 1,25L","p":1.51,"u":"1,21 €/L","img":"https://fd3-photos.leclercdrive.fr/image.ashx?id=2940402&use=l&cat=p&typeid=i","cat":295019},{"id":131731,"n":"Saucisses poulet x6 La Nouvelle Agriculture - 300g","p":3.24,"u":"10,80 €/KG","img":"https://fd3-photos.leclercdrive.fr/image.ashx?id=2095959&use=l&cat=p&typeid=i","cat":284716},{"id":131742,"n":"crème dessert chocolat au lait danette - 4x125g","p":1.68,"u":"3,36 €/KG","img":"https://fd3-photos.leclercdrive.fr/image.ashx?id=2093984&use=l&cat=p&typeid=i","cat":285041},{"id":131767,"n":"Bonbons sans sucres Ricola Orange Menthe - 50g","p":1.99,"u":"39,80 €/KG","img":"https://fd3-photos.leclercdrive.fr/image.ashx?id=2382219&use=l&cat=p&typeid=i","cat":304256},{"id":131782,"n":"Abricots demi-fruits Eco+ Sirop léger - 475 g","p":1.79,"u":"3,77 €/KG","img":"https://fd3-photos.leclercdrive.fr/image.ashx?id=2618220&use=l&cat=p&typeid=i","cat":284507},{"id":131784,"n":"Barres céréales Eco+ Choco/banane - 125g","p":0.71,"u":"5,68 €/KG","img":"https://fd3-photos.leclercdrive.fr/image.ashx?id=2791203&use=l&cat=p&typeid=i","cat":285869},{"id":131786,"n":"Café Dolce Gusto Plantation Décaféiné N°5 - x16 - 106g","p":3.39,"u":"31,98 €/KG","img":"https://fd3-photos.leclercdrive.fr/image.ashx?id=2649741&use=l&cat=p&typeid=i","cat":293239},{"id":131788,"n":"Barres céréales Eco+ Pomme/abricot - 125g","p":0.69,"u":"5,52 €/KG","img":"https://fd3-photos.leclercdrive.fr/image.ashx?id=2791206&use=l&cat=p&typeid=i","cat":285869},{"id":131790,"n":"Barres céréales Eco+ Chocolat & cacahuètes x6 - 126g","p":0.71,"u":"5,63 €/KG","img":"https://fd3-photos.leclercdrive.fr/image.ashx?id=2791209&use=l&cat=p&typeid=i","cat":285869},{"id":131791,"n":"Céréales blé soufflé Eco+ Au miel - 750g","p":2.96,"u":"3,95 €/KG","img":"https://fd3-photos.leclercdrive.fr/image.ashx?id=2900013&use=l&cat=p&typeid=i","cat":309513},{"id":131794,"n":"Betteraves rouges 3x130g","p":1.79,"u":"4,59 €/KG","img":"https://fd3-photos.leclercdrive.fr/image.ashx?id=2537848&use=l&cat=p&typeid=i","cat":312611},{"id":131799,"n":"Boules de céréales Eco+ Au chocolat - 750g","p":2.97,"u":"3,96 €/KG","img":"https://fd3-photos.leclercdrive.fr/image.ashx?id=2946151&use=l&cat=p&typeid=i","cat":309513},{"id":131800,"n":"Céréales boules de mais Eco + Au miel - 750g","p":2.25,"u":"3,00 €/KG","img":"https://fd3-photos.leclercdrive.fr/image.ashx?id=2765828&use=l&cat=p&typeid=i","cat":309513},{"id":131801,"n":"Bonbons tendres aux fruits Eco + - 500g","p":1.99,"u":"3,98 €/KG","img":"https://fd3-photos.leclercdrive.fr/image.ashx?id=2729266&use=l&cat=p&typeid=i","cat":304250},{"id":131802,"n":"Boules céréales miel P'tit Déli 400g","p":2.33,"u":"5,83 €/KG","img":"https://fd3-photos.leclercdrive.fr/image.ashx?id=2183110&use=l&cat=p&typeid=i","cat":309513},{"id":131806,"n":"Céréales fourrées P'tit Déli Chocolat au lait - 450g","p":2.45,"u":"5,44 €/KG","img":"https://fd3-photos.leclercdrive.fr/image.ashx?id=2835211&use=l&cat=p&typeid=i","cat":309513},{"id":131807,"n":"Choucroute garnie 800g","p":2.17,"u":"2,71 €/KG","img":"https://fd3-photos.leclercdrive.fr/image.ashx?id=1942455&use=l&cat=p&typeid=i","cat":284441},{"id":131809,"n":"Chocolat noir dégustation 100g","p":1.0,"u":"10,00 €/KG","img":"https://fd3-photos.leclercdrive.fr/image.ashx?id=2858375&use=l&cat=p&typeid=i","cat":284956},{"id":131811,"n":"Chicorée café Eco+ Soluble - 200g","p":2.06,"u":"10,30 €/KG","img":"https://fd3-photos.leclercdrive.fr/image.ashx?id=2791200&use=l&cat=p&typeid=i","cat":284843},{"id":131814,"n":"Confiture Eco+ Fraise - 1kg","p":2.3,"u":"2,30 €/KG","img":"https://fd3-photos.leclercdrive.fr/image.ashx?id=2953197&use=l&cat=p&typeid=i","cat":284480},{"id":131815,"n":"Crackers 2x100g","p":0.63,"u":"3,15 €/KG","img":"https://fd3-photos.leclercdrive.fr/image.ashx?id=2660526&use=l&cat=p&typeid=i","cat":297000},{"id":131816,"n":"Couscous boulettes volaille 1050g","p":3.1,"u":"2,95 €/KG","img":"https://fd3-photos.leclercdrive.fr/image.ashx?id=2807273&use=l&cat=p&typeid=i","cat":325094},{"id":131818,"n":"Céréales Corn Flakes Eco+ Nature - 750g","p":1.9,"u":"2,53 €/KG","img":"https://fd3-photos.leclercdrive.fr/image.ashx?id=2711589&use=l&cat=p&typeid=i","cat":309513},{"id":131820,"n":"Corn Flackes sucrés 400g","p":1.74,"u":"4,35 €/KG","img":"https://fd3-photos.leclercdrive.fr/image.ashx?id=2688764&use=l&cat=p&typeid=i","cat":309513},{"id":131821,"n":"Croissants Eco+ x10 - 400g","p":1.45,"u":"3,63 €/KG","img":"https://fd3-photos.leclercdrive.fr/image.ashx?id=2922914&use=l&cat=p&typeid=i","cat":296366},{"id":131822,"n":"Delicioso format familial x10 - 350g","p":2.52,"u":"7,20 €/KG","img":"https://fd3-photos.leclercdrive.fr/image.ashx?id=2416547&use=l&cat=p&typeid=i","cat":284495},{"id":131823,"n":"Gratin dauphinois 850g","p":1.35,"u":"1,59 €/KG","img":"https://fd3-photos.leclercdrive.fr/image.ashx?id=2841747&use=l&cat=p&typeid=i","cat":284441},{"id":131825,"n":"Mais croquant Eco+ 3x140g","p":1.66,"u":"3,95 €/KG","img":"https://fd3-photos.leclercdrive.fr/image.ashx?id=2874675&use=l&cat=p&typeid=i","cat":312611},{"id":131826,"n":"Miettes thon à la tomate Eco + 160g","p":0.77,"u":"4,81 €/KG","img":"https://fd3-photos.leclercdrive.fr/image.ashx?id=2751856&use=l&cat=p&typeid=i","cat":303867},{"id":131828,"n":"Miel de fleurs  Massif du Jura NRT - 375g","p":6.49,"u":"17,31 €/KG","img":"https://fd3-photos.leclercdrive.fr/image.ashx?id=2771417&use=l&cat=p&typeid=i","cat":287643},{"id":131831,"n":"Pâté de campagne Eco+ 3x78g","p":1.31,"u":"5,60 €/KG","img":"https://fd3-photos.leclercdrive.fr/image.ashx?id=2852943&use=l&cat=p&typeid=i","cat":305149},{"id":131832,"n":"Olives vertes dénoyautées 490g","p":2.52,"u":"5,14 €/KG","img":"https://fd3-photos.leclercdrive.fr/image.ashx?id=1942575&use=l&cat=p&typeid=i","cat":284458},{"id":131833,"n":"Olives vertes réduite en sel Dénoyautées - 160g","p":1.69,"u":"10,56 €/KG","img":"https://fd3-photos.leclercdrive.fr/image.ashx?id=1942587&use=l&cat=p&typeid=i","cat":284458},{"id":131834,"n":"Pain de mie Epi d'Or Extra moelleux - 500g","p":0.99,"u":"1,98 €/KG","img":"https://fd3-photos.leclercdrive.fr/image.ashx?id=2860781&use=l&cat=p&typeid=i","cat":284477},{"id":131836,"n":"Pêches demi-fruits Eco+ Sirop léger - 465 g","p":1.4,"u":"3,01 €/KG","img":"https://fd3-photos.leclercdrive.fr/image.ashx?id=2655571&use=l&cat=p&typeid=i","cat":284507},{"id":131837,"n":"Petit pain grillé Bio Village Bio - 225g","p":1.35,"u":"6,00 €/KG","img":"https://fd3-photos.leclercdrive.fr/image.ashx?id=2595125&use=l&cat=p&typeid=i","cat":284479},{"id":131855,"n":"Saucisses fumées lentilles 840g","p":1.75,"u":"2,08 €/KG","img":"https://fd3-photos.leclercdrive.fr/image.ashx?id=2664569&use=l&cat=p&typeid=i","cat":312609},{"id":131861,"n":"Sticks salés sachet Eco+ 250g","p":0.57,"u":"2,28 €/KG","img":"https://fd3-photos.leclercdrive.fr/image.ashx?id=2664572&use=l&cat=p&typeid=i","cat":297000},{"id":131864,"n":"Potage déshydratée Eco + poireaux pommes de terre 74g","p":0.59,"u":"7,97 €/KG","img":"https://fd3-photos.leclercdrive.fr/image.ashx?id=2656378&use=l&cat=p&typeid=i","cat":284463},{"id":131868,"n":"Tartines céréales La Boulangère - 450g","p":2.06,"u":"4,58 €/KG","img":"https://fd3-photos.leclercdrive.fr/image.ashx?id=2912410&use=l&cat=p&typeid=i","cat":284477},{"id":131940,"n":"Bouillon liquide de volaille Maggi - 400ml","p":1.91,"u":"4,78 €/L","img":"https://fd3-photos.leclercdrive.fr/image.ashx?id=2496752&use=l&cat=p&typeid=i","cat":288379},{"id":132001,"n":"Verrines Hénaff Campagne/Canard - 3x180g","p":5.42,"u":"10,04 €/KG","img":"https://fd3-photos.leclercdrive.fr/image.ashx?id=2277887&use=l&cat=p&typeid=i","cat":305149},{"id":132003,"n":"Verrines Hénaff Camp./Forest./Rillettes- 3x180g","p":5.42,"u":"10,04 €/KG","img":"https://fd3-photos.leclercdrive.fr/image.ashx?id=2277884&use=l&cat=p&typeid=i","cat":305149},{"id":132005,"n":"Verrines Hénaff Camp./Lapin/P.Hénaff - 3x180g","p":6.09,"u":"11,28 €/KG","img":"https://fd3-photos.leclercdrive.fr/image.ashx?id=2407628&use=l&cat=p&typeid=i","cat":305149},{"id":132067,"n":"Mayonnaise Rustica 830g","p":3.59,"u":"4,33 €/KG","img":"https://fd3-photos.leclercdrive.fr/image.ashx?id=2994827&use=l&cat=p&typeid=i","cat":298295},{"id":132073,"n":"Huile de Friture Rustica 5L","p":11.99,"u":"2,40 €/L","img":"https://fd3-photos.leclercdrive.fr/image.ashx?id=2916716&use=l&cat=p&typeid=i","cat":284453},{"id":132087,"n":"Fromage de Brebis Les Croisés - Tranche - 100g","p":1.29,"u":"12,90 €/KG","img":"https://fd3-photos.leclercdrive.fr/image.ashx?id=2655716&use=l&cat=p&typeid=i","cat":314031},{"id":132109,"n":"Batonnets de glace Nuii Mangue d'Inde et Noix de Coco  x4","p":4.44,"u":"15,52 €/KG","img":"https://fd3-photos.leclercdrive.fr/image.ashx?id=2506825&use=l&cat=p&typeid=i","cat":284265},{"id":132125,"n":"Saucisse de Morteau IGP 250g Philippe Wagner","p":3.48,"u":"13,92 €/KG","img":"https://fd3-photos.leclercdrive.fr/image.ashx?id=2827152&use=l&cat=p&typeid=i","cat":316012},{"id":132127,"n":"Knacks à l'Ancienne Philippe Wagner x4 - 250g","p":3.49,"u":"3,49 €/KG","img":"https://fd3-photos.leclercdrive.fr/image.ashx?id=2827155&use=l&cat=p&typeid=i","cat":316012},{"id":132145,"n":"Langues de chat Karelea x36 - 100g","p":2.36,"u":"23,60 €/KG","img":"https://fd3-photos.leclercdrive.fr/image.ashx?id=2887902&use=l&cat=p&typeid=i","cat":318651},{"id":132153,"n":"Bâtonnets Trium Cacahuètes x4 - 306g","p":3.52,"u":"11,50 €/KG","img":"https://fd3-photos.leclercdrive.fr/image.ashx?id=1944733&use=l&cat=p&typeid=i","cat":284265},{"id":132154,"n":"Bâtonnets Trium Trois chocolats x4 - 282g","p":3.29,"u":"11,54 €/KG","img":"https://fd3-photos.leclercdrive.fr/image.ashx?id=2920800&use=l&cat=p&typeid=i","cat":284265},{"id":132163,"n":"Lait bébé liquide Blédilait croissance 1-3 ans 4x500ml","p":5.0,"u":"2,50 €/L","img":"https://fd3-photos.leclercdrive.fr/image.ashx?id=2892418&use=l&cat=p&typeid=i","cat":284728},{"id":132165,"n":"Sorbet Eskiss Citron jaune - 650g","p":2.41,"u":"3,71 €/KG","img":"https://fd3-photos.leclercdrive.fr/image.ashx?id=2982664&use=l&cat=p&typeid=i","cat":284263},{"id":132177,"n":"Petits pots bébé P'TITE RECETTE Curry de Poisson 12M+ - 2x200g","p":2.17,"u":"5,43 €/KG","img":"https://fd3-photos.leclercdrive.fr/image.ashx?id=2527118&use=l&cat=p&typeid=i","cat":312237},{"id":132180,"n":"Petits pots bébé P'TITE RECETTE Tajine de poulet 12M+ - 2x200g","p":2.26,"u":"5,65 €/KG","img":"https://fd3-photos.leclercdrive.fr/image.ashx?id=2525720&use=l&cat=p&typeid=i","cat":312237},{"id":132227,"n":"Caffe Latte Classique Lactel 3x20cl","p":3.04,"u":"5,07 €/L","img":"https://fd3-photos.leclercdrive.fr/image.ashx?id=2975308&use=l&cat=p&typeid=i","cat":295246},{"id":132234,"n":"Flocons d'avoine Grainea 500g","p":0.84,"u":"1,68 €/KG","img":"https://fd3-photos.leclercdrive.fr/image.ashx?id=2919655&use=l&cat=p&typeid=i","cat":309512},{"id":132239,"n":"Barre de céréales Nature Valley Crunchy avoine miel x10 -420g","p":4.3,"u":"10,24 €/KG","img":"https://fd3-photos.leclercdrive.fr/image.ashx?id=2612814&use=l&cat=p&typeid=i","cat":285869},{"id":132243,"n":"Lessive liquide couleur Epsil 25 lavages - 1.25L","p":2.54,"u":"2,03 €/L","img":"https://fd3-photos.leclercdrive.fr/image.ashx?id=2933449&use=l&cat=p&typeid=i","cat":284640},{"id":132290,"n":"Huile d'Olive Carapelli Extra Vierge Classico - 75cl","p":10.97,"u":"14,63 €/L","img":"https://fd3-photos.leclercdrive.fr/image.ashx?id=2737480&use=l&cat=p&typeid=i","cat":284453},{"id":132334,"n":"Tortilla Pockets Old El Paso x8 - 223g","p":3.36,"u":"15,07 €/KG","img":"https://fd3-photos.leclercdrive.fr/image.ashx?id=2737675&use=l&cat=p&typeid=i","cat":288993},{"id":132341,"n":"Couscous Fin Ferrero - 500G","p":1.53,"u":"3,06 €/KG","img":"https://fd3-photos.leclercdrive.fr/image.ashx?id=3008239&use=l&cat=p&typeid=i","cat":284429},{"id":132342,"n":"Tablette de chocolat Eco+ Blanc - 4x100g","p":3.67,"u":"9,18 €/KG","img":"https://fd3-photos.leclercdrive.fr/image.ashx?id=2661927&use=l&cat=p&typeid=i","cat":284957},{"id":132348,"n":"Delir' Pik Haribo Sachet bonbons acidulés - 275g","p":1.88,"u":"6,84 €/KG","img":"https://fd3-photos.leclercdrive.fr/image.ashx?id=2984904&use=l&cat=p&typeid=i","cat":304250},{"id":132368,"n":"Repas bébé Blédichef 15 mois Pâtes sauce tomate jambon -250g","p":1.86,"u":"7,44 €/KG","img":"https://fd3-photos.leclercdrive.fr/image.ashx?id=2643743&use=l&cat=p&typeid=i","cat":312238},{"id":132369,"n":"Repas bébé Blédichef 24 mois  Pâtes légumes cabillaud - 250g","p":1.77,"u":"7,08 €/KG","img":"https://fd3-photos.leclercdrive.fr/image.ashx?id=2644725&use=l&cat=p&typeid=i","cat":312238},{"id":132372,"n":"Gâteaux moelleux LU Nature - 140g","p":1.55,"u":"11,07 €/KG","img":"https://fd3-photos.leclercdrive.fr/image.ashx?id=2669418&use=l&cat=p&typeid=i","cat":284495},{"id":132383,"n":"Crème colorante Eugène Color Blond doré N°24 - 1 pièce","p":3.63,"img":"https://fd3-photos.leclercdrive.fr/image.ashx?id=2476458&use=l&cat=p&typeid=i","cat":288899},{"id":132392,"n":"Gratte éponge Spontex Longue durée - x3","p":1.84,"u":"0,61 €/P","img":"https://fd3-photos.leclercdrive.fr/image.ashx?id=2973072&use=l&cat=p&typeid=i","cat":284667},{"id":132393,"n":"Lait croissance Guigoz Optipro En poudre - dès 18 mois - 900g","p":10.21,"u":"11,34 €/KG","img":"https://fd3-photos.leclercdrive.fr/image.ashx?id=2517589&use=l&cat=p&typeid=i","cat":290219},{"id":132397,"n":"Lait éveil croissance Lactel Nature - 1L","p":1.83,"u":"1,83 €/L","img":"https://fd3-photos.leclercdrive.fr/image.ashx?id=2927441&use=l&cat=p&typeid=i","cat":284728},{"id":132446,"n":"Serviettes ultra normal Tadam Dermo-sensitives bio - x14","p":2.83,"img":"https://fd3-photos.leclercdrive.fr/image.ashx?id=2754752&use=l&cat=p&typeid=i","cat":284624},{"id":132486,"n":"Eau micellaire 100ml","p":1.49,"u":"14,90 €/L","img":"https://fd3-photos.leclercdrive.fr/image.ashx?id=1947543&use=l&cat=p&typeid=i","cat":284603},{"id":132487,"n":"Gel déboucheur Syphon Javel soude - 1L","p":1.36,"u":"1,36 €/L","img":"https://fd3-photos.leclercdrive.fr/image.ashx?id=2202476&use=l&cat=p&typeid=i","cat":284908},{"id":132505,"n":"Serviettes hygiéniques Always  Platinium Long Plus T3 - x16","p":3.92,"u":"0,25 €/P","img":"https://fd3-photos.leclercdrive.fr/image.ashx?id=2884108&use=l&cat=p&typeid=i","cat":284624},{"id":132553,"n":"IGP Pays d'Oc - J-C Mas Les Garrigues Syrah - 75cl","p":3.72,"u":"4,96 €/L","img":"https://fd3-photos.leclercdrive.fr/image.ashx?id=1957513&use=l&cat=p&typeid=i","cat":289556},{"id":132556,"n":"Tablette de chocolat Alter Eco Noir, Gingembre, Bio - 100g","p":2.7,"u":"27,00 €/KG","img":"https://fd3-photos.leclercdrive.fr/image.ashx?id=2921891&use=l&cat=p&typeid=i","cat":284956},{"id":132581,"n":"Céréales soufflé P'tit Déli Au chocolat - 400g","p":2.37,"u":"5,93 €/KG","img":"https://fd3-photos.leclercdrive.fr/image.ashx?id=2811875&use=l&cat=p&typeid=i","cat":309513},{"id":132582,"n":"Céréales soufflé blé P'tit Déli Miel caramel - 400g","p":1.99,"u":"4,98 €/KG","img":"https://fd3-photos.leclercdrive.fr/image.ashx?id=2900178&use=l&cat=p&typeid=i","cat":309513},{"id":132599,"n":"Pur jus de citron Siracuse - 50cl","p":3.1,"u":"6,20 €/L","img":"https://fd3-photos.leclercdrive.fr/image.ashx?id=2669436&use=l&cat=p&typeid=i","cat":288383},{"id":132601,"n":"Fan of Pik Haribo  Sachet bonbons acidulés - 200g","p":2.04,"u":"10,20 €/KG","img":"https://fd3-photos.leclercdrive.fr/image.ashx?id=2789766&use=l&cat=p&typeid=i","cat":304250},{"id":132602,"n":"Bandz Pik Haribo Sachet bonbons acidulés - 200g","p":1.76,"u":"8,80 €/KG","img":"https://fd3-photos.leclercdrive.fr/image.ashx?id=2982417&use=l&cat=p&typeid=i","cat":304250},{"id":132603,"n":"Fromage Abondance NRT AOP 250g","p":4.29,"u":"17,16 €/KG","img":"https://fd3-photos.leclercdrive.fr/image.ashx?id=2472686&use=l&cat=p&typeid=i","cat":314034},{"id":132621,"n":"Tablette de chocolat noir Lindt doux 85% - 100g","p":2.55,"u":"25,50 €/KG","img":"https://fd3-photos.leclercdrive.fr/image.ashx?id=2423777&use=l&cat=p&typeid=i","cat":284956},{"id":132625,"n":"Batônnets Trium Vanille Fruits rouge x4 - 286g","p":2.64,"u":"9,23 €/KG","img":"https://fd3-photos.leclercdrive.fr/image.ashx?id=2920782&use=l&cat=p&typeid=i","cat":284265},{"id":132629,"n":"Pétales de blé P'tit Déli Au chocolat - 400g","p":2.17,"u":"5,43 €/KG","img":"https://fd3-photos.leclercdrive.fr/image.ashx?id=2765846&use=l&cat=p&typeid=i","cat":309513},{"id":132630,"n":"Sorbet Eskiss Pomme - 650g","p":2.49,"u":"3,83 €/KG","img":"https://fd3-photos.leclercdrive.fr/image.ashx?id=2982670&use=l&cat=p&typeid=i","cat":284263},{"id":132631,"n":"Sorbet Eskiss Poire - 650g","p":2.12,"u":"3,26 €/KG","img":"https://fd3-photos.leclercdrive.fr/image.ashx?id=2983826&use=l&cat=p&typeid=i","cat":284263},{"id":132634,"n":"Sérum physiologique 40x5ml","p":5.03,"u":"25,15 €/L","img":"https://fd3-photos.leclercdrive.fr/image.ashx?id=2908879&use=l&cat=p&typeid=i","cat":284741},{"id":132635,"n":"Bac sorbet Bio Bio Village Citron - 585g","p":4.05,"u":"6,92 €/KG","img":"https://fd3-photos.leclercdrive.fr/image.ashx?id=1948134&use=l&cat=p&typeid=i","cat":284263},{"id":132636,"n":"Bac parfum chocolat Eco+ 500g","p":1.33,"u":"2,66 €/KG","img":"https://fd3-photos.leclercdrive.fr/image.ashx?id=2726488&use=l&cat=p&typeid=i","cat":284263},{"id":132637,"n":"Batonnets Eco + Vanille chocolat - x16 - 536g","p":2.19,"u":"4,09 €/KG","img":"https://fd3-photos.leclercdrive.fr/image.ashx?id=2768077&use=l&cat=p&typeid=i","cat":284265},{"id":132638,"n":"Batonnet Trium Vanille fruit exotique x4  294g","p":2.65,"u":"9,01 €/KG","img":"https://fd3-photos.leclercdrive.fr/image.ashx?id=2698177&use=l&cat=p&typeid=i","cat":284265},{"id":132640,"n":"Batonnets Trium Citron meringue - x4 - 280g","p":2.85,"u":"10,18 €/KG","img":"https://fd3-photos.leclercdrive.fr/image.ashx?id=2120311&use=l&cat=p&typeid=i","cat":284265},{"id":132641,"n":"Mini batonnets Trium Vanille - x8 - 288g","p":2.78,"u":"9,65 €/KG","img":"https://fd3-photos.leclercdrive.fr/image.ashx?id=1948131&use=l&cat=p&typeid=i","cat":284265},{"id":132644,"n":"Huile Cadum Bébé  Huile Merveilleuse - 100ml","p":2.77,"u":"27,70 €/L","img":"https://fd3-photos.leclercdrive.fr/image.ashx?id=2518352&use=l&cat=p&typeid=i","cat":284741},{"id":132776,"n":"Café en grains Lobodis Bolivie Bio - 1kg","p":23.99,"u":"23,99 €/KG","img":"https://fd3-photos.leclercdrive.fr/image.ashx?id=2638883&use=l&cat=p&typeid=i","cat":293237},{"id":132779,"n":"Café en grains Lobodis Pérou - 1kg","p":23.49,"u":"23,49 €/KG","img":"https://fd3-photos.leclercdrive.fr/image.ashx?id=2638880&use=l&cat=p&typeid=i","cat":293237},{"id":132780,"n":"AOP Champagne Lanson Brut Le Black Label - 12.5%vol 75cl","p":34.88,"u":"46,51 €/L","img":"https://fd3-photos.leclercdrive.fr/image.ashx?id=2914453&use=l&cat=p&typeid=i","cat":284542},{"id":132795,"n":"Désinfectant Sanytol 150ml","p":3.73,"u":"24,87 €/L","img":"https://fd3-photos.leclercdrive.fr/image.ashx?id=2785412&use=l&cat=p&typeid=i","cat":285201},{"id":132812,"n":"Bière blonde Grimbergen Sans alcool 0,0° - 6x25cl","p":4.95,"u":"3,30 €/L","img":"https://fd3-photos.leclercdrive.fr/image.ashx?id=2334515&use=l&cat=p&typeid=i","cat":334877},{"id":132888,"n":"Tutiac AOP Blaye Côtes de Bordeaux Rouge 75cl","p":5.49,"pp":3.62,"u":"4,83 €/L","img":"https://fd3-photos.leclercdrive.fr/image.ashx?id=2803739&use=l&cat=p&typeid=i","cat":289556},{"id":132889,"n":"Vin rouge Tutiac Côtes de Bourg - 75cl","p":5.49,"pp":3.62,"u":"4,83 €/L","img":"https://fd3-photos.leclercdrive.fr/image.ashx?id=3000156&use=l&cat=p&typeid=i","cat":289556},{"id":132905,"n":"Confiture Bonne Maman Myrtille/Cassis - 335g","p":2.53,"u":"7,55 €/KG","img":"https://fd3-photos.leclercdrive.fr/image.ashx?id=2508222&use=l&cat=p&typeid=i","cat":284480},{"id":132906,"n":"Confiture - Bonne Maman Fraise des bois - 335g","p":3.11,"u":"9,28 €/KG","img":"https://fd3-photos.leclercdrive.fr/image.ashx?id=2341005&use=l&cat=p&typeid=i","cat":284480},{"id":132969,"n":"Dessert tiramisu Bonta Divina 2x90g + 90g offert","p":2.32,"u":"8,59 €/KG","img":"https://fd3-photos.leclercdrive.fr/image.ashx?id=2457560&use=l&cat=p&typeid=i","cat":284419},{"id":133039,"n":"Lessive liquide noir Epsil 25 Lavages - 1.25L","p":2.54,"u":"2,03 €/L","img":"https://fd3-photos.leclercdrive.fr/image.ashx?id=2958759&use=l&cat=p&typeid=i","cat":284640},{"id":133044,"n":"Lessive laine & soie Epsil 25 lavages - 1.25L","p":2.54,"u":"2,03 €/L","img":"https://fd3-photos.leclercdrive.fr/image.ashx?id=2842319&use=l&cat=p&typeid=i","cat":284640},{"id":133086,"n":"Bac gourmand Ice Cream Factory Stracciatella - 500g","p":2.49,"u":"4,98 €/KG","img":"https://fd3-photos.leclercdrive.fr/image.ashx?id=2982679&use=l&cat=p&typeid=i","cat":284263},{"id":133115,"n":"Sauce Mayomix Heinz Mix mayonnaise & ketchup - 425g","p":2.61,"u":"6,14 €/KG","img":"https://fd3-photos.leclercdrive.fr/image.ashx?id=2926936&use=l&cat=p&typeid=i","cat":318431},{"id":133116,"n":"Eau de source Cristaline Jus citronnade - 6x50cl","p":4.8,"u":"1,60 €/L","img":"https://fd3-photos.leclercdrive.fr/image.ashx?id=2344636&use=l&cat=p&typeid=i","cat":284537},{"id":133164,"n":"Pâté croûte Le Charcutier Tempé x4 - 440g","p":3.72,"u":"8,45 €/KG","img":"https://fd3-photos.leclercdrive.fr/image.ashx?id=2153798&use=l&cat=p&typeid=i","cat":316008},{"id":133165,"n":"Pâté croûte Le Médaillon Tempé x 4 - 440g","p":3.79,"u":"8,61 €/KG","img":"https://fd3-photos.leclercdrive.fr/image.ashx?id=2120466&use=l&cat=p&typeid=i","cat":316008},{"id":133166,"n":"Pâtes fraîches Spätzlis Horvat 1kg","p":3.29,"u":"3,29 €/KG","img":"https://fd3-photos.leclercdrive.fr/image.ashx?id=1953146&use=l&cat=p&typeid=i","cat":333682},{"id":133173,"n":"IGP Pays d'Oc blanc Ormes De Cambras Sauvignon 12% 75cl","p":2.92,"u":"3,89 €/L","img":"https://fd3-photos.leclercdrive.fr/image.ashx?id=2105155&use=l&cat=p&typeid=i","cat":289557},{"id":133179,"n":"Yaourt protéiné Hipro Vanille 0%mg - 2x160g","p":2.13,"u":"6,66 €/KG","img":"https://fd3-photos.leclercdrive.fr/image.ashx?id=2807414&use=l&cat=p&typeid=i","cat":315000},{"id":133180,"n":"Yaourt bifidus Activia céréales Muesli quinoa noisette - 8x120g","p":4.34,"u":"4,52 €/KG","img":"https://fd3-photos.leclercdrive.fr/image.ashx?id=2861981&use=l&cat=p&typeid=i","cat":315000},{"id":133188,"n":"Douche crème bio So Bio Etic Surgras à l'huile de coco-650ml","p":5.63,"u":"8,66 €/L","img":"https://fd3-photos.leclercdrive.fr/image.ashx?id=2891580&use=l&cat=p&typeid=i","cat":284594},{"id":133218,"n":"Déodorant spray Monsavon Grenade & Hibiscus - 2x200ml","p":3.78,"u":"9,45 €/L","img":"https://fd3-photos.leclercdrive.fr/image.ashx?id=2489959&use=l&cat=p&typeid=i","cat":284595},{"id":133260,"n":"Margarine St Hubert Sel de mer - 500g","p":2.81,"u":"5,62 €/KG","img":"https://fd3-photos.leclercdrive.fr/image.ashx?id=2393689&use=l&cat=p&typeid=i","cat":315229},{"id":133270,"n":"Mini rollers correcteur UHU 6m x 5mm pastel - x2","p":4.55,"u":"2,28 €/P","img":"https://fd3-photos.leclercdrive.fr/image.ashx?id=2205932&use=l&cat=p&typeid=i","cat":334133},{"id":133289,"n":"AOP Bordeaux vin  rosé Mission St Vincent - 75 cl","p":4.22,"u":"5,63 €/L","img":"https://fd3-photos.leclercdrive.fr/image.ashx?id=2741499&use=l&cat=p&typeid=i","cat":289558},{"id":133294,"n":"IGP Côtes de Gascogne blanc Moelleux Le Roupic - 75cl","p":4.85,"u":"6,47 €/L","img":"https://fd3-photos.leclercdrive.fr/image.ashx?id=2487021&use=l&cat=p&typeid=i","cat":289557},{"id":133332,"n":"Crème dépilatoire corps Jolly 200ml","p":9.41,"u":"47,05 €/L","img":"https://fd3-photos.leclercdrive.fr/image.ashx?id=2420349&use=l&cat=p&typeid=i","cat":null},{"id":133365,"n":"Bière 3 Monts Saison Deux houblons - 75 cl","p":3.57,"u":"4,76 €/L","img":"https://fd3-photos.leclercdrive.fr/image.ashx?id=2548183&use=l&cat=p&typeid=i","cat":334852},{"id":133426,"n":"Capsules Nescafé Dolce Gusto Marrakech Tea - x16","p":4.49,"u":"54,10 €/KG","img":"https://fd3-photos.leclercdrive.fr/image.ashx?id=2467510&use=l&cat=p&typeid=i","cat":293239},{"id":133472,"n":"Lait corps hydrate So Bio Etic Aloe vera bio extra-doux -200ml","p":6.08,"u":"30,40 €/L","img":"https://fd3-photos.leclercdrive.fr/image.ashx?id=2505558&use=l&cat=p&typeid=i","cat":325349},{"id":133533,"n":"Masque Color-Vive Elsève 2x310ml","p":9.82,"u":"15,84 €/L","img":"https://fd3-photos.leclercdrive.fr/image.ashx?id=2396159&use=l&cat=p&typeid=i","cat":284608},{"id":133537,"n":"Recharge électrique Pyrel Fleur d'oranger - 2,7cl","p":6.44,"u":"238,52 €/L","img":"https://fd3-photos.leclercdrive.fr/image.ashx?id=1955966&use=l&cat=p&typeid=i","cat":298368},{"id":133650,"n":"DOC Prosecco Treviso Mionetto - 75cl","p":6.93,"u":"9,24 €/L","img":"https://fd3-photos.leclercdrive.fr/image.ashx?id=3011911&use=l&cat=p&typeid=i","cat":289461},{"id":133659,"n":"Café en grains Sati Moka Sidamo - 500g","p":10.47,"u":"20,94 €/KG","img":"https://fd3-photos.leclercdrive.fr/image.ashx?id=2834410&use=l&cat=p&typeid=i","cat":293237},{"id":133661,"n":"Café en grains Sati Sierra Madre Bio - 500g","p":9.37,"u":"18,74 €/KG","img":"https://fd3-photos.leclercdrive.fr/image.ashx?id=2834416&use=l&cat=p&typeid=i","cat":293237},{"id":133675,"n":"Yaourt brassé ait de chèvre  Soignon Pruneau - 4x125g","p":2.6,"u":"5,20 €/KG","img":"https://fd3-photos.leclercdrive.fr/image.ashx?id=2518307&use=l&cat=p&typeid=i","cat":314998},{"id":133694,"n":"Pinces à linge Bi-matière - x24","p":3.19,"img":"https://fd3-photos.leclercdrive.fr/image.ashx?id=2764483&use=l&cat=p&typeid=i","cat":335909},{"id":133748,"n":"Soda Coca-Cola - SANS SUCRES Bouteille - 6x25cl","p":4.97,"u":"3,31 €/L","img":"https://fd3-photos.leclercdrive.fr/image.ashx?id=2312308&use=l&cat=p&typeid=i","cat":284530},{"id":133807,"n":"Huile auto Helix Ultra Diesel 5L","p":33.5,"u":"6,70 €/L","img":"https://fd3-photos.leclercdrive.fr/image.ashx?id=2753716&use=l&cat=p&typeid=i","cat":298253},{"id":134008,"n":"Café en grains Sati Pérou bio - 500g","p":10.17,"u":"20,34 €/KG","img":"https://fd3-photos.leclercdrive.fr/image.ashx?id=2834413&use=l&cat=p&typeid=i","cat":293237},{"id":134047,"n":"Barres de céréales Lion Chocolat caramel - 12x25g","p":3.87,"u":"12,90 €/KG","img":"https://fd3-photos.leclercdrive.fr/image.ashx?id=2846787&use=l&cat=p&typeid=i","cat":285869},{"id":134056,"n":"Rougail saucisses et son riz 300g","p":3.15,"u":"10,50 €/KG","img":"https://fd3-photos.leclercdrive.fr/image.ashx?id=3008461&use=l&cat=p&typeid=i","cat":284953},{"id":134057,"n":"Barre Enrobage Blanc KitKat x4 barres - 166g","p":3.03,"u":"18,25 €/KG","img":"https://fd3-photos.leclercdrive.fr/image.ashx?id=2802680&use=l&cat=p&typeid=i","cat":284498},{"id":134095,"n":"Eau aromatisée Volvic juicy jus de citron - 6x50cl","p":4.5,"u":"1,50 €/L","img":"https://fd3-photos.leclercdrive.fr/image.ashx?id=2961993&use=l&cat=p&typeid=i","cat":284537},{"id":134096,"n":"AOP Côte du Rhône Vin rouge Château de Tresques - 75cl","p":4.55,"u":"6,07 €/L","img":"https://fd3-photos.leclercdrive.fr/image.ashx?id=1965032&use=l&cat=p&typeid=i","cat":289556},{"id":134099,"n":"AOC Pinot Gris Vin blanc Cuvée Rabelais Pfaff - 75cl","p":8.47,"u":"11,29 €/L","img":"https://fd3-photos.leclercdrive.fr/image.ashx?id=1961521&use=l&cat=p&typeid=i","cat":289557},{"id":134102,"n":"AOC Bourgogne Passe-tout-grains Blason de Bourgogne - 75cl","p":6.34,"u":"8,45 €/L","img":"https://fd3-photos.leclercdrive.fr/image.ashx?id=1963865&use=l&cat=p&typeid=i","cat":289556},{"id":134106,"n":"AOP Bordeaux Croix d'Albret Bio Vin rouge - 75cl","p":4.81,"u":"6,41 €/L","img":"https://fd3-photos.leclercdrive.fr/image.ashx?id=2397890&use=l&cat=p&typeid=i","cat":289556},{"id":134121,"n":"Poivre noir moulu Eco+ 44g","p":0.55,"u":"12,50 €/KG","img":"https://fd3-photos.leclercdrive.fr/image.ashx?id=2717246&use=l&cat=p&typeid=i","cat":284457},{"id":134122,"n":"Poivre noir moulu Eco+ 90g","p":1.15,"u":"12,78 €/KG","img":"https://fd3-photos.leclercdrive.fr/image.ashx?id=2836307&use=l&cat=p&typeid=i","cat":284457},{"id":134124,"n":"Velouté PurSoup' Liebig Poireaux pomme de terre - 1L","p":2.19,"u":"2,19 €/L","img":"https://fd3-photos.leclercdrive.fr/image.ashx?id=2864324&use=l&cat=p&typeid=i","cat":284462},{"id":134129,"n":"Verrine de Paté Eco+ 3x180g","p":2.69,"u":"4,98 €/KG","img":"https://fd3-photos.leclercdrive.fr/image.ashx?id=2852946&use=l&cat=p&typeid=i","cat":305149},{"id":134131,"n":"Soupe liquide brique Liebig  Velouté de Tomates - 1L","p":2.33,"u":"2,33 €/L","img":"https://fd3-photos.leclercdrive.fr/image.ashx?id=2759439&use=l&cat=p&typeid=i","cat":284462},{"id":134136,"n":"Rhum Spiced Clan Caribbean 35% vol - 70cl","p":13.53,"u":"19,33 €/L","img":"https://fd3-photos.leclercdrive.fr/image.ashx?id=2516044&use=l&cat=p&typeid=i","cat":284550},{"id":134146,"n":"Biscuits Nustikao Fourrés pâte à tartiner - 200g","p":1.67,"u":"8,35 €/KG","img":"https://fd3-photos.leclercdrive.fr/image.ashx?id=2473999&use=l&cat=p&typeid=i","cat":284488},{"id":134147,"n":"Purée fruit bébé Pomme Myrtille 4/6 mois Blédina - 4x100g","p":2.49,"u":"6,23 €/KG","img":"https://fd3-photos.leclercdrive.fr/image.ashx?id=2983057&use=l&cat=p&typeid=i","cat":312388},{"id":134148,"n":"Purée fruit bébé Pomme Rhubarbe Fraise 6 mois Blédina - 4x100g","p":1.97,"u":"4,93 €/KG","img":"https://fd3-photos.leclercdrive.fr/image.ashx?id=2983060&use=l&cat=p&typeid=i","cat":312388},{"id":134150,"n":"Lait céréales Blédidej 6 mois Céréales - 4x250ml","p":3.47,"u":"3,47 €/L","img":"https://fd3-photos.leclercdrive.fr/image.ashx?id=2921067&use=l&cat=p&typeid=i","cat":312226},{"id":134152,"n":"Biscuits Kinder Happy Hippo Au lait et au cacao - 103,5g","p":1.76,"u":"16,92 €/KG","img":"https://fd3-photos.leclercdrive.fr/image.ashx?id=2454499&use=l&cat=p&typeid=i","cat":284488},{"id":134162,"n":"Fromage frais nature Eco+ 9%mg - 6x60g","p":0.93,"u":"2,58 €/KG","img":"https://fd3-photos.leclercdrive.fr/image.ashx?id=2722372&use=l&cat=p&typeid=i","cat":284409},{"id":134165,"n":"Yaourt à la Grecque Délisse Stracciatella - 4x150g","p":2.39,"u":"3,98 €/KG","img":"https://fd3-photos.leclercdrive.fr/image.ashx?id=2753487&use=l&cat=p&typeid=i","cat":314999},{"id":134167,"n":"Yaourt à la grecque Délisse Noix de Coco - 4x150g","p":2.38,"u":"3,97 €/KG","img":"https://fd3-photos.leclercdrive.fr/image.ashx?id=2699759&use=l&cat=p&typeid=i","cat":314999},{"id":134171,"n":"Nissin soba sachet chili 111g","p":1.87,"u":"16,85 €/KG","img":"https://fd3-photos.leclercdrive.fr/image.ashx?id=2433518&use=l&cat=p&typeid=i","cat":288992},{"id":134172,"n":"Nissin soba sachet teriyaki 110g","p":1.87,"u":"17,00 €/KG","img":"https://fd3-photos.leclercdrive.fr/image.ashx?id=2433521&use=l&cat=p&typeid=i","cat":288992},{"id":134178,"n":"Sauce Sriracha Chilli Hot 215ml","p":2.95,"u":"13,72 €/L","img":"https://fd3-photos.leclercdrive.fr/image.ashx?id=2834062&use=l&cat=p&typeid=i","cat":288992},{"id":134184,"n":"Nissin Soba sachet classique 109g","p":1.97,"u":"18,07 €/KG","img":"https://fd3-photos.leclercdrive.fr/image.ashx?id=2647630&use=l&cat=p&typeid=i","cat":288992},{"id":134206,"n":"Matière grasse St Hubert Oméga 3 - Demi-sel - 750g","p":4.49,"u":"5,99 €/KG","img":"https://fd3-photos.leclercdrive.fr/image.ashx?id=2734081&use=l&cat=p&typeid=i","cat":315229},{"id":134223,"n":"Allumettes fumées Tradilège Sans nitrite - 2x75g","p":1.63,"u":"10,87 €/KG","img":"https://fd3-photos.leclercdrive.fr/image.ashx?id=2965825&use=l&cat=p&typeid=i","cat":316011},{"id":134249,"n":"Blé express cuisiné Ebly  Tomate et basilic - 220g","p":1.88,"u":"8,55 €/KG","img":"https://fd3-photos.leclercdrive.fr/image.ashx?id=1963877&use=l&cat=p&typeid=i","cat":287600},{"id":134257,"n":"Corn Flakes Grainéa Nature - 500g","p":2.08,"u":"4,16 €/KG","img":"https://fd3-photos.leclercdrive.fr/image.ashx?id=2617249&use=l&cat=p&typeid=i","cat":309513},{"id":134316,"n":"Goûters P'tit Déli Croc' Goût Vanille - 300g","p":1.08,"u":"3,27 €/KG","img":"https://fd3-photos.leclercdrive.fr/image.ashx?id=2391895&use=l&cat=p&typeid=i","cat":284489},{"id":134317,"n":"Biscuit Croc Break P'tit Déli Goût Chocolat - 300g","p":1.15,"u":"3,83 €/KG","img":"https://fd3-photos.leclercdrive.fr/image.ashx?id=2390431&use=l&cat=p&typeid=i","cat":284488},{"id":134318,"n":"Biscuits P'tit déli Pirates Chocolat - 2x300g","p":2.17,"u":"3,62 €/KG","img":"https://fd3-photos.leclercdrive.fr/image.ashx?id=2539460&use=l&cat=p&typeid=i","cat":284488},{"id":134319,"n":"Biscuit Croc Break P'tit Déli Goût Tout Chocolat - 300g","p":1.17,"u":"3,90 €/KG","img":"https://fd3-photos.leclercdrive.fr/image.ashx?id=2472662&use=l&cat=p&typeid=i","cat":284488},{"id":134331,"n":"Muesli croustillant Grainéa Chocolat noir - 500g","p":2.29,"u":"4,58 €/KG","img":"https://fd3-photos.leclercdrive.fr/image.ashx?id=2925991&use=l&cat=p&typeid=i","cat":309512},{"id":134333,"n":"Muesli croustillant Grainéa Noix - 500g","p":2.02,"u":"4,04 €/KG","img":"https://fd3-photos.leclercdrive.fr/image.ashx?id=2917662&use=l&cat=p&typeid=i","cat":309512},{"id":134336,"n":"Muesli croustillant Grainéa  Aux fruits - 500g","p":1.87,"u":"3,74 €/KG","img":"https://fd3-photos.leclercdrive.fr/image.ashx?id=2931796&use=l&cat=p&typeid=i","cat":309512},{"id":134347,"n":"Anneaux Calamars Cité Marine Romaine - 180g","p":3.79,"u":"21,06 €/KG","img":"https://fd3-photos.leclercdrive.fr/image.ashx?id=2867104&use=l&cat=p&typeid=i","cat":284344},{"id":134352,"n":"Muesli croustillant Grainéa  Fraise - 500g","p":2.27,"u":"4,54 €/KG","img":"https://fd3-photos.leclercdrive.fr/image.ashx?id=2931787&use=l&cat=p&typeid=i","cat":309512},{"id":134353,"n":"Muesli croustillant Grainéa Chocolat lait - 500g","p":2.27,"u":"4,54 €/KG","img":"https://fd3-photos.leclercdrive.fr/image.ashx?id=2925994&use=l&cat=p&typeid=i","cat":309512},{"id":134398,"n":"Saucisson Fuet d'Olot 150g","p":2.37,"u":"15,80 €/KG","img":"https://fd3-photos.leclercdrive.fr/image.ashx?id=1971722&use=l&cat=p&typeid=i","cat":316006},{"id":134415,"n":"Jus de citron vert Siracuse - 200ml","p":0.7,"u":"3,50 €/L","img":"https://fd3-photos.leclercdrive.fr/image.ashx?id=2776018&use=l&cat=p&typeid=i","cat":288383},{"id":134427,"n":"Salade de betteraves Menu Fraîcheur - 500g","p":1.89,"u":"3,78 €/KG","img":"https://fd3-photos.leclercdrive.fr/image.ashx?id=2645987&use=l&cat=p&typeid=i","cat":333657},{"id":134585,"n":"Noix de coco râpée Vahiné 200g","p":2.56,"u":"12,80 €/KG","img":"https://fd3-photos.leclercdrive.fr/image.ashx?id=2805276&use=l&cat=p&typeid=i","cat":284504},{"id":134600,"n":"Barres chocolat Milka Nussini - 5x31,5g","p":2.55,"u":"16,24 €/KG","img":"https://fd3-photos.leclercdrive.fr/image.ashx?id=2913487&use=l&cat=p&typeid=i","cat":284498},{"id":134617,"n":"Couscous parfumé Tipiak 510g","p":1.48,"u":"2,90 €/KG","img":"https://fd3-photos.leclercdrive.fr/image.ashx?id=2839187&use=l&cat=p&typeid=i","cat":284429},{"id":134618,"n":"Méli Mélo gourmand Tipiak 330g","p":2.02,"u":"6,12 €/KG","img":"https://fd3-photos.leclercdrive.fr/image.ashx?id=2314434&use=l&cat=p&typeid=i","cat":284429},{"id":134657,"n":"AOC Lussac Saint-Emilion rouge La Chapelle des Landes - 75cl","p":6.79,"u":"9,05 €/L","img":"https://fd3-photos.leclercdrive.fr/image.ashx?id=1969359&use=l&cat=p&typeid=i","cat":289556},{"id":134676,"n":"Friandises chien Pedigree  Schmackos multi mix x20 - 144g","p":2.26,"u":"15,69 €/KG","img":"https://fd3-photos.leclercdrive.fr/image.ashx?id=2338579&use=l&cat=p&typeid=i","cat":294527},{"id":134677,"n":"Friandise petit chien Pedigree  Os à mâcher x4 - 160g","p":2.31,"u":"14,44 €/KG","img":"https://fd3-photos.leclercdrive.fr/image.ashx?id=2997253&use=l&cat=p&typeid=i","cat":294527},{"id":134678,"n":"Friandise moyen chien Pedigree Os à mâcher x2 - 180g","p":2.4,"u":"13,33 €/KG","img":"https://fd3-photos.leclercdrive.fr/image.ashx?id=2981710&use=l&cat=p&typeid=i","cat":294527},{"id":134680,"n":"Biscuits chien Pedigree Markies fourrés - 1,5kg","p":4.94,"u":"3,29 €/KG","img":"https://fd3-photos.leclercdrive.fr/image.ashx?id=2109671&use=l&cat=p&typeid=i","cat":294527},{"id":134688,"n":"Compote Charles & Alice Pommes Pruneaux - 4x100g","p":1.78,"u":"4,45 €/KG","img":"https://fd3-photos.leclercdrive.fr/image.ashx?id=2757335&use=l&cat=p&typeid=i","cat":284416},{"id":134693,"n":"Déboucheur Vinckel Écoulement lent - 1L","p":3.19,"u":"3,19 €/L","img":"https://fd3-photos.leclercdrive.fr/image.ashx?id=2615080&use=l&cat=p&typeid=i","cat":284908},{"id":134734,"n":"Boule crème chocolat Jacquot orange framboise vanille - 1kg","p":7.94,"u":"7,94 €/KG","img":"https://fd3-photos.leclercdrive.fr/image.ashx?id=2666584&use=l&cat=p&typeid=i","cat":327595},{"id":134735,"n":"Doonuts nappés Saint michel 360g","p":3.14,"u":"8,72 €/KG","img":"https://fd3-photos.leclercdrive.fr/image.ashx?id=2986275&use=l&cat=p&typeid=i","cat":284495},{"id":134737,"n":"Pate à tartiner Curly Onctueux - 340g","p":3.85,"u":"11,32 €/KG","img":"https://fd3-photos.leclercdrive.fr/image.ashx?id=2176275&use=l&cat=p&typeid=i","cat":284481},{"id":134742,"n":"Chili con carne Paul et Louise 400g","p":2.26,"u":"5,65 €/KG","img":"https://fd3-photos.leclercdrive.fr/image.ashx?id=3008485&use=l&cat=p&typeid=i","cat":325094},{"id":134745,"n":"Yaourt nature ECO+ 12x125g","p":1.69,"u":"1,13 €/KG","img":"https://fd3-photos.leclercdrive.fr/image.ashx?id=2791194&use=l&cat=p&typeid=i","cat":284409},{"id":134747,"n":"Biscuits Bio Nat&Vie Avoine/chocolat - 130g","p":2.12,"u":"16,31 €/KG","img":"https://fd3-photos.leclercdrive.fr/image.ashx?id=1965809&use=l&cat=p&typeid=i","cat":318651},{"id":134748,"n":"Asperges blanches Eco+ Miniatures - 125g","p":0.99,"u":"7,92 €/KG","img":"https://fd3-photos.leclercdrive.fr/image.ashx?id=2661076&use=l&cat=p&typeid=i","cat":312611},{"id":134749,"n":"Biscuits avoine complet Nat&Vie Bio - 130g","p":1.78,"u":"13,69 €/KG","img":"https://fd3-photos.leclercdrive.fr/image.ashx?id=2329194&use=l&cat=p&typeid=i","cat":318651},{"id":134751,"n":"Boisson végétale Bio Village Riz coco bio - 1l","p":1.89,"u":"1,89 €/L","img":"https://fd3-photos.leclercdrive.fr/image.ashx?id=2352243&use=l&cat=p&typeid=i","cat":316067},{"id":134753,"n":"Assortiment de bonbons Eco+ 720g","p":3.32,"u":"4,61 €/KG","img":"https://fd3-photos.leclercdrive.fr/image.ashx?id=2756837&use=l&cat=p&typeid=i","cat":304250},{"id":134754,"n":"Café moulu Bio Village Guatémala Bio - 250g","p":4.9,"u":"19,60 €/KG","img":"https://fd3-photos.leclercdrive.fr/image.ashx?id=2468879&use=l&cat=p&typeid=i","cat":284750},{"id":134758,"n":"Compote Allégée en sucres Eco+ Coupelle pomme banane - 4x100g","p":0.58,"u":"1,45 €/KG","img":"https://fd3-photos.leclercdrive.fr/image.ashx?id=1965671&use=l&cat=p&typeid=i","cat":284508},{"id":134760,"n":"Confiture extra bio Bio Village Figues - 370g","p":2.31,"u":"6,24 €/KG","img":"https://fd3-photos.leclercdrive.fr/image.ashx?id=2459593&use=l&cat=p&typeid=i","cat":284480},{"id":134769,"n":"Galette de maïs Bio Village Chocolat au lait Bio - 100g","p":1.95,"u":"19,50 €/KG","img":"https://fd3-photos.leclercdrive.fr/image.ashx?id=2510636&use=l&cat=p&typeid=i","cat":318651},{"id":134770,"n":"Compote bio Bio Village Gourdes multivariétés - 12x90g","p":6.35,"u":"5,88 €/KG","img":"https://fd3-photos.leclercdrive.fr/image.ashx?id=1965920&use=l&cat=p&typeid=i","cat":284508},{"id":134772,"n":"Huile de noisette Rustica 25cl","p":2.89,"u":"11,56 €/L","img":"https://fd3-photos.leclercdrive.fr/image.ashx?id=2610336&use=l&cat=p&typeid=i","cat":284453},{"id":134773,"n":"Pur jus de citron vert - 25 cl vert - 25 cl","p":1.77,"u":"7,08 €/L","img":"https://fd3-photos.leclercdrive.fr/image.ashx?id=3010452&use=l&cat=p&typeid=i","cat":288383},{"id":134774,"n":"Pur jus de citron jaune - 50 cl jaune - 50 cl","p":2.39,"u":"4,78 €/L","img":"https://fd3-photos.leclercdrive.fr/image.ashx?id=2140941&use=l&cat=p&typeid=i","cat":288383},{"id":134775,"n":"Lait de coco Bio Village Bio - 200ml","p":1.29,"u":"6,45 €/L","img":"https://fd3-photos.leclercdrive.fr/image.ashx?id=2552451&use=l&cat=p&typeid=i","cat":288992},{"id":134779,"n":"Mini gâteaux Bio Village Fourrés chocolat Bio x5 - 140g","p":2.6,"u":"18,57 €/KG","img":"https://fd3-photos.leclercdrive.fr/image.ashx?id=2852252&use=l&cat=p&typeid=i","cat":284495},{"id":134782,"n":"Palet breton Bio Village Bio - 125g","p":1.53,"u":"12,24 €/KG","img":"https://fd3-photos.leclercdrive.fr/image.ashx?id=2496425&use=l&cat=p&typeid=i","cat":284487},{"id":134787,"n":"Ravioli bœuf Bio village Bio 700g","p":3.7,"u":"5,29 €/KG","img":"https://fd3-photos.leclercdrive.fr/image.ashx?id=2717255&use=l&cat=p&typeid=i","cat":284442},{"id":134788,"n":"Spaghetti complets Bio Village Bio - 500g","p":0.89,"u":"1,78 €/KG","img":"https://fd3-photos.leclercdrive.fr/image.ashx?id=2503308&use=l&cat=p&typeid=i","cat":284429},{"id":134790,"n":"Thon albacore Pêche Océan Nature - France - 112g","p":2.24,"u":"20,00 €/KG","img":"https://fd3-photos.leclercdrive.fr/image.ashx?id=2942223&use=l&cat=p&typeid=i","cat":303867},{"id":134791,"n":"Thon à la catalane Eco + 135g","p":0.82,"u":"6,07 €/KG","img":"https://fd3-photos.leclercdrive.fr/image.ashx?id=2756834&use=l&cat=p&typeid=i","cat":303867},{"id":134792,"n":"Thon blanc Pêche océan MSC Entier nature - France - 112g","p":2.75,"u":"24,55 €/KG","img":"https://fd3-photos.leclercdrive.fr/image.ashx?id=2942235&use=l&cat=p&typeid=i","cat":303867},{"id":134793,"n":"Toasts fins nature Epi d'Or 100g","p":1.65,"u":"16,50 €/KG","img":"https://fd3-photos.leclercdrive.fr/image.ashx?id=2696283&use=l&cat=p&typeid=i","cat":285454},{"id":134794,"n":"Toasts fins sésame Epi d'Or 100g","p":1.65,"u":"16,50 €/KG","img":"https://fd3-photos.leclercdrive.fr/image.ashx?id=2705092&use=l&cat=p&typeid=i","cat":285454},{"id":134796,"n":"Tomates entières pelées Eco+ 240g","p":0.55,"u":"2,29 €/KG","img":"https://fd3-photos.leclercdrive.fr/image.ashx?id=2762501&use=l&cat=p&typeid=i","cat":312608},{"id":134797,"n":"Tuiles goût barbecue Tokapi 170g","p":1.39,"u":"8,18 €/KG","img":"https://fd3-photos.leclercdrive.fr/image.ashx?id=2632891&use=l&cat=p&typeid=i","cat":287899},{"id":134798,"n":"Velouté de légumes Eco + 1L","p":0.89,"u":"0,89 €/L","img":"https://fd3-photos.leclercdrive.fr/image.ashx?id=2768448&use=l&cat=p&typeid=i","cat":284462},{"id":134799,"n":"Vinaigre de vin 6° Eco +  1L","p":0.55,"u":"0,55 €/L","img":"https://fd3-photos.leclercdrive.fr/image.ashx?id=1965638&use=l&cat=p&typeid=i","cat":298543},{"id":134811,"n":"Pur jus d'orange Eco + Brique - 2l","p":3.14,"u":"1,57 €/L","img":"https://fd3-photos.leclercdrive.fr/image.ashx?id=2751859&use=l&cat=p&typeid=i","cat":284521},{"id":134815,"n":"Pur jus 4 agrumes Eco +  1L","p":1.43,"u":"1,43 €/L","img":"https://fd3-photos.leclercdrive.fr/image.ashx?id=2762943&use=l&cat=p&typeid=i","cat":284917},{"id":134816,"n":"Jus d'orange ABC Eco + Brique - 1L","p":1.3,"u":"1,30 €/L","img":"https://fd3-photos.leclercdrive.fr/image.ashx?id=2802257&use=l&cat=p&typeid=i","cat":284521},{"id":134823,"n":"Nectar multifruits Eco+ 6x20cl","p":1.75,"u":"1,46 €/L","img":"https://fd3-photos.leclercdrive.fr/image.ashx?id=2741598&use=l&cat=p&typeid=i","cat":284917},{"id":134829,"n":"Bière forte 7.9% Millbrau 50CL","p":0.85,"u":"1,70 €/L","img":"https://fd3-photos.leclercdrive.fr/image.ashx?id=2955581&use=l&cat=p&typeid=i","cat":334853},{"id":134830,"n":"Eau minérale gaz Alizée Eco + 6x50cl","p":1.26,"u":"0,42 €/L","img":"https://fd3-photos.leclercdrive.fr/image.ashx?id=2971861&use=l&cat=p&typeid=i","cat":284536},{"id":134842,"n":"Vin d'Union Européenne blanc Adrien Champaud 11% vol BIB 5L","p":8.49,"u":"1,70 €/L","img":"https://fd3-photos.leclercdrive.fr/image.ashx?id=2960517&use=l&cat=p&typeid=i","cat":289557},{"id":134856,"n":"Eau de javel Eco + 2L","p":0.63,"u":"0,32 €/L","img":"https://fd3-photos.leclercdrive.fr/image.ashx?id=2949158&use=l&cat=p&typeid=i","cat":284661},{"id":134858,"n":"Brosse à dent enfant Dentamyl Clignotante licorne - 1 pièce","p":1.99,"img":"https://fd3-photos.leclercdrive.fr/image.ashx?id=1965773&use=l&cat=p&typeid=i","cat":288897},{"id":134859,"n":"Bougie végétale Insectivor Anti-moustique - 1 pièce","p":4.08,"img":"https://fd3-photos.leclercdrive.fr/image.ashx?id=1965767&use=l&cat=p&typeid=i","cat":298368},{"id":134860,"n":"Maxi carré bébé Mots d'Enfants Coton bio - x80","p":2.6,"u":"0,03 €/P","img":"https://fd3-photos.leclercdrive.fr/image.ashx?id=3014296&use=l&cat=p&typeid=i","cat":284739},{"id":134861,"n":"Maxi carré bébé Mots d'Enfants Coton bio écru - x40","p":1.37,"u":"0,03 €/P","img":"https://fd3-photos.leclercdrive.fr/image.ashx?id=3014299&use=l&cat=p&typeid=i","cat":284739},{"id":134882,"n":"K2r Pistolet Super Power 550 ml","p":4.47,"u":"8,13 €/L","img":"https://fd3-photos.leclercdrive.fr/image.ashx?id=2890109&use=l&cat=p&typeid=i","cat":284651},{"id":134900,"n":"Boule crème chocolat Jacquot Orange, framboise vanille - 1kg","p":8.31,"u":"8,31 €/KG","img":"https://fd3-photos.leclercdrive.fr/image.ashx?id=2665889&use=l&cat=p&typeid=i","cat":327595},{"id":134938,"n":"Lait bébé en poudre Blédilait 2e âge 6-12 mois 1.2kg","p":15.9,"u":"13,25 €/KG","img":"https://fd3-photos.leclercdrive.fr/image.ashx?id=2674068&use=l&cat=p&typeid=i","cat":284727},{"id":134989,"n":"Amora Cornichons Extra-Fins Bocal Croq'Vert 370g","p":2.76,"u":"7,46 €/KG","img":"https://fd3-photos.leclercdrive.fr/image.ashx?id=2670911&use=l&cat=p&typeid=i","cat":284458},{"id":134999,"n":"Collant Modacolors semi opaque T3/4 Noir mat - 1 pièce","p":5.5,"img":"https://fd3-photos.leclercdrive.fr/image.ashx?id=2561682&use=l&cat=p&typeid=i","cat":334130},{"id":135003,"n":"Gâteau de riz La Fermière 2x150g","p":2.3,"u":"7,67 €/KG","img":"https://fd3-photos.leclercdrive.fr/image.ashx?id=2106265&use=l&cat=p&typeid=i","cat":284418},{"id":135081,"n":"Joker Pur Jus Engagé  Multifruits - 1,5L","p":3.45,"u":"2,30 €/L","img":"https://fd3-photos.leclercdrive.fr/image.ashx?id=3008137&use=l&cat=p&typeid=i","cat":284917},{"id":135104,"n":"Salade & Cie Sodebo Brooklyn Poulet Rôti Pâtes - 320g","p":4.13,"u":"12,91 €/KG","img":"https://fd3-photos.leclercdrive.fr/image.ashx?id=2795719&use=l&cat=p&typeid=i","cat":333657},{"id":135141,"n":"Panna cotta lit framboise Equador - 2x120g","p":2.19,"u":"9,13 €/KG","img":"https://fd3-photos.leclercdrive.fr/image.ashx?id=1975044&use=l&cat=p&typeid=i","cat":284419},{"id":135176,"n":"Spaetzlé 500g","p":3.09,"u":"6,18 €/KG","img":"https://fd3-photos.leclercdrive.fr/image.ashx?id=1984173&use=l&cat=p&typeid=i","cat":333682},{"id":135179,"n":"Sauce béchamel Bridélice 50cl","p":2.9,"u":"5,80 €/L","img":"https://fd3-photos.leclercdrive.fr/image.ashx?id=2904718&use=l&cat=p&typeid=i","cat":284382},{"id":135201,"n":"Matière grasse bio St Hubert Doux 55%MG - 230g","p":1.97,"u":"8,57 €/KG","img":"https://fd3-photos.leclercdrive.fr/image.ashx?id=2886097&use=l&cat=p&typeid=i","cat":315229},{"id":135202,"n":"Flan vanille Eco+ Nappé caramel - 4x100g","p":0.6,"u":"1,50 €/KG","img":"https://fd3-photos.leclercdrive.fr/image.ashx?id=2935214&use=l&cat=p&typeid=i","cat":284420},{"id":135204,"n":"Margarine allégée Eco+ Cuisson 60%vol - 500g","p":1.16,"u":"2,32 €/KG","img":"https://fd3-photos.leclercdrive.fr/image.ashx?id=1973027&use=l&cat=p&typeid=i","cat":315229},{"id":135247,"n":"Fromage fondu Eco+ 17%mg - x10 - 200g","p":1.08,"u":"5,40 €/KG","img":"https://fd3-photos.leclercdrive.fr/image.ashx?id=2652290&use=l&cat=p&typeid=i","cat":314028},{"id":135251,"n":"Yaourt nature sucré Yoplait - 8x125g","p":2.04,"u":"2,04 €/KG","img":"https://fd3-photos.leclercdrive.fr/image.ashx?id=2796830&use=l&cat=p&typeid=i","cat":284409},{"id":135255,"n":"Crème fraiche épaisse Yoplait Légère 12%MG - 190g","p":0.71,"u":"3,74 €/KG","img":"https://fd3-photos.leclercdrive.fr/image.ashx?id=2811035&use=l&cat=p&typeid=i","cat":284381},{"id":135267,"n":"Matière grasse Eco+ Tartine - 55%mg - 500g","p":1.21,"u":"2,42 €/KG","img":"https://fd3-photos.leclercdrive.fr/image.ashx?id=1974353&use=l&cat=p&typeid=i","cat":315229},{"id":135271,"n":"Lait demi-écrémé Eco+ UHT Bouteille -  6x1L","p":5.76,"u":"0,96 €/L","img":"https://fd3-photos.leclercdrive.fr/image.ashx?id=1974368&use=l&cat=p&typeid=i","cat":284377},{"id":135274,"n":"Pomme de terre pour frites Panier du Primeur - 2kg","p":2.29,"u":"1,15 €/KG","img":"https://fd3-photos.leclercdrive.fr/image.ashx?id=2959737&use=l&cat=p&typeid=i","cat":284352},{"id":135279,"n":"Ail violet Panier du Primeur x3","p":2.99,"u":"1,00 €/P","img":"https://fd3-photos.leclercdrive.fr/image.ashx?id=2960520&use=l&cat=p&typeid=i","cat":284352},{"id":135293,"n":"Crème dessert Eco+ Saveur vanille - 4x125g","p":0.77,"u":"1,54 €/KG","img":"https://fd3-photos.leclercdrive.fr/image.ashx?id=2765695&use=l&cat=p&typeid=i","cat":285041},{"id":135294,"n":"Crème dessert Eco+ Chocolat - 4x125g","p":0.74,"u":"1,48 €/KG","img":"https://fd3-photos.leclercdrive.fr/image.ashx?id=3003046&use=l&cat=p&typeid=i","cat":285041},{"id":135295,"n":"Tranchette de gouda Eco+ 28%mg - 300g","p":2.53,"u":"8,43 €/KG","img":"https://fd3-photos.leclercdrive.fr/image.ashx?id=1974470&use=l&cat=p&typeid=i","cat":314028},{"id":135296,"n":"Fromage mi-chèvre Eco+ 23%mg - 180g","p":1.65,"u":"9,17 €/KG","img":"https://fd3-photos.leclercdrive.fr/image.ashx?id=2744356&use=l&cat=p&typeid=i","cat":314031},{"id":135343,"n":"Râpé 3 fromages Les Croisés  Format familial - 350g","p":3.12,"u":"8,91 €/KG","img":"https://fd3-photos.leclercdrive.fr/image.ashx?id=2959734&use=l&cat=p&typeid=i","cat":314035},{"id":135426,"n":"Sauce Salsa Old El Paso à napper doux - 226g","p":2.46,"u":"10,88 €/KG","img":"https://fd3-photos.leclercdrive.fr/image.ashx?id=2738797&use=l&cat=p&typeid=i","cat":288993},{"id":135429,"n":"Pommes Dauphine Findus 540g","p":3.47,"u":"6,43 €/KG","img":"https://fd3-photos.leclercdrive.fr/image.ashx?id=2009954&use=l&cat=p&typeid=i","cat":319792},{"id":135456,"n":"Brioche tranchée Harrys Nature / Sans additifs - 485 g","p":2.39,"u":"4,93 €/KG","img":"https://fd3-photos.leclercdrive.fr/image.ashx?id=2503019&use=l&cat=p&typeid=i","cat":284478},{"id":135457,"n":"Brioche tranchée Harrys Farine complète - 485g","p":3.41,"u":"7,03 €/KG","img":"https://fd3-photos.leclercdrive.fr/image.ashx?id=2503025&use=l&cat=p&typeid=i","cat":284478},{"id":135459,"n":"Brioche Tranchée Harrys Pépites de chocolat - 485g","p":2.93,"u":"6,04 €/KG","img":"https://fd3-photos.leclercdrive.fr/image.ashx?id=2503028&use=l&cat=p&typeid=i","cat":284478},{"id":135476,"n":"Fromage à Tartiner Tartare  Ail et Fines Herbes - 150g","p":1.89,"u":"12,60 €/KG","img":"https://fd3-photos.leclercdrive.fr/image.ashx?id=2243365&use=l&cat=p&typeid=i","cat":314029},{"id":135481,"n":"Barres céréales Nesquik Chocolat - 12x25g","p":4.38,"u":"14,60 €/KG","img":"https://fd3-photos.leclercdrive.fr/image.ashx?id=2843225&use=l&cat=p&typeid=i","cat":285869},{"id":135537,"n":"Crêpes dentelle Gavottes  Chocolat noir - 3x90g","p":3.09,"u":"11,44 €/KG","img":"https://fd3-photos.leclercdrive.fr/image.ashx?id=2009828&use=l&cat=p&typeid=i","cat":284487},{"id":135554,"n":"Boules chocolat praliné Jacquot Lait, Amandes, noisettes - 1kg","p":13.41,"u":"13,41 €/KG","img":"https://fd3-photos.leclercdrive.fr/image.ashx?id=2303306&use=l&cat=p&typeid=i","cat":327595},{"id":135583,"n":"Vinaigre Melfor bio 100cl","p":2.62,"u":"2,62 €/L","img":"https://fd3-photos.leclercdrive.fr/image.ashx?id=1986464&use=l&cat=p&typeid=i","cat":298543},{"id":135584,"n":"AOP Côtes du Rhône rouge Nos Racines bio - BIB 3L","p":14.58,"u":"4,86 €/L","img":"https://fd3-photos.leclercdrive.fr/image.ashx?id=2010521&use=l&cat=p&typeid=i","cat":289560},{"id":135586,"n":"AOP Côtes du Rhone rouge Nos Racines bio - 75cl","p":5.73,"u":"7,64 €/L","img":"https://fd3-photos.leclercdrive.fr/image.ashx?id=2108894&use=l&cat=p&typeid=i","cat":289556},{"id":135593,"n":"AOC Gewurztraminer P.Mittnacht Vin blanc - 75cl","p":6.12,"u":"8,16 €/L","img":"https://fd3-photos.leclercdrive.fr/image.ashx?id=1986473&use=l&cat=p&typeid=i","cat":289557},{"id":135594,"n":"AOC Riesling P.Mittnacht Vin blanc - 75cl","p":5.36,"u":"7,15 €/L","img":"https://fd3-photos.leclercdrive.fr/image.ashx?id=1986470&use=l&cat=p&typeid=i","cat":289557},{"id":135617,"n":"Champagne G.H. Mumm  brut - 75cl","p":34.3,"pp":31.3,"u":"41,73 €/L","img":"https://fd3-photos.leclercdrive.fr/image.ashx?id=2988315&use=l&cat=p&typeid=i","cat":284542},{"id":135645,"n":"Cuadro 4 chocolat praliné Novi Pistaches - 150g","p":5.06,"u":"33,73 €/KG","img":"https://fd3-photos.leclercdrive.fr/image.ashx?id=2922215&use=l&cat=p&typeid=i","cat":327595},{"id":136321,"n":"Boisson gazeuse  Freez Citron vert - 275 ml","p":1.49,"u":"5,42 €/L","img":"https://fd3-photos.leclercdrive.fr/image.ashx?id=2018313&use=l&cat=p&typeid=i","cat":284532},{"id":136324,"n":"Boisson gazeuse Feez Grenadine - 275 ml","p":1.58,"u":"5,75 €/L","img":"https://fd3-photos.leclercdrive.fr/image.ashx?id=2018307&use=l&cat=p&typeid=i","cat":284532},{"id":136339,"n":"AOP Bordeaux Vin rouge Château les Joyeuses - 75cl","p":4.31,"u":"5,75 €/L","img":"https://fd3-photos.leclercdrive.fr/image.ashx?id=2859563&use=l&cat=p&typeid=i","cat":289556},{"id":136353,"n":"AOC Côtes du Jura vin blanc Grande Tradition Cabellier 75cl","p":11.32,"u":"15,09 €/L","img":"https://fd3-photos.leclercdrive.fr/image.ashx?id=2022933&use=l&cat=p&typeid=i","cat":289557},{"id":136362,"n":"AOC Côtes du Rhône rouge Réserve de Bonpas - 75cl","p":4.9,"u":"6,53 €/L","img":"https://fd3-photos.leclercdrive.fr/image.ashx?id=2991202&use=l&cat=p&typeid=i","cat":289556},{"id":136373,"n":"Boîte chocolats Ferrero Rocher x27 pralines - 337g","p":12.27,"u":"36,30 €/KG","img":"https://fd3-photos.leclercdrive.fr/image.ashx?id=2940522&use=l&cat=p&typeid=i","cat":327600},{"id":136389,"n":"Oeuf Maxi Kinder Surprise Garçon - 100g","p":6.44,"u":"64,40 €/KG","img":"https://fd3-photos.leclercdrive.fr/image.ashx?id=2940513&use=l&cat=p&typeid=i","cat":284958},{"id":136444,"n":"Savane choco noir 310g","p":2.66,"u":"8,58 €/KG","img":"https://fd3-photos.leclercdrive.fr/image.ashx?id=2881449&use=l&cat=p&typeid=i","cat":294776},{"id":136445,"n":"Gateau marbré Savane Chocolat - 310g","p":2.56,"u":"8,26 €/KG","img":"https://fd3-photos.leclercdrive.fr/image.ashx?id=2870719&use=l&cat=p&typeid=i","cat":294776},{"id":136453,"n":"Plat bébé soir Blédiner 12mois  quinoa légumes - 2x200g","p":2.68,"u":"6,70 €/KG","img":"https://fd3-photos.leclercdrive.fr/image.ashx?id=2845856&use=l&cat=p&typeid=i","cat":312239},{"id":136456,"n":"Lait bébé Candia Baby 2ème âge - 6x1L","p":12.13,"u":"2,02 €/L","img":"https://fd3-photos.leclercdrive.fr/image.ashx?id=2773703&use=l&cat=p&typeid=i","cat":284727},{"id":136457,"n":"Pain grillé original Pasquier 415g","p":2.08,"u":"5,01 €/KG","img":"https://fd3-photos.leclercdrive.fr/image.ashx?id=2943957&use=l&cat=p&typeid=i","cat":284479},{"id":136507,"n":"Gros sel marin Bjorg Gris - 1 kg","p":2.13,"u":"2,13 €/KG","img":"https://fd3-photos.leclercdrive.fr/image.ashx?id=2105320&use=l&cat=p&typeid=i","cat":284457},{"id":136509,"n":"Sel et herbes Essentiel Bio 250g","p":2.44,"u":"9,76 €/KG","img":"https://fd3-photos.leclercdrive.fr/image.ashx?id=2560888&use=l&cat=p&typeid=i","cat":284457},{"id":136579,"n":"Soupe liquide brique Liebig  Velouté de 12 légumes - 1L","p":1.85,"u":"1,85 €/L","img":"https://fd3-photos.leclercdrive.fr/image.ashx?id=2172645&use=l&cat=p&typeid=i","cat":284462},{"id":136580,"n":"Soupe liquide brique Liebig  Mouliné de 12 légumes - 1L","p":2.18,"u":"2,18 €/L","img":"https://fd3-photos.leclercdrive.fr/image.ashx?id=2172642&use=l&cat=p&typeid=i","cat":284462},{"id":136585,"n":"Plat bébé soir Blédiner 15 mois pâtes crème légumes - 2x200g","p":2.68,"u":"6,70 €/KG","img":"https://fd3-photos.leclercdrive.fr/image.ashx?id=2845859&use=l&cat=p&typeid=i","cat":312239},{"id":136586,"n":"Plat bébé soir Blédiner 8 mois Boulghour poireau - 2x200g","p":2.58,"u":"6,45 €/KG","img":"https://fd3-photos.leclercdrive.fr/image.ashx?id=2845862&use=l&cat=p&typeid=i","cat":312239},{"id":136598,"n":"Compote Bio Village Gourdes Pomme bio - 12x90g","p":5.25,"u":"4,86 €/KG","img":"https://fd3-photos.leclercdrive.fr/image.ashx?id=2330517&use=l&cat=p&typeid=i","cat":284508},{"id":136607,"n":"Protège lingerie long Tadam Dermo-sensitives bio - x24","p":2.3,"img":"https://fd3-photos.leclercdrive.fr/image.ashx?id=2754767&use=l&cat=p&typeid=i","cat":284625},{"id":136627,"n":"Pad Thai Céréal Bio  Bio repas express - 220g","p":2.37,"u":"10,77 €/KG","img":"https://fd3-photos.leclercdrive.fr/image.ashx?id=2574089&use=l&cat=p&typeid=i","cat":288992},{"id":136628,"n":"Biscuit pépites choco noisette Gerblé - Sans gluten - 150g","p":3.03,"u":"20,20 €/KG","img":"https://fd3-photos.leclercdrive.fr/image.ashx?id=2868380&use=l&cat=p&typeid=i","cat":318654},{"id":136635,"n":"Cassoulet Maison Rivière Confit de canard - 840g","p":4.56,"u":"5,43 €/KG","img":"https://fd3-photos.leclercdrive.fr/image.ashx?id=2734225&use=l&cat=p&typeid=i","cat":284440},{"id":136645,"n":"Blé gourmand l'Original Ebly Cuisson 10min - 1kg","p":2.61,"u":"2,61 €/KG","img":"https://fd3-photos.leclercdrive.fr/image.ashx?id=2286278&use=l&cat=p&typeid=i","cat":284429},{"id":136659,"n":"Pâtes fraîches Spaetzle Stoeffler - 300g","p":2.67,"u":"8,90 €/KG","img":"https://fd3-photos.leclercdrive.fr/image.ashx?id=2767522&use=l&cat=p&typeid=i","cat":333682},{"id":136668,"n":"Champignons de Paris bruns Panier du Primeur - 250g","p":1.79,"u":"7,16 €/KG","img":"https://fd3-photos.leclercdrive.fr/image.ashx?id=2600255&use=l&cat=p&typeid=i","cat":284352},{"id":136736,"n":"Quinoa parfumé Tipiak 240g","p":2.77,"u":"11,54 €/KG","img":"https://fd3-photos.leclercdrive.fr/image.ashx?id=2833747&use=l&cat=p&typeid=i","cat":284429},{"id":136739,"n":"Quinoa Tipiak Sans résidus de pesticides 200g","p":2.54,"u":"12,70 €/KG","img":"https://fd3-photos.leclercdrive.fr/image.ashx?id=2875456&use=l&cat=p&typeid=i","cat":284429},{"id":136767,"n":"Boite de chocolat Côte d'Or Bouchée au lait - 197g","p":6.38,"u":"32,39 €/KG","img":"https://fd3-photos.leclercdrive.fr/image.ashx?id=2792942&use=l&cat=p&typeid=i","cat":327595},{"id":136772,"n":"Werthers original ss chocolat 42g","p":2.17,"u":"51,67 €/KG","img":"https://fd3-photos.leclercdrive.fr/image.ashx?id=2660176&use=l&cat=p&typeid=i","cat":304252},{"id":136808,"n":"Biscuit pistache abricot Gerblé  - 160g","p":2.65,"u":"16,56 €/KG","img":"https://fd3-photos.leclercdrive.fr/image.ashx?id=2812711&use=l&cat=p&typeid=i","cat":318651},{"id":136813,"n":"Biscuits Bruges Delacre Boîte Assortiment - 200g","p":2.93,"u":"14,65 €/KG","img":"https://fd3-photos.leclercdrive.fr/image.ashx?id=2867966&use=l&cat=p&typeid=i","cat":284490},{"id":136814,"n":"Barre céréales Chocapic  Chocolat - 12x25g","p":3.99,"u":"13,30 €/KG","img":"https://fd3-photos.leclercdrive.fr/image.ashx?id=2846784&use=l&cat=p&typeid=i","cat":285869},{"id":136827,"n":"Pizza barchetta Grando's 4 fromaggi - 190g","p":2.16,"u":"11,37 €/KG","img":"https://fd3-photos.leclercdrive.fr/image.ashx?id=2760148&use=l&cat=p&typeid=i","cat":284256},{"id":136828,"n":"Pizza barchetta Grando's Prosciuto Funghi - 190g","p":2.16,"u":"11,37 €/KG","img":"https://fd3-photos.leclercdrive.fr/image.ashx?id=2760157&use=l&cat=p&typeid=i","cat":284256},{"id":136907,"n":"Mini Roc Côte d'Or Chocolat au lait - 195g","p":7.43,"u":"38,10 €/KG","img":"https://fd3-photos.leclercdrive.fr/image.ashx?id=2488088&use=l&cat=p&typeid=i","cat":327595},{"id":136933,"n":"Kit fajita Old El Paso Tomate poivrons - 500g","p":4.98,"u":"9,96 €/KG","img":"https://fd3-photos.leclercdrive.fr/image.ashx?id=2759715&use=l&cat=p&typeid=i","cat":288993},{"id":137014,"n":"Lasagne bolognaise 300g","p":2.93,"u":"9,77 €/KG","img":"https://fd3-photos.leclercdrive.fr/image.ashx?id=2993382&use=l&cat=p&typeid=i","cat":284254},{"id":137060,"n":"Compote Bio Village Gourdes Pomme bio - 4x90g","p":1.91,"u":"5,31 €/KG","img":"https://fd3-photos.leclercdrive.fr/image.ashx?id=2619755&use=l&cat=p&typeid=i","cat":284508},{"id":137070,"n":"Petits pois Bio Village Bio - 420g","p":2.35,"u":"5,60 €/KG","img":"https://fd3-photos.leclercdrive.fr/image.ashx?id=3002707&use=l&cat=p&typeid=i","cat":312607},{"id":137160,"n":"IGP Clémentines fines de Corse Nos régions ont du Talent - 1kg","p":4.99,"u":"4,99 €/KG","img":"https://fd3-photos.leclercdrive.fr/image.ashx?id=2934847&use=l&cat=p&typeid=i","cat":284356},{"id":137162,"n":"Pommes de terre Pompadour  Nos régions ont du Talent - 1kg","p":1.99,"u":"1,99 €/KG","img":"https://fd3-photos.leclercdrive.fr/image.ashx?id=2960589&use=l&cat=p&typeid=i","cat":284352},{"id":137244,"n":"Huile d'Olive vierge  Cauvin Extra Bio - 75cl","p":10.03,"u":"13,37 €/L","img":"https://fd3-photos.leclercdrive.fr/image.ashx?id=2498356&use=l&cat=p&typeid=i","cat":284453},{"id":137289,"n":"Yaourt à boire Ptit Yop Aromatisé Framboise - 6x180g","p":3.06,"u":"2,83 €/KG","img":"https://fd3-photos.leclercdrive.fr/image.ashx?id=2951797&use=l&cat=p&typeid=i","cat":284415},{"id":137298,"n":"Yaourt à boire Ptit Yop Aromatisé Panaché - 6x180g","p":3.07,"u":"2,84 €/KG","img":"https://fd3-photos.leclercdrive.fr/image.ashx?id=2985168&use=l&cat=p&typeid=i","cat":284415},{"id":137325,"n":"Lait bébé Candia Baby  croissance 3ème âge - 6x25cl","p":3.89,"u":"2,59 €/L","img":"https://fd3-photos.leclercdrive.fr/image.ashx?id=2963346&use=l&cat=p&typeid=i","cat":284728},{"id":137382,"n":"Spray retouche L'Oréal Paris Magic Retouch Châtain Clair","p":8.96,"u":"11,95 €/L","img":"https://fd3-photos.leclercdrive.fr/image.ashx?id=2597196&use=l&cat=p&typeid=i","cat":288899},{"id":137384,"n":"Déodorant bille Men Expert Efficacité 48h - 50ml","p":2.54,"u":"50,80 €/L","img":"https://fd3-photos.leclercdrive.fr/image.ashx?id=2300512&use=l&cat=p&typeid=i","cat":284618},{"id":137388,"n":"Gel Douche Bio Sans Savon Cadum Huile d'Amandes Douces - 500ml","p":2.14,"u":"4,28 €/L","img":"https://fd3-photos.leclercdrive.fr/image.ashx?id=2575627&use=l&cat=p&typeid=i","cat":284594},{"id":137395,"n":"Huile extraordinaire Elseve Jojoba 100ml","p":10.98,"u":"109,80 €/L","img":"https://fd3-photos.leclercdrive.fr/image.ashx?id=2870674&use=l&cat=p&typeid=i","cat":284608},{"id":137413,"n":"Pommes Duchesse Findus 720g","p":2.92,"u":"4,06 €/KG","img":"https://fd3-photos.leclercdrive.fr/image.ashx?id=2888512&use=l&cat=p&typeid=i","cat":319792},{"id":137414,"n":"Pommes Étoile 720g","p":2.97,"u":"4,13 €/KG","img":"https://fd3-photos.leclercdrive.fr/image.ashx?id=2023134&use=l&cat=p&typeid=i","cat":319792},{"id":137427,"n":"Soin Nutri-correcteur Dessange Cheveux Blonds, Colorés - 125ml","p":6.64,"u":"53,12 €/L","img":"https://fd3-photos.leclercdrive.fr/image.ashx?id=2870689&use=l&cat=p&typeid=i","cat":284608},{"id":137437,"n":"gateau Savane Brossard Chocolat - 310g","p":2.63,"u":"8,48 €/KG","img":"https://fd3-photos.leclercdrive.fr/image.ashx?id=2976836&use=l&cat=p&typeid=i","cat":294776},{"id":137515,"n":"Mini Roc Côte d'Or Praline - 195g","p":7.43,"u":"38,10 €/KG","img":"https://fd3-photos.leclercdrive.fr/image.ashx?id=2924791&use=l&cat=p&typeid=i","cat":327595},{"id":137525,"n":"Galak Chocolat Noël  Moulage Renne - 88g","p":3.37,"u":"38,30 €/KG","img":"https://fd3-photos.leclercdrive.fr/image.ashx?id=2570604&use=l&cat=p&typeid=i","cat":327592},{"id":137542,"n":"Escargots préparés pur beurre À l'Alsacienne Escal x36 - 267g","p":18.95,"u":"70,97 €/KG","img":"https://fd3-photos.leclercdrive.fr/image.ashx?id=2020632&use=l&cat=p&typeid=i","cat":319775},{"id":137605,"n":"AOC Vin jaune Côtes du Jura Marcel Cabelier - 62cl","p":25.42,"u":"41,00 €/L","img":"https://fd3-photos.leclercdrive.fr/image.ashx?id=2108228&use=l&cat=p&typeid=i","cat":289557},{"id":137607,"n":"AOC Crémant d'Alsace Blanc de Noirs Wolfberger 75cl","p":7.5,"u":"10,00 €/L","img":"https://fd3-photos.leclercdrive.fr/image.ashx?id=2764200&use=l&cat=p&typeid=i","cat":284544},{"id":137608,"n":"AOC Crémant d'Alsace Riesling Wolfberger - 75cl","p":7.5,"u":"10,00 €/L","img":"https://fd3-photos.leclercdrive.fr/image.ashx?id=2764188&use=l&cat=p&typeid=i","cat":284544},{"id":137621,"n":"AOP Vin blanc Viré Clessé Vignerons Réunis de Viré 75cl","p":8.83,"u":"11,77 €/L","img":"https://fd3-photos.leclercdrive.fr/image.ashx?id=2556174&use=l&cat=p&typeid=i","cat":289557},{"id":137626,"n":"AOC Crémant de Bourgogne Blanc de Blancs Brut Veuve Ambal 75cl","p":8.9,"pp":7.12,"u":"9,49 €/L","img":"https://fd3-photos.leclercdrive.fr/image.ashx?id=2009351&use=l&cat=p&typeid=i","cat":284545},{"id":137636,"n":"Feuilleté au saumon  Pierre Schmidt - 500g","p":11.9,"u":"23,80 €/KG","img":"https://fd3-photos.leclercdrive.fr/image.ashx?id=2008397&use=l&cat=p&typeid=i","cat":333666},{"id":137666,"n":"Maïs Bonduelle Sans sucres ajoutés Bio 2x140g","p":1.89,"u":"6,75 €/KG","img":"https://fd3-photos.leclercdrive.fr/image.ashx?id=2915727&use=l&cat=p&typeid=i","cat":312611},{"id":137669,"n":"Croquette chiens Mix  Fido Volaille/légumes - 2.5kg","p":5.88,"u":"2,35 €/KG","img":"https://fd3-photos.leclercdrive.fr/image.ashx?id=2973309&use=l&cat=p&typeid=i","cat":284672},{"id":137680,"n":"Croquette pour chien  Fido Croq' Mix boeuf et légumes 3kg","p":6.28,"u":"2,09 €/KG","img":"https://fd3-photos.leclercdrive.fr/image.ashx?id=2973306&use=l&cat=p&typeid=i","cat":284672},{"id":137682,"n":"Croquette pour chiens Fido Mix Poulet Légumes - 12 kg","p":22.1,"u":"1,84 €/KG","img":"https://fd3-photos.leclercdrive.fr/image.ashx?id=2973300&use=l&cat=p&typeid=i","cat":284672},{"id":137686,"n":"Croquette pour chiens Fido Boeuf & légumes - 7kg","p":14.36,"u":"2,05 €/KG","img":"https://fd3-photos.leclercdrive.fr/image.ashx?id=2973297&use=l&cat=p&typeid=i","cat":284672},{"id":137700,"n":"Compote Douceur du Verger Coupelle fruits rouges -16x100g","p":4.21,"u":"2,63 €/KG","img":"https://fd3-photos.leclercdrive.fr/image.ashx?id=2663560&use=l&cat=p&typeid=i","cat":284508},{"id":137702,"n":"Compote Douceur du Verger Coupelle fruits jaunes -16x100g","p":3.97,"u":"2,48 €/KG","img":"https://fd3-photos.leclercdrive.fr/image.ashx?id=2834890&use=l&cat=p&typeid=i","cat":284508},{"id":137703,"n":"Compote Douceur du Verger Coupelle pomme - 16x100g","p":3.55,"u":"2,22 €/KG","img":"https://fd3-photos.leclercdrive.fr/image.ashx?id=2663551&use=l&cat=p&typeid=i","cat":284508},{"id":137713,"n":"Préparation Flan Entremets alsa Chocolat - 192g","p":1.67,"u":"7,20 €/KG","img":"https://fd3-photos.leclercdrive.fr/image.ashx?id=2842546&use=l&cat=p&typeid=i","cat":284505},{"id":137745,"n":"Anneaux de Calamars crus MSC Gimbert - 300g","p":5.13,"u":"17,10 €/KG","img":"https://fd3-photos.leclercdrive.fr/image.ashx?id=2950348&use=l&cat=p&typeid=i","cat":319787},{"id":137746,"n":"Gourmet Purina Poulet / Dinde - 8x85g","p":5.47,"u":"8,04 €/KG","img":"https://fd3-photos.leclercdrive.fr/image.ashx?id=2896795&use=l&cat=p&typeid=i","cat":285286},{"id":137754,"n":"Barquettes chat Gourmet  Coffret de la mer - 8x85g","p":5.47,"u":"8,04 €/KG","img":"https://fd3-photos.leclercdrive.fr/image.ashx?id=2861770&use=l&cat=p&typeid=i","cat":285286},{"id":137757,"n":"Tarte aux poireaux Marie Gratinée à l'Emmental - 400g","p":3.11,"u":"7,78 €/KG","img":"https://fd3-photos.leclercdrive.fr/image.ashx?id=2996680&use=l&cat=p&typeid=i","cat":284257},{"id":137759,"n":"Tarte au Chèvre Marie Tomates cerises - 400g","p":3.73,"u":"9,33 €/KG","img":"https://fd3-photos.leclercdrive.fr/image.ashx?id=2996677&use=l&cat=p&typeid=i","cat":284257},{"id":137769,"n":"Soupe liquide brique Liebig  Poireaux Pomme de Terre 2x30cl","p":1.94,"u":"3,23 €/L","img":"https://fd3-photos.leclercdrive.fr/image.ashx?id=2864327&use=l&cat=p&typeid=i","cat":284462},{"id":137772,"n":"Pancakes La fournée Dorée 350g","p":2.17,"u":"6,20 €/KG","img":"https://fd3-photos.leclercdrive.fr/image.ashx?id=2581502&use=l&cat=p&typeid=i","cat":284495},{"id":137820,"n":"IGP Pays d'oc rosé Merlot Les Ormes de Cambras 12% 75 cl","p":3.35,"u":"4,47 €/L","img":"https://fd3-photos.leclercdrive.fr/image.ashx?id=2445136&use=l&cat=p&typeid=i","cat":289558},{"id":137855,"n":"Litière chats Tous Mes Amis Agglomérante végétale - 7L","p":5.68,"u":"0,81 €/L","img":"https://fd3-photos.leclercdrive.fr/image.ashx?id=2055226&use=l&cat=p&typeid=i","cat":284683},{"id":137857,"n":"Petits Pois Bonduelle Sans Arôme Ajouté 280g","p":1.3,"u":"4,64 €/KG","img":"https://fd3-photos.leclercdrive.fr/image.ashx?id=2913157&use=l&cat=p&typeid=i","cat":312607},{"id":137860,"n":"Riz long blanchi Eco+ 1kg","p":1.22,"u":"1,22 €/KG","img":"https://fd3-photos.leclercdrive.fr/image.ashx?id=2076622&use=l&cat=p&typeid=i","cat":284428},{"id":137861,"n":"Thé noir bio Bio Village English Breakfast x20 - 36g","p":1.25,"u":"34,72 €/KG","img":"https://fd3-photos.leclercdrive.fr/image.ashx?id=1987003&use=l&cat=p&typeid=i","cat":293233},{"id":137862,"n":"Riz long étuvé Eco+ 1kg","p":1.35,"u":"1,35 €/KG","img":"https://fd3-photos.leclercdrive.fr/image.ashx?id=2076625&use=l&cat=p&typeid=i","cat":284428},{"id":137864,"n":"Riz long étuvé Eco+ 4x125g","p":0.87,"u":"1,74 €/KG","img":"https://fd3-photos.leclercdrive.fr/image.ashx?id=1991126&use=l&cat=p&typeid=i","cat":284428},{"id":137865,"n":"Compote SSA Douceur du Verger Gourdes Pomme Poire - 4x90g","p":1.23,"u":"3,42 €/KG","img":"https://fd3-photos.leclercdrive.fr/image.ashx?id=2837069&use=l&cat=p&typeid=i","cat":284508},{"id":137866,"n":"Compotes Douceur du Verger Pomme Banane - 4x90g","p":1.39,"u":"3,86 €/KG","img":"https://fd3-photos.leclercdrive.fr/image.ashx?id=2837066&use=l&cat=p&typeid=i","cat":284508},{"id":137883,"n":"Rillettes thon Ronde des Mers 220g","p":2.64,"u":"12,00 €/KG","img":"https://fd3-photos.leclercdrive.fr/image.ashx?id=2436693&use=l&cat=p&typeid=i","cat":284451},{"id":137892,"n":"Biscottes bio Bio Village sans sel ni sucres ajoutés 100g","p":2.09,"u":"6,97 €/KG","img":"https://fd3-photos.leclercdrive.fr/image.ashx?id=1987015&use=l&cat=p&typeid=i","cat":284479},{"id":137897,"n":"Bretzels bio Bio Village 150g","p":1.99,"u":"13,27 €/KG","img":"https://fd3-photos.leclercdrive.fr/image.ashx?id=2390663&use=l&cat=p&typeid=i","cat":297000},{"id":137900,"n":"Barres de céréales Grainéa Chocolat noir x6 - 126g","p":1.39,"u":"11,03 €/KG","img":"https://fd3-photos.leclercdrive.fr/image.ashx?id=2721370&use=l&cat=p&typeid=i","cat":285869},{"id":137904,"n":"Barre de céréales Grainea 126g","p":1.39,"u":"11,03 €/KG","img":"https://fd3-photos.leclercdrive.fr/image.ashx?id=2912863&use=l&cat=p&typeid=i","cat":285869},{"id":137907,"n":"Compote Douceur du Verger Coupelle pomme mangue - 4x100g","p":1.45,"u":"3,63 €/KG","img":"https://fd3-photos.leclercdrive.fr/image.ashx?id=2663548&use=l&cat=p&typeid=i","cat":284508},{"id":137908,"n":"Sardines Pêche Océan Citron basilic  135g","p":1.32,"u":"9,78 €/KG","img":"https://fd3-photos.leclercdrive.fr/image.ashx?id=2518520&use=l&cat=p&typeid=i","cat":305146},{"id":137910,"n":"Compote Douceur du Verger Gourdes multivariétés - 20x90g","p":6.09,"u":"3,38 €/KG","img":"https://fd3-photos.leclercdrive.fr/image.ashx?id=2805045&use=l&cat=p&typeid=i","cat":284508},{"id":137955,"n":"Maïs ultra croquant D'Aucy 3x140g","p":1.97,"u":"4,69 €/KG","img":"https://fd3-photos.leclercdrive.fr/image.ashx?id=2429215&use=l&cat=p&typeid=i","cat":312611},{"id":137957,"n":"Maïs ultra croquant D'Aucy 285g","p":0.97,"u":"3,40 €/KG","img":"https://fd3-photos.leclercdrive.fr/image.ashx?id=2380454&use=l&cat=p&typeid=i","cat":312611},{"id":137969,"n":"Pavé fondant emmental Président 2 pièces - 200g","p":3.63,"u":"18,15 €/KG","img":"https://fd3-photos.leclercdrive.fr/image.ashx?id=2856088&use=l&cat=p&typeid=i","cat":314027},{"id":137971,"n":"Carottes rapées à la Ciboulette Pierre Martinet - 510g","p":1.97,"u":"3,86 €/KG","img":"https://fd3-photos.leclercdrive.fr/image.ashx?id=2990532&use=l&cat=p&typeid=i","cat":333657},{"id":137980,"n":"Biscuits croquants Délichoc Chocolat blanc - 150g","p":1.88,"u":"12,53 €/KG","img":"https://fd3-photos.leclercdrive.fr/image.ashx?id=2939289&use=l&cat=p&typeid=i","cat":284488},{"id":137984,"n":"Gratte éponge Spontex Performance - x6","p":3.19,"u":"0,53 €/P","img":"https://fd3-photos.leclercdrive.fr/image.ashx?id=2673205&use=l&cat=p&typeid=i","cat":284667},{"id":137987,"n":"Café dosettes Tassimo Maxwell House - cappuccino x8","p":6.1,"u":"29,33 €/KG","img":"https://fd3-photos.leclercdrive.fr/image.ashx?id=2154815&use=l&cat=p&typeid=i","cat":293240},{"id":137988,"n":"Préparation Tablier Blanc Frangipane - 200g","p":2.67,"u":"13,35 €/KG","img":"https://fd3-photos.leclercdrive.fr/image.ashx?id=1990237&use=l&cat=p&typeid=i","cat":284504},{"id":138034,"n":"Infusion thym lavande romarin Pagès Bio- 30g","p":2.81,"u":"93,67 €/KG","img":"https://fd3-photos.leclercdrive.fr/image.ashx?id=2683103&use=l&cat=p&typeid=i","cat":293234},{"id":138035,"n":"Thé vert earl grey bio Pagès - 20 sachets","p":1.98,"u":"55,00 €/KG","img":"https://fd3-photos.leclercdrive.fr/image.ashx?id=2751099&use=l&cat=p&typeid=i","cat":293233},{"id":138054,"n":"Macaroni Lustucru Aux oeufs - 500g","p":1.9,"u":"3,80 €/KG","img":"https://fd3-photos.leclercdrive.fr/image.ashx?id=2033109&use=l&cat=p&typeid=i","cat":284427},{"id":138057,"n":"Collerettes Lustucru Aux œufs - 500g","p":1.99,"u":"3,98 €/KG","img":"https://fd3-photos.leclercdrive.fr/image.ashx?id=2505756&use=l&cat=p&typeid=i","cat":284427},{"id":138093,"n":"Absorbeur Rubson Sensation pure 3en1 - x1","p":10.17,"img":"https://fd3-photos.leclercdrive.fr/image.ashx?id=2848728&use=l&cat=p&typeid=i","cat":300576},{"id":138134,"n":"Nettoyant multi-usage Carolin Pivoine et musc - 1L","p":2.61,"u":"2,61 €/L","img":"https://fd3-photos.leclercdrive.fr/image.ashx?id=2494668&use=l&cat=p&typeid=i","cat":284907},{"id":138152,"n":"Recharge Rubson Go J'absorbe, Je parfume boisé x1","p":6.23,"img":"https://fd3-photos.leclercdrive.fr/image.ashx?id=2563505&use=l&cat=p&typeid=i","cat":300576},{"id":138153,"n":"Recharge Rubson Go J'absorbe, je parfume fleuri-x1","p":6.34,"img":"https://fd3-photos.leclercdrive.fr/image.ashx?id=2803622&use=l&cat=p&typeid=i","cat":300576},{"id":138160,"n":"Piles rechargeables Foxter RTU R14 3000mAh","p":7.99,"img":"https://fd3-photos.leclercdrive.fr/image.ashx?id=2034163&use=l&cat=p&typeid=i","cat":300572},{"id":138193,"n":"Fromage blanc bébé Blédina 6m Vanille - 4x100g","p":3.1,"u":"7,75 €/KG","img":"https://fd3-photos.leclercdrive.fr/image.ashx?id=2636817&use=l&cat=p&typeid=i","cat":312392},{"id":138199,"n":"Repas bébé Blédichef 15 mois  Colombo de riz poisson - 250g","p":1.76,"u":"7,04 €/KG","img":"https://fd3-photos.leclercdrive.fr/image.ashx?id=2951599&use=l&cat=p&typeid=i","cat":312238},{"id":138200,"n":"Repas bébé Blédichef 15 mois  Tajine légumes poulet - 250g","p":1.77,"u":"7,08 €/KG","img":"https://fd3-photos.leclercdrive.fr/image.ashx?id=2951602&use=l&cat=p&typeid=i","cat":312238},{"id":138298,"n":"Gratte éponge + Microfibre Spontex x6","p":3.09,"u":"0,52 €/P","img":"https://fd3-photos.leclercdrive.fr/image.ashx?id=2673208&use=l&cat=p&typeid=i","cat":284667},{"id":138304,"n":"Fromage apéritif Apéricube Incontournables apéro 48 cubes","p":4.27,"u":"17,08 €/KG","img":"https://fd3-photos.leclercdrive.fr/image.ashx?id=2882671&use=l&cat=p&typeid=i","cat":314027},{"id":138306,"n":"Gratin de choux fleurs jambon Fleury Michon - Lot 2+1 - 840g","p":6.86,"u":"8,17 €/KG","img":"https://fd3-photos.leclercdrive.fr/image.ashx?id=2047445&use=l&cat=p&typeid=i","cat":333665},{"id":138318,"n":"Savane Bipack Chocolat Brossard - 620g","p":4.98,"u":"8,03 €/KG","img":"https://fd3-photos.leclercdrive.fr/image.ashx?id=2966086&use=l&cat=p&typeid=i","cat":294776},{"id":138537,"n":"Coloration Casting Crème Gloss  400 Châtain Craquant","p":7.47,"img":"https://fd3-photos.leclercdrive.fr/image.ashx?id=2869080&use=l&cat=p&typeid=i","cat":288899},{"id":138595,"n":"200 Crochets métal or ou argent Coloris aléatoire - 1 pièce","p":1.0,"img":"https://fd3-photos.leclercdrive.fr/image.ashx?id=1993625&use=l&cat=p&typeid=i","cat":335913},{"id":138631,"n":"Whisky Isle of Jura 10 ans 40% - 70cl","p":32.18,"pp":27.35,"u":"39,07 €/L","img":"https://fd3-photos.leclercdrive.fr/image.ashx?id=2002744&use=l&cat=p&typeid=i","cat":284547},{"id":138668,"n":"Masque Cheveux Nutrition Elsève Huile Extraordinaire - 310ml","p":4.94,"u":"15,94 €/L","img":"https://fd3-photos.leclercdrive.fr/image.ashx?id=2511859&use=l&cat=p&typeid=i","cat":284608},{"id":139407,"n":"Coffrets Carrés de fruits Motta x25 - 390g","p":8.85,"u":"22,69 €/KG","img":"https://fd3-photos.leclercdrive.fr/image.ashx?id=2298730&use=l&cat=p&typeid=i","cat":327606},{"id":139602,"n":"Absorbeur minifresh Rubson Neutre 50g -x2","p":6.27,"img":"https://fd3-photos.leclercdrive.fr/image.ashx?id=1996440&use=l&cat=p&typeid=i","cat":300576},{"id":139812,"n":"Margarine bio St Hubert Doux 56%MG - 230g","p":3.09,"u":"13,43 €/KG","img":"https://fd3-photos.leclercdrive.fr/image.ashx?id=2734132&use=l&cat=p&typeid=i","cat":315229},{"id":141162,"n":"Fond de veau Maggi 110g","p":2.38,"u":"21,64 €/KG","img":"https://fd3-photos.leclercdrive.fr/image.ashx?id=2917546&use=l&cat=p&typeid=i","cat":288379},{"id":141805,"n":"Repas Felix Tasty Purina Saumon thon 12x80g","p":5.27,"u":"5,49 €/KG","img":"https://fd3-photos.leclercdrive.fr/image.ashx?id=2478417&use=l&cat=p&typeid=i","cat":285286},{"id":141809,"n":"Friandise pour chat Dentalife Poulet - 40g","p":1.36,"u":"34,00 €/KG","img":"https://fd3-photos.leclercdrive.fr/image.ashx?id=2424716&use=l&cat=p&typeid=i","cat":285285},{"id":141810,"n":"Croquette Purina One Chat difficile  Cabillaud 1.5kg","p":6.97,"u":"4,65 €/KG","img":"https://fd3-photos.leclercdrive.fr/image.ashx?id=2477871&use=l&cat=p&typeid=i","cat":284680},{"id":141830,"n":"Thé English breakfast Pagès Bio - 36g","p":2.21,"u":"61,39 €/KG","img":"https://fd3-photos.leclercdrive.fr/image.ashx?id=2751096&use=l&cat=p&typeid=i","cat":293233},{"id":141949,"n":"Crème dessert Les 2 vaches Bio Cremeuh café - 4x95g","p":2.14,"u":"5,63 €/KG","img":"https://fd3-photos.leclercdrive.fr/image.ashx?id=2774106&use=l&cat=p&typeid=i","cat":285041},{"id":142514,"n":"Foie Gras Entier IGP Gers - Bocal - 125g","p":10.79,"u":"86,32 €/KG","img":"https://fd3-photos.leclercdrive.fr/image.ashx?id=2030306&use=l&cat=p&typeid=i","cat":305148},{"id":142522,"n":"Ananas Del Monte en morceaux - 350g","p":2.32,"u":"6,63 €/KG","img":"https://fd3-photos.leclercdrive.fr/image.ashx?id=2029403&use=l&cat=p&typeid=i","cat":284507},{"id":142600,"n":"AOP Lalande de Pomerol Château les Grands moines  75cl","p":10.83,"u":"14,44 €/L","img":"https://fd3-photos.leclercdrive.fr/image.ashx?id=2030276&use=l&cat=p&typeid=i","cat":289556},{"id":142977,"n":"Yaourts Délisse Aux fruits exotiques - 8x125g","p":2.35,"u":"2,35 €/KG","img":"https://fd3-photos.leclercdrive.fr/image.ashx?id=2595540&use=l&cat=p&typeid=i","cat":284410},{"id":142999,"n":"Cassolette saint jacques Tipiak Royale - 2x110g","p":5.44,"u":"24,73 €/KG","img":"https://fd3-photos.leclercdrive.fr/image.ashx?id=2798096&use=l&cat=p&typeid=i","cat":319775},{"id":143001,"n":"Dosettes café Plantation CLassique - x60 - 416g","p":6.1,"u":"14,66 €/KG","img":"https://fd3-photos.leclercdrive.fr/image.ashx?id=2824289&use=l&cat=p&typeid=i","cat":293238},{"id":143023,"n":"Beef-Stick Vitakraft x4 - 48g","p":2.43,"u":"50,63 €/KG","img":"https://fd3-photos.leclercdrive.fr/image.ashx?id=2857686&use=l&cat=p&typeid=i","cat":294527},{"id":143037,"n":"Toast apéro Pasquier Campagne - 100g","p":1.49,"u":"14,90 €/KG","img":"https://fd3-photos.leclercdrive.fr/image.ashx?id=2600674&use=l&cat=p&typeid=i","cat":285454},{"id":143039,"n":"Toast apéro Pasquier Brioché - 100g","p":1.49,"u":"14,90 €/KG","img":"https://fd3-photos.leclercdrive.fr/image.ashx?id=2360620&use=l&cat=p&typeid=i","cat":285454},{"id":143127,"n":"Pâté en croûte cocktail Original pur porc - 450g","p":3.94,"u":"8,76 €/KG","img":"https://fd3-photos.leclercdrive.fr/image.ashx?id=2116572&use=l&cat=p&typeid=i","cat":316008},{"id":143344,"n":"Biscottes Eco+ 90 tranches - 750g","p":2.08,"u":"2,77 €/KG","img":"https://fd3-photos.leclercdrive.fr/image.ashx?id=2662580&use=l&cat=p&typeid=i","cat":284479},{"id":143345,"n":"Biscottes Epi d'Or x108 - 900g","p":2.52,"u":"2,80 €/KG","img":"https://fd3-photos.leclercdrive.fr/image.ashx?id=2532847&use=l&cat=p&typeid=i","cat":284479},{"id":143349,"n":"Infusion detox Bio Village Bio - x20","p":1.87,"u":"62,33 €/KG","img":"https://fd3-photos.leclercdrive.fr/image.ashx?id=2672960&use=l&cat=p&typeid=i","cat":293234},{"id":143477,"n":"Dessert liégeois Viennois  Café - 4x100g","p":1.57,"u":"3,93 €/KG","img":"https://fd3-photos.leclercdrive.fr/image.ashx?id=2692110&use=l&cat=p&typeid=i","cat":285042},{"id":143489,"n":"AOP Bordeaux moelleux Haussmann - 75cl","p":5.1,"pp":3.57,"u":"4,76 €/L","img":"https://fd3-photos.leclercdrive.fr/image.ashx?id=2165215&use=l&cat=p&typeid=i","cat":289557},{"id":143504,"n":"Capsules L'Origine du Goût Guatemala Décaféiné - x10 - 52g","p":2.56,"u":"49,23 €/KG","img":"https://fd3-photos.leclercdrive.fr/image.ashx?id=2841762&use=l&cat=p&typeid=i","cat":284749},{"id":143506,"n":"IGP Ail rose de Lautrec  Nos Régions ont du Talent x3","p":4.59,"u":"1,53 €/P","img":"https://fd3-photos.leclercdrive.fr/image.ashx?id=2039599&use=l&cat=p&typeid=i","cat":284352},{"id":143528,"n":"Dessert liégeois Viennois  Panaché Chocolat Café - 8x100g","p":3.26,"u":"4,08 €/KG","img":"https://fd3-photos.leclercdrive.fr/image.ashx?id=2675298&use=l&cat=p&typeid=i","cat":285042},{"id":143602,"n":"Barres de céréales Grainéa Chocolat lait, noisette x6-126g","p":1.63,"u":"12,94 €/KG","img":"https://fd3-photos.leclercdrive.fr/image.ashx?id=2912875&use=l&cat=p&typeid=i","cat":285869},{"id":143603,"n":"Barre de céréales Grainéa Fruits rouges x6 - 126g","p":1.4,"u":"11,11 €/KG","img":"https://fd3-photos.leclercdrive.fr/image.ashx?id=2912869&use=l&cat=p&typeid=i","cat":285869},{"id":143605,"n":"Barre de céréales Chocolat au lait & coco - 126g","p":1.7,"u":"13,49 €/KG","img":"https://fd3-photos.leclercdrive.fr/image.ashx?id=2912872&use=l&cat=p&typeid=i","cat":285869},{"id":143717,"n":"Coquilles St-Jacques bretonne 50% de noix OFG - 360g","p":10.33,"u":"28,69 €/KG","img":"https://fd3-photos.leclercdrive.fr/image.ashx?id=2531898&use=l&cat=p&typeid=i","cat":319775},{"id":143741,"n":"Bloc foie gras canard Larnaudie 50% morceaux - 450g","p":40.9,"pp":26.99,"u":"59,98 €/KG","img":"https://fd3-photos.leclercdrive.fr/image.ashx?id=2915772&use=l&cat=p&typeid=i","cat":316008},{"id":143812,"n":"Tomates farcies Marie Riz à la tomate - 360g","p":4.19,"u":"11,64 €/KG","img":"https://fd3-photos.leclercdrive.fr/image.ashx?id=2317483&use=l&cat=p&typeid=i","cat":333665},{"id":144055,"n":"Tartine P'tit Déj brioché Jacquet 14 tranches - 410g","p":1.93,"u":"4,71 €/KG","img":"https://fd3-photos.leclercdrive.fr/image.ashx?id=2991852&use=l&cat=p&typeid=i","cat":284477},{"id":144075,"n":"Plateau apéritif mini nems  Au porc - 560g","p":6.19,"u":"11,05 €/KG","img":"https://fd3-photos.leclercdrive.fr/image.ashx?id=2410088&use=l&cat=p&typeid=i","cat":333673},{"id":144076,"n":"Plateau apéritif mini nems aux crevettes - 560g","p":5.89,"u":"10,52 €/KG","img":"https://fd3-photos.leclercdrive.fr/image.ashx?id=2333291&use=l&cat=p&typeid=i","cat":333673},{"id":144144,"n":"Foie gras de canard Delpeyrat Sud-Ouest Terroir - Bocal 180g","p":23.5,"pp":15.51,"u":"86,17 €/KG","img":"https://fd3-photos.leclercdrive.fr/image.ashx?id=2905282&use=l&cat=p&typeid=i","cat":316008},{"id":144188,"n":"Bloc foie gras Delpeyrat Sud-ouest 30% morceaux 300g","p":23.5,"pp":15.51,"u":"51,70 €/KG","img":"https://fd3-photos.leclercdrive.fr/image.ashx?id=2905288&use=l&cat=p&typeid=i","cat":316008},{"id":144237,"n":"Petits pains figues Labeyrie x25 - 100g","p":2.97,"u":"29,70 €/KG","img":"https://fd3-photos.leclercdrive.fr/image.ashx?id=2923504&use=l&cat=p&typeid=i","cat":316008},{"id":144367,"n":"Copeaux savon Marseille  UNI VERT - 750g","p":3.9,"u":"5,20 €/KG","img":"https://fd3-photos.leclercdrive.fr/image.ashx?id=2574470&use=l&cat=p&typeid=i","cat":325365},{"id":144376,"n":"Spray désinfectant Lysol Frais - 400ml","p":4.25,"u":"10,63 €/L","img":"https://fd3-photos.leclercdrive.fr/image.ashx?id=2190305&use=l&cat=p&typeid=i","cat":325357},{"id":144422,"n":"Lot toast ronds Jacquet Nature - 2x250g","p":2.74,"u":"5,48 €/KG","img":"https://fd3-photos.leclercdrive.fr/image.ashx?id=2741343&use=l&cat=p&typeid=i","cat":285454},{"id":144423,"n":"Lot toast ronds Jacquet Foie gras - 500g","p":2.74,"u":"5,48 €/KG","img":"https://fd3-photos.leclercdrive.fr/image.ashx?id=2741346&use=l&cat=p&typeid=i","cat":285454},{"id":144475,"n":"Compote Charles & Alice Pommes - 8x100g","p":2.71,"u":"3,39 €/KG","img":"https://fd3-photos.leclercdrive.fr/image.ashx?id=2757689&use=l&cat=p&typeid=i","cat":284416},{"id":144659,"n":"Rillettes thon MSC Cap Océan Piment d'espelette - 140g","p":1.88,"u":"13,43 €/KG","img":"https://fd3-photos.leclercdrive.fr/image.ashx?id=2938770&use=l&cat=p&typeid=i","cat":285191},{"id":144714,"n":"Chorizo de dinde Fleury Michon Halal - 100g","p":3.37,"u":"33,70 €/KG","img":"https://fd3-photos.leclercdrive.fr/image.ashx?id=2938707&use=l&cat=p&typeid=i","cat":316013},{"id":144729,"n":"Lardons fumés Merle 500g","p":4.47,"u":"8,94 €/KG","img":"https://fd3-photos.leclercdrive.fr/image.ashx?id=2043167&use=l&cat=p&typeid=i","cat":316011},{"id":144773,"n":"Yaourt ferments lactiques Alsa 4 sachets - 8g","p":3.04,"u":"380,00 €/KG","img":"https://fd3-photos.leclercdrive.fr/image.ashx?id=2813875&use=l&cat=p&typeid=i","cat":284505},{"id":144779,"n":"Pizza XXL Fromage - 520g","p":3.71,"u":"7,13 €/KG","img":"https://fd3-photos.leclercdrive.fr/image.ashx?id=2034944&use=l&cat=p&typeid=i","cat":333679},{"id":144781,"n":"Pizza XXL Turini Boeuf Cheddar - 530g","p":4.19,"u":"7,91 €/KG","img":"https://fd3-photos.leclercdrive.fr/image.ashx?id=2905934&use=l&cat=p&typeid=i","cat":333679},{"id":144784,"n":"Pizza XXL Turini Jambon Fromage - 550g","p":3.79,"u":"6,89 €/KG","img":"https://fd3-photos.leclercdrive.fr/image.ashx?id=2905937&use=l&cat=p&typeid=i","cat":333679},{"id":144834,"n":"Dosettes café Plantation  Corsé - x60 - 417g","p":5.79,"u":"13,88 €/KG","img":"https://fd3-photos.leclercdrive.fr/image.ashx?id=2824292&use=l&cat=p&typeid=i","cat":293238},{"id":144865,"n":"Bière La Goudale IPA 7.2% - 75cl","p":4.17,"u":"5,56 €/L","img":"https://fd3-photos.leclercdrive.fr/image.ashx?id=2892589&use=l&cat=p&typeid=i","cat":334872},{"id":144920,"n":"AOC Bordeaux rouge Roumaguet - 75cl","p":5.8,"u":"7,73 €/L","img":"https://fd3-photos.leclercdrive.fr/image.ashx?id=2370104&use=l&cat=p&typeid=i","cat":289556},{"id":144923,"n":"AOP Bordeaux blanc Roumaguet - 75cl","p":5.8,"u":"7,73 €/L","img":"https://fd3-photos.leclercdrive.fr/image.ashx?id=2370107&use=l&cat=p&typeid=i","cat":289557},{"id":144924,"n":"Rôti de porc Fleury Michon Sans nitrite - x2 - 90g","p":2.28,"u":"25,33 €/KG","img":"https://fd3-photos.leclercdrive.fr/image.ashx?id=2334584&use=l&cat=p&typeid=i","cat":316009},{"id":144953,"n":"Gateau au fromage blanc Nature - Saint Amour - 350g","p":3.17,"u":"9,06 €/KG","img":"https://fd3-photos.leclercdrive.fr/image.ashx?id=2711271&use=l&cat=p&typeid=i","cat":284419},{"id":144960,"n":"Fromage blanc vanille Saint-amour - 300g","p":2.88,"u":"9,60 €/KG","img":"https://fd3-photos.leclercdrive.fr/image.ashx?id=2432478&use=l&cat=p&typeid=i","cat":284419},{"id":145041,"n":"Dattes Couleurs Vives Moelleuses - 250g","p":1.99,"u":"7,96 €/KG","img":"https://fd3-photos.leclercdrive.fr/image.ashx?id=2543938&use=l&cat=p&typeid=i","cat":284357},{"id":145115,"n":"Anti-moustiques Labo Marie Rose Répulsif & apaisant 6h - 100ml","p":5.07,"u":"50,70 €/L","img":"https://fd3-photos.leclercdrive.fr/image.ashx?id=2666743&use=l&cat=p&typeid=i","cat":299654},{"id":145117,"n":"Coupe-ongles Mercurochrome 1 pièce","p":3.8,"img":"https://fd3-photos.leclercdrive.fr/image.ashx?id=2665616&use=l&cat=p&typeid=i","cat":325354},{"id":145120,"n":"Préservatifs Classic Lubrifiés - x14","p":4.64,"img":"https://fd3-photos.leclercdrive.fr/image.ashx?id=2848704&use=l&cat=p&typeid=i","cat":284631},{"id":145121,"n":"Préservatifs Classic Intimy Lubrifiés - x28","p":9.0,"u":"0,32 €/P","img":"https://fd3-photos.leclercdrive.fr/image.ashx?id=2927324&use=l&cat=p&typeid=i","cat":284631},{"id":145185,"n":"Pommes de terre Raclette micro-ondable - 500g","p":1.99,"u":"3,98 €/KG","img":"https://fd3-photos.leclercdrive.fr/image.ashx?id=2040149&use=l&cat=p&typeid=i","cat":284352},{"id":145200,"n":"Chapelure Bloch 250g","p":1.44,"u":"5,76 €/KG","img":"https://fd3-photos.leclercdrive.fr/image.ashx?id=2041816&use=l&cat=p&typeid=i","cat":288382},{"id":145209,"n":"Pomme de terre grenailles bio Bio Village - 750g","p":1.99,"u":"2,65 €/KG","img":"https://fd3-photos.leclercdrive.fr/image.ashx?id=2960574&use=l&cat=p&typeid=i","cat":284352},{"id":145227,"n":"Shampooing Marie Rose Anti-poux & Lentes  - 125ml","p":5.27,"u":"42,16 €/L","img":"https://fd3-photos.leclercdrive.fr/image.ashx?id=2689523&use=l&cat=p&typeid=i","cat":299654},{"id":145246,"n":"Pansement liquide Mercurochrome Petites coupures - 1 pièce","p":7.27,"img":"https://fd3-photos.leclercdrive.fr/image.ashx?id=2663971&use=l&cat=p&typeid=i","cat":284630},{"id":145250,"n":"Patchs chauffants Mercurochrome Décontractants grand format -x2","p":8.27,"u":"4,14 €/P","img":"https://fd3-photos.leclercdrive.fr/image.ashx?id=2923663&use=l&cat=p&typeid=i","cat":284630},{"id":145252,"n":"Tests grossesse Mercurochrome x3","p":10.27,"u":"3,42 €/P","img":"https://fd3-photos.leclercdrive.fr/image.ashx?id=2036533&use=l&cat=p&typeid=i","cat":324482},{"id":145255,"n":"Ciseaux à ongles Mercurochrome 1 pièce","p":3.17,"img":"https://fd3-photos.leclercdrive.fr/image.ashx?id=2788493&use=l&cat=p&typeid=i","cat":325354},{"id":145269,"n":"Feuilletés Tomate Mozzarella Côté Table - 2x130g","p":2.89,"u":"11,12 €/KG","img":"https://fd3-photos.leclercdrive.fr/image.ashx?id=2036278&use=l&cat=p&typeid=i","cat":333671},{"id":145349,"n":"Purée Douceur du Verger Pomme banane - x4 - 400g","p":1.41,"u":"3,53 €/KG","img":"https://fd3-photos.leclercdrive.fr/image.ashx?id=2036728&use=l&cat=p&typeid=i","cat":284416},{"id":145355,"n":"Purée Douceur du Verger Pomme fraise - x4 - 400g","p":1.3,"u":"3,25 €/KG","img":"https://fd3-photos.leclercdrive.fr/image.ashx?id=2036806&use=l&cat=p&typeid=i","cat":284416},{"id":145366,"n":"Rapé 3 fromages Bio Village Bio - 200g","p":2.59,"u":"12,95 €/KG","img":"https://fd3-photos.leclercdrive.fr/image.ashx?id=2036821&use=l&cat=p&typeid=i","cat":314035},{"id":145409,"n":"Noisettes Bio Village Bio Décortiquées - 125g","p":2.36,"u":"18,88 €/KG","img":"https://fd3-photos.leclercdrive.fr/image.ashx?id=2036865&use=l&cat=p&typeid=i","cat":284357},{"id":145410,"n":"Amandes grillées Couleurs Vives Décortiquées - non salé - 250g","p":3.47,"u":"13,88 €/KG","img":"https://fd3-photos.leclercdrive.fr/image.ashx?id=2542929&use=l&cat=p&typeid=i","cat":284357},{"id":145411,"n":"Filet de cabillaud Pêche Océan MSC - x4 - 400g","p":7.89,"u":"19,73 €/KG","img":"https://fd3-photos.leclercdrive.fr/image.ashx?id=2930129&use=l&cat=p&typeid=i","cat":319786},{"id":145500,"n":"Chips extra croquante Vico 150g","p":1.1,"u":"7,33 €/KG","img":"https://fd3-photos.leclercdrive.fr/image.ashx?id=2917822&use=l&cat=p&typeid=i","cat":284447},{"id":145516,"n":"Gourde bébé bio Bio Village Pomme poire vanille - 4x90g","p":2.79,"u":"7,75 €/KG","img":"https://fd3-photos.leclercdrive.fr/image.ashx?id=2704867&use=l&cat=p&typeid=i","cat":312393},{"id":145556,"n":"Crêpes Whaou Chocolat cracky - x15 - 480g","p":4.17,"u":"8,69 €/KG","img":"https://fd3-photos.leclercdrive.fr/image.ashx?id=2971032&use=l&cat=p&typeid=i","cat":284494},{"id":145559,"n":"Fond de volaille Maggi 110g","p":2.38,"u":"21,64 €/KG","img":"https://fd3-photos.leclercdrive.fr/image.ashx?id=2917549&use=l&cat=p&typeid=i","cat":288379},{"id":145560,"n":"Frites rustique Pom'lisse 600g","p":1.99,"u":"3,32 €/KG","img":"https://fd3-photos.leclercdrive.fr/image.ashx?id=2770690&use=l&cat=p&typeid=i","cat":319791},{"id":145563,"n":"Sirop d'érable bio Bio Village 250g","p":4.15,"u":"16,60 €/KG","img":"https://fd3-photos.leclercdrive.fr/image.ashx?id=2037860&use=l&cat=p&typeid=i","cat":287643},{"id":145598,"n":"Gourde bébé bio Bio Village Pomme Banane Myrtille - 4x90g","p":2.79,"u":"7,75 €/KG","img":"https://fd3-photos.leclercdrive.fr/image.ashx?id=2878759&use=l&cat=p&typeid=i","cat":312393},{"id":145881,"n":"Coulis de tomate NRT De Provence - 400g","p":1.31,"u":"3,28 €/KG","img":"https://fd3-photos.leclercdrive.fr/image.ashx?id=2840001&use=l&cat=p&typeid=i","cat":288384},{"id":145884,"n":"Mogette cuite au naturel NRT De Vendée - 265g","p":1.69,"u":"6,38 €/KG","img":"https://fd3-photos.leclercdrive.fr/image.ashx?id=2771426&use=l&cat=p&typeid=i","cat":312606},{"id":145901,"n":"Film fraîcheur Albal Découpe Facile - 20m","p":1.99,"img":"https://fd3-photos.leclercdrive.fr/image.ashx?id=2551456&use=l&cat=p&typeid=i","cat":334134},{"id":145940,"n":"Torti au surimi Menu Fraicheur 500g","p":2.39,"u":"4,78 €/KG","img":"https://fd3-photos.leclercdrive.fr/image.ashx?id=2965527&use=l&cat=p&typeid=i","cat":333657},{"id":145948,"n":"Yaourt brassés Délisse Fruits saison - 8x125g","p":2.75,"u":"2,75 €/KG","img":"https://fd3-photos.leclercdrive.fr/image.ashx?id=2995658&use=l&cat=p&typeid=i","cat":284410},{"id":145950,"n":"AOC Vin blanc Gewurztraminer Albert Schoech - 75cl","p":7.58,"u":"10,11 €/L","img":"https://fd3-photos.leclercdrive.fr/image.ashx?id=2042133&use=l&cat=p&typeid=i","cat":289557},{"id":146060,"n":"Gazpacho L'Original Alvalle 1L","p":3.56,"u":"3,56 €/L","img":"https://fd3-photos.leclercdrive.fr/image.ashx?id=2672047&use=l&cat=p&typeid=i","cat":284355},{"id":146127,"n":"Sauce Bourgyburger Colona tube 500ml","p":3.32,"u":"6,64 €/L","img":"https://fd3-photos.leclercdrive.fr/image.ashx?id=2179049&use=l&cat=p&typeid=i","cat":318431},{"id":146130,"n":"AOP Muscadet Sèvre et Maine Sur Lie blanc Plessis Duval - 75 cl","p":5.03,"u":"6,71 €/L","img":"https://fd3-photos.leclercdrive.fr/image.ashx?id=2941044&use=l&cat=p&typeid=i","cat":289557},{"id":146366,"n":"Quiche Lorraine Marie Pur beurre - 400g","p":3.53,"u":"8,83 €/KG","img":"https://fd3-photos.leclercdrive.fr/image.ashx?id=2996674&use=l&cat=p&typeid=i","cat":284257},{"id":146378,"n":"Plateau apéritif mini nems Au poulet - 560g","p":5.89,"u":"10,52 €/KG","img":"https://fd3-photos.leclercdrive.fr/image.ashx?id=2042848&use=l&cat=p&typeid=i","cat":333673},{"id":146397,"n":"Infusion Les 2 Marmottes Fée Nuit - 50g","p":5.04,"u":"100,80 €/KG","img":"https://fd3-photos.leclercdrive.fr/image.ashx?id=2833603&use=l&cat=p&typeid=i","cat":293234},{"id":146412,"n":"Infusion bio Jardin Bio Digestion légère x20 - 30g","p":2.13,"u":"71,00 €/KG","img":"https://fd3-photos.leclercdrive.fr/image.ashx?id=2792603&use=l&cat=p&typeid=i","cat":293234},{"id":146413,"n":"Infusion bio Jardin Bio Détente sommeil x20 - 30g","p":2.6,"u":"86,67 €/KG","img":"https://fd3-photos.leclercdrive.fr/image.ashx?id=3011449&use=l&cat=p&typeid=i","cat":293234},{"id":146414,"n":"Infusion bio Jardin Bio Nuits paisibles x20 - 30g","p":2.37,"u":"79,00 €/KG","img":"https://fd3-photos.leclercdrive.fr/image.ashx?id=2792612&use=l&cat=p&typeid=i","cat":293234},{"id":146415,"n":"Infusion Jardin Bio Bio digestion - x20 - 30g","p":2.78,"u":"92,67 €/KG","img":"https://fd3-photos.leclercdrive.fr/image.ashx?id=2792615&use=l&cat=p&typeid=i","cat":293234},{"id":146417,"n":"Infusion Jardin Bio Bio Thym citron - 30g - x20","p":2.37,"u":"79,00 €/KG","img":"https://fd3-photos.leclercdrive.fr/image.ashx?id=2792621&use=l&cat=p&typeid=i","cat":293234},{"id":146418,"n":"Infusion Jardin Bio Bio ventre plat - x20 - 30g","p":2.13,"u":"71,00 €/KG","img":"https://fd3-photos.leclercdrive.fr/image.ashx?id=2986564&use=l&cat=p&typeid=i","cat":293234},{"id":146419,"n":"Infusion Jardin Bio Bio bruleur de graisse x20 -30g","p":2.01,"u":"67,00 €/KG","img":"https://fd3-photos.leclercdrive.fr/image.ashx?id=2968322&use=l&cat=p&typeid=i","cat":293234},{"id":146421,"n":"Infusion Jardin Bio Bio detox - x20 - 30g","p":2.37,"u":"79,00 €/KG","img":"https://fd3-photos.leclercdrive.fr/image.ashx?id=2792630&use=l&cat=p&typeid=i","cat":293234},{"id":146422,"n":"Thé vert Jardin Bio Bio minceur - x20 - 30g","p":2.7,"u":"90,00 €/KG","img":"https://fd3-photos.leclercdrive.fr/image.ashx?id=2948066&use=l&cat=p&typeid=i","cat":293233},{"id":146425,"n":"Thé Jardin Bio Bio détox - x20 - 30g","p":2.37,"u":"79,00 €/KG","img":"https://fd3-photos.leclercdrive.fr/image.ashx?id=2578205&use=l&cat=p&typeid=i","cat":293233},{"id":146426,"n":"Thé vert bio Jardin Bio Gingembre citron vert x20 - 30g","p":2.58,"u":"86,00 €/KG","img":"https://fd3-photos.leclercdrive.fr/image.ashx?id=3011452&use=l&cat=p&typeid=i","cat":293233},{"id":146723,"n":"AOP Côtes du Rhône vin rouge Domaine de la Chênaie - 75cl","p":4.17,"u":"5,56 €/L","img":"https://fd3-photos.leclercdrive.fr/image.ashx?id=2049793&use=l&cat=p&typeid=i","cat":289556},{"id":146739,"n":"Maïs Bonduelle Sans Résidu Pesticides - 3x140g","p":2.34,"u":"5,57 €/KG","img":"https://fd3-photos.leclercdrive.fr/image.ashx?id=2913133&use=l&cat=p&typeid=i","cat":312611},{"id":146886,"n":"Gourde bébé bio Bio Village Semoule Vanille - 4x85g","p":3.03,"u":"8,91 €/KG","img":"https://fd3-photos.leclercdrive.fr/image.ashx?id=2704864&use=l&cat=p&typeid=i","cat":312393},{"id":146890,"n":"Gourde bébé bio Bio Village Pomme abricot - 4x90g","p":2.79,"u":"7,75 €/KG","img":"https://fd3-photos.leclercdrive.fr/image.ashx?id=2704876&use=l&cat=p&typeid=i","cat":312393},{"id":146891,"n":"Gourde bébé bio Bio Village Pomme biscuit - 4x90g","p":2.79,"u":"7,75 €/KG","img":"https://fd3-photos.leclercdrive.fr/image.ashx?id=2704873&use=l&cat=p&typeid=i","cat":312393},{"id":146894,"n":"Gourde bébé bio Bio Village Semoule cacao - 4x85g","p":3.02,"u":"8,88 €/KG","img":"https://fd3-photos.leclercdrive.fr/image.ashx?id=2704861&use=l&cat=p&typeid=i","cat":312393},{"id":146916,"n":"Préparation alsa Crème Pâtissière - 390g","p":2.96,"u":"7,59 €/KG","img":"https://fd3-photos.leclercdrive.fr/image.ashx?id=3007990&use=l&cat=p&typeid=i","cat":284505},{"id":146929,"n":"Piles rechargeables Duracell 750mAH AAA/LR03 - x4","p":13.99,"u":"3,50 €/P","img":"https://fd3-photos.leclercdrive.fr/image.ashx?id=2429488&use=l&cat=p&typeid=i","cat":300572},{"id":146930,"n":"Piles rechargeabls Duracell 130mAH AA/LR06 - x4","p":13.99,"u":"3,50 €/P","img":"https://fd3-photos.leclercdrive.fr/image.ashx?id=2862830&use=l&cat=p&typeid=i","cat":300572},{"id":146954,"n":"Pizza la moelleuse Burger - 625g","p":3.94,"u":"6,30 €/KG","img":"https://fd3-photos.leclercdrive.fr/image.ashx?id=2816594&use=l&cat=p&typeid=i","cat":284256},{"id":147002,"n":"Feuilleté de Mousse La Laitière Chocolat - 4x57g","p":1.7,"u":"7,46 €/KG","img":"https://fd3-photos.leclercdrive.fr/image.ashx?id=2858594&use=l&cat=p&typeid=i","cat":284417},{"id":147003,"n":"Feuilleté de Mousse La Laitière Vanille - 4x57g","p":1.91,"u":"8,38 €/KG","img":"https://fd3-photos.leclercdrive.fr/image.ashx?id=2764511&use=l&cat=p&typeid=i","cat":284417},{"id":147009,"n":"Chewing-gum Mentos Pure Fresh  Fraise sans sucres - 100g","p":3.27,"u":"32,70 €/KG","img":"https://fd3-photos.leclercdrive.fr/image.ashx?id=2659804&use=l&cat=p&typeid=i","cat":304251},{"id":147024,"n":"Raviolis farcis Ajinomoto Gyoza poulet légumes - 400g","p":5.97,"u":"14,93 €/KG","img":"https://fd3-photos.leclercdrive.fr/image.ashx?id=2590294&use=l&cat=p&typeid=i","cat":284254},{"id":147045,"n":"Farine de blé pâtissière Bio Naturaline - 1kg","p":2.31,"u":"2,31 €/KG","img":"https://fd3-photos.leclercdrive.fr/image.ashx?id=2295010&use=l&cat=p&typeid=i","cat":288382},{"id":147046,"n":"Flocons d'avoine baby Bio Naturaline - 500g","p":2.48,"u":"4,96 €/KG","img":"https://fd3-photos.leclercdrive.fr/image.ashx?id=2504992&use=l&cat=p&typeid=i","cat":309512},{"id":147048,"n":"Quinoa Bio Naturaline 500g","p":4.99,"u":"9,98 €/KG","img":"https://fd3-photos.leclercdrive.fr/image.ashx?id=2295037&use=l&cat=p&typeid=i","cat":284429},{"id":147049,"n":"Lentilles vertes bio Naturaline - 500g","p":3.56,"u":"7,12 €/KG","img":"https://fd3-photos.leclercdrive.fr/image.ashx?id=2504998&use=l&cat=p&typeid=i","cat":312609},{"id":147050,"n":"Gressin au sésame bio Naturaline - 125g","p":1.46,"u":"11,68 €/KG","img":"https://fd3-photos.leclercdrive.fr/image.ashx?id=2344816&use=l&cat=p&typeid=i","cat":297000},{"id":147054,"n":"Bretzels d'épeautre bio à l'huile d'olive - 150g","p":1.33,"u":"8,87 €/KG","img":"https://fd3-photos.leclercdrive.fr/image.ashx?id=2295040&use=l&cat=p&typeid=i","cat":297000},{"id":147055,"n":"Sachet party mix Boehli 400g","p":2.17,"u":"5,43 €/KG","img":"https://fd3-photos.leclercdrive.fr/image.ashx?id=2462538&use=l&cat=p&typeid=i","cat":297000},{"id":147058,"n":"Sachet bretzels d'Alsace Boehli 200g","p":1.0,"u":"5,00 €/KG","img":"https://fd3-photos.leclercdrive.fr/image.ashx?id=2462307&use=l&cat=p&typeid=i","cat":297000},{"id":147067,"n":"Gyoza Boeuf et Légumes Ajinomoto - 212g","p":3.57,"u":"16,84 €/KG","img":"https://fd3-photos.leclercdrive.fr/image.ashx?id=2590628&use=l&cat=p&typeid=i","cat":319774},{"id":147076,"n":"Bouillon Cube Maggi Volaille - 80g","p":1.03,"u":"12,88 €/KG","img":"https://fd3-photos.leclercdrive.fr/image.ashx?id=2737036&use=l&cat=p&typeid=i","cat":288379},{"id":147081,"n":"AOC Pinot gris Vin blanc Cattin Frères Médaillé - 75cl","p":5.7,"u":"7,60 €/L","img":"https://fd3-photos.leclercdrive.fr/image.ashx?id=2365171&use=l&cat=p&typeid=i","cat":289557},{"id":147107,"n":"Purée de fruits Charles & Alice Fruits Panaché - 12x100g","p":3.81,"u":"3,18 €/KG","img":"https://fd3-photos.leclercdrive.fr/image.ashx?id=2908051&use=l&cat=p&typeid=i","cat":284416},{"id":147121,"n":"Grande galette La Mère Poulard x3 - 405g","p":3.27,"u":"8,07 €/KG","img":"https://fd3-photos.leclercdrive.fr/image.ashx?id=2552176&use=l&cat=p&typeid=i","cat":284487},{"id":147127,"n":"Spray dégraissant Clair Savon noir - 750ml","p":2.05,"u":"2,73 €/L","img":"https://fd3-photos.leclercdrive.fr/image.ashx?id=2840389&use=l&cat=p&typeid=i","cat":325357},{"id":147128,"n":"Coton carré Bio Bionaïa x80","p":2.99,"u":"0,04 €/P","img":"https://fd3-photos.leclercdrive.fr/image.ashx?id=2558832&use=l&cat=p&typeid=i","cat":285593},{"id":147141,"n":"Xtrem Box Sodebo Radiatori Lardons Raclette 400g","p":4.23,"u":"10,58 €/KG","img":"https://fd3-photos.leclercdrive.fr/image.ashx?id=2631594&use=l&cat=p&typeid=i","cat":334983},{"id":147200,"n":"Escargot de Bourgogne surgelé L'origine du goût x24 - 220g","p":17.27,"u":"78,50 €/KG","img":"https://fd3-photos.leclercdrive.fr/image.ashx?id=2809882&use=l&cat=p&typeid=i","cat":319775},{"id":147224,"n":"Capsules Nescafé Dolce Gusto  Espresso - x30","p":7.63,"u":"46,24 €/KG","img":"https://fd3-photos.leclercdrive.fr/image.ashx?id=2737105&use=l&cat=p&typeid=i","cat":293239},{"id":147237,"n":"Compote Douceur du Verger    Bocal pomme morceaux - 730g","p":1.74,"u":"2,38 €/KG","img":"https://fd3-photos.leclercdrive.fr/image.ashx?id=2663563&use=l&cat=p&typeid=i","cat":284508},{"id":147241,"n":"Dessert pommes citrons NRT 570g","p":3.55,"u":"6,23 €/KG","img":"https://fd3-photos.leclercdrive.fr/image.ashx?id=2840007&use=l&cat=p&typeid=i","cat":284508},{"id":147243,"n":"Dessert rhubarbe et pommes NRT 570g","p":3.55,"u":"6,23 €/KG","img":"https://fd3-photos.leclercdrive.fr/image.ashx?id=2840010&use=l&cat=p&typeid=i","cat":284508},{"id":147244,"n":"Dessert kiwi et pommes NRT 570g","p":3.55,"u":"6,23 €/KG","img":"https://fd3-photos.leclercdrive.fr/image.ashx?id=2840013&use=l&cat=p&typeid=i","cat":284508},{"id":147246,"n":"Bonbons au miel NRT De Vendée - 200g","p":2.6,"u":"13,00 €/KG","img":"https://fd3-photos.leclercdrive.fr/image.ashx?id=2771423&use=l&cat=p&typeid=i","cat":304252},{"id":147248,"n":"Muesli  Grainea chocolat Noisette 350g","p":2.84,"u":"8,11 €/KG","img":"https://fd3-photos.leclercdrive.fr/image.ashx?id=2077358&use=l&cat=p&typeid=i","cat":309512},{"id":147250,"n":"Préparation Flan Entremets alsa Vanille - 192g","p":1.41,"u":"7,34 €/KG","img":"https://fd3-photos.leclercdrive.fr/image.ashx?id=2805117&use=l&cat=p&typeid=i","cat":284504},{"id":147254,"n":"Confiture Eco+ Fraise - 450g","p":1.14,"u":"2,53 €/KG","img":"https://fd3-photos.leclercdrive.fr/image.ashx?id=2953200&use=l&cat=p&typeid=i","cat":284480},{"id":147255,"n":"Confiture Eco+ Abricot - 450g","p":1.23,"u":"2,73 €/KG","img":"https://fd3-photos.leclercdrive.fr/image.ashx?id=2953203&use=l&cat=p&typeid=i","cat":284480},{"id":147262,"n":"Edulcorant Purevia Spécial Pâtisserie - 380g","p":4.49,"u":"11,82 €/KG","img":"https://fd3-photos.leclercdrive.fr/image.ashx?id=2417306&use=l&cat=p&typeid=i","cat":324846},{"id":147266,"n":"Galettes lentilles corail Bio Hari&Co x2 - 170g","p":3.63,"u":"21,35 €/KG","img":"https://fd3-photos.leclercdrive.fr/image.ashx?id=2903599&use=l&cat=p&typeid=i","cat":316036},{"id":147268,"n":"Croquettes Plénima Petit chien sans céréales 2kg","p":6.15,"u":"3,08 €/KG","img":"https://fd3-photos.leclercdrive.fr/image.ashx?id=2047097&use=l&cat=p&typeid=i","cat":294526},{"id":147279,"n":"Croquettes Plénima Sans céréales - 2kg","p":6.0,"u":"3,00 €/KG","img":"https://fd3-photos.leclercdrive.fr/image.ashx?id=2047100&use=l&cat=p&typeid=i","cat":284672},{"id":147286,"n":"Croquette pour chat Plénima Poulet - 600g","p":2.45,"u":"4,08 €/KG","img":"https://fd3-photos.leclercdrive.fr/image.ashx?id=2047114&use=l&cat=p&typeid=i","cat":284680},{"id":147295,"n":"Croquette chat Plénima Saumon - Stérilisé 600g","p":2.45,"u":"4,08 €/KG","img":"https://fd3-photos.leclercdrive.fr/image.ashx?id=2047120&use=l&cat=p&typeid=i","cat":284680},{"id":147296,"n":"Gourde Bio Village - 6 mois Bio - 6x90g","p":4.39,"u":"8,13 €/KG","img":"https://fd3-photos.leclercdrive.fr/image.ashx?id=2704879&use=l&cat=p&typeid=i","cat":312393},{"id":147420,"n":"Knacks d'Alsace  L'Atelier Charcuterie - 300g","p":3.8,"u":"12,67 €/KG","img":"https://fd3-photos.leclercdrive.fr/image.ashx?id=2989772&use=l&cat=p&typeid=i","cat":316012},{"id":147421,"n":"Saucisse de Morteau à cuire L'Atelier Charcuterie - 350g","p":5.89,"u":"16,83 €/KG","img":"https://fd3-photos.leclercdrive.fr/image.ashx?id=2068076&use=l&cat=p&typeid=i","cat":316012},{"id":147422,"n":"Bière Brewdog Punk IPA 33cl","p":2.43,"u":"7,36 €/L","img":"https://fd3-photos.leclercdrive.fr/image.ashx?id=2941859&use=l&cat=p&typeid=i","cat":334872},{"id":147424,"n":"Saucisse de Montbéliard à cuire L'Atelier Charcuterie - 2x150g","p":4.49,"u":"14,97 €/KG","img":"https://fd3-photos.leclercdrive.fr/image.ashx?id=2069973&use=l&cat=p&typeid=i","cat":316012},{"id":147427,"n":"Yaourt à la grecque Yaos Caramel au beurre salé - 4x125g","p":2.28,"u":"4,56 €/KG","img":"https://fd3-photos.leclercdrive.fr/image.ashx?id=2614939&use=l&cat=p&typeid=i","cat":314999},{"id":147431,"n":"Yaourt à la grecque YAOS Nature lit de framboises 4x125g","p":2.28,"u":"4,56 €/KG","img":"https://fd3-photos.leclercdrive.fr/image.ashx?id=2654575&use=l&cat=p&typeid=i","cat":314999},{"id":147438,"n":"Tablette chocolat Milka Chocolat au lait - 5x100g","p":7.31,"u":"14,62 €/KG","img":"https://fd3-photos.leclercdrive.fr/image.ashx?id=2955203&use=l&cat=p&typeid=i","cat":284497},{"id":147442,"n":"Pochons Tous mes amis Sauce viande - 12x100g","p":3.65,"u":"3,04 €/KG","img":"https://fd3-photos.leclercdrive.fr/image.ashx?id=2054993&use=l&cat=p&typeid=i","cat":288578},{"id":147443,"n":"Stick torsades Tous mes amis x4 - 70g","p":0.72,"u":"10,29 €/KG","img":"https://fd3-photos.leclercdrive.fr/image.ashx?id=2361733&use=l&cat=p&typeid=i","cat":294527},{"id":147444,"n":"Snack récompense Tous mes amis Fromage boeuf - 140g","p":1.39,"u":"9,93 €/KG","img":"https://fd3-photos.leclercdrive.fr/image.ashx?id=2345565&use=l&cat=p&typeid=i","cat":294527},{"id":147449,"n":"Granola Grainea Chocolat noir amandes - 350g","p":2.75,"u":"7,86 €/KG","img":"https://fd3-photos.leclercdrive.fr/image.ashx?id=2611949&use=l&cat=p&typeid=i","cat":309512},{"id":147454,"n":"Granola Grainea 350g","p":2.64,"u":"7,54 €/KG","img":"https://fd3-photos.leclercdrive.fr/image.ashx?id=2568340&use=l&cat=p&typeid=i","cat":309512},{"id":147455,"n":"Capsules café Plantation Décaféiné n°5 - x30 - 156g","p":5.19,"u":"33,27 €/KG","img":"https://fd3-photos.leclercdrive.fr/image.ashx?id=2874741&use=l&cat=p&typeid=i","cat":284749},{"id":147456,"n":"Capsules café Plantation Ristretto n°12 - x30 - 156g","p":5.19,"u":"33,27 €/KG","img":"https://fd3-photos.leclercdrive.fr/image.ashx?id=2867263&use=l&cat=p&typeid=i","cat":284749},{"id":147464,"n":"Infusion bien-être Jardin Bio Bio x20 - 28g","p":2.13,"u":"76,07 €/KG","img":"https://fd3-photos.leclercdrive.fr/image.ashx?id=2792606&use=l&cat=p&typeid=i","cat":293234},{"id":147465,"n":"Infusion Jardin Bio Bio calme & Sérénité x20 - 30g","p":2.77,"u":"92,33 €/KG","img":"https://fd3-photos.leclercdrive.fr/image.ashx?id=2792618&use=l&cat=p&typeid=i","cat":293234},{"id":147468,"n":"Jus de citron Jardin Bio Bio - 25cl","p":1.98,"u":"7,92 €/L","img":"https://fd3-photos.leclercdrive.fr/image.ashx?id=3015317&use=l&cat=p&typeid=i","cat":288383},{"id":147474,"n":"Coupe ongles Primoplast 1 pièce","p":2.0,"img":"https://fd3-photos.leclercdrive.fr/image.ashx?id=2833008&use=l&cat=p&typeid=i","cat":325354},{"id":147487,"n":"Noix de Pécan grillée sans sel Daco Bello 125g","p":4.12,"u":"32,96 €/KG","img":"https://fd3-photos.leclercdrive.fr/image.ashx?id=2298553&use=l&cat=p&typeid=i","cat":284448},{"id":147517,"n":"Merlu & riz D'Aucy Sauce beurre blanc - 300g","p":2.97,"u":"9,90 €/KG","img":"https://fd3-photos.leclercdrive.fr/image.ashx?id=2103184&use=l&cat=p&typeid=i","cat":284953},{"id":147523,"n":"Gel douche Bionaïa Framboise orange bio - 250ml","p":1.43,"u":"5,72 €/L","img":"https://fd3-photos.leclercdrive.fr/image.ashx?id=2538137&use=l&cat=p&typeid=i","cat":284594},{"id":147524,"n":"Gel douche Bionaïa Miel fleur d'oranger bio -250ml","p":1.43,"u":"5,72 €/L","img":"https://fd3-photos.leclercdrive.fr/image.ashx?id=2512487&use=l&cat=p&typeid=i","cat":284594},{"id":147525,"n":"Huile bio Bio naïa Jojoba - 50ml","p":4.57,"u":"91,40 €/L","img":"https://fd3-photos.leclercdrive.fr/image.ashx?id=2436711&use=l&cat=p&typeid=i","cat":325349},{"id":147526,"n":"Huile bio Bio naïa Argan - 50ml","p":4.75,"u":"95,00 €/L","img":"https://fd3-photos.leclercdrive.fr/image.ashx?id=2436714&use=l&cat=p&typeid=i","cat":325349},{"id":147527,"n":"Huile bio Bio naïa Ricin - 50ml","p":3.99,"u":"79,80 €/L","img":"https://fd3-photos.leclercdrive.fr/image.ashx?id=2929885&use=l&cat=p&typeid=i","cat":325349},{"id":147528,"n":"Huile bio Bio naïa Amande douce - 50ml","p":3.79,"u":"75,80 €/L","img":"https://fd3-photos.leclercdrive.fr/image.ashx?id=2436720&use=l&cat=p&typeid=i","cat":325349},{"id":147529,"n":"Blocs WC Eco + Parfum pin - 3x40g","p":1.17,"u":"9,75 €/KG","img":"https://fd3-photos.leclercdrive.fr/image.ashx?id=2849560&use=l&cat=p&typeid=i","cat":284662},{"id":147531,"n":"Bain moussant Eco + Pêche - 750ml","p":0.52,"u":"0,69 €/L","img":"https://fd3-photos.leclercdrive.fr/image.ashx?id=2779175&use=l&cat=p&typeid=i","cat":284594},{"id":147532,"n":"Crème à récurer Eco + Parfum citron - 750ml","p":0.6,"u":"0,80 €/L","img":"https://fd3-photos.leclercdrive.fr/image.ashx?id=2931754&use=l&cat=p&typeid=i","cat":325357},{"id":147533,"n":"Dentifrice arôme menthe Eco + 125ml","p":0.73,"u":"5,84 €/L","img":"https://fd3-photos.leclercdrive.fr/image.ashx?id=2776277&use=l&cat=p&typeid=i","cat":284612},{"id":147536,"n":"Liquide vaisselle Eco + Concentré citron - 500ml","p":0.42,"u":"0,84 €/L","img":"https://fd3-photos.leclercdrive.fr/image.ashx?id=2861407&use=l&cat=p&typeid=i","cat":284655},{"id":147539,"n":"Capsules café Plantation Café au lait - x16 - 152g","p":3.29,"u":"21,64 €/KG","img":"https://fd3-photos.leclercdrive.fr/image.ashx?id=2649750&use=l&cat=p&typeid=i","cat":293239},{"id":147543,"n":"Gel WC détartrant Eco + Citron - 750ml","p":0.59,"u":"0,79 €/L","img":"https://fd3-photos.leclercdrive.fr/image.ashx?id=2836304&use=l&cat=p&typeid=i","cat":284662},{"id":147544,"n":"Pastilles lave-vaisselle Eco + x50 - 750g","p":2.59,"u":"3,45 €/KG","img":"https://fd3-photos.leclercdrive.fr/image.ashx?id=2865032&use=l&cat=p&typeid=i","cat":284656},{"id":147545,"n":"Pastilles anti-calcaire Eco + x20","p":1.25,"u":"0,06 €/P","img":"https://fd3-photos.leclercdrive.fr/image.ashx?id=2603853&use=l&cat=p&typeid=i","cat":284653},{"id":147548,"n":"Gel désodorisant Eco + Parfum lavande - 1 pièce","p":0.53,"img":"https://fd3-photos.leclercdrive.fr/image.ashx?id=2466868&use=l&cat=p&typeid=i","cat":311628},{"id":147549,"n":"Désodorisant mèche Eco + Parfum marine - 375ml","p":1.27,"u":"3,39 €/L","img":"https://fd3-photos.leclercdrive.fr/image.ashx?id=2777788&use=l&cat=p&typeid=i","cat":311628},{"id":147550,"n":"Nettoyant vitres Eco + 1L","p":0.76,"u":"0,76 €/L","img":"https://fd3-photos.leclercdrive.fr/image.ashx?id=2834993&use=l&cat=p&typeid=i","cat":325363},{"id":147564,"n":"LED Filament flamme torsadée 2-25W -  E14 - claire","p":4.59,"img":"https://fd3-photos.leclercdrive.fr/image.ashx?id=2070308&use=l&cat=p&typeid=i","cat":300573},{"id":147621,"n":"Culottes Love & Green Hypoallergéniques Taille 6- x16","p":15.73,"u":"0,98 €/P","img":"https://fd3-photos.leclercdrive.fr/image.ashx?id=2551396&use=l&cat=p&typeid=i","cat":290633},{"id":147622,"n":"Culottes Lotus Baby Douceur Naturelle Taille 5 - x30","p":12.07,"u":"0,40 €/P","img":"https://fd3-photos.leclercdrive.fr/image.ashx?id=3011866&use=l&cat=p&typeid=i","cat":290633},{"id":147623,"n":"Culottes Lotus Baby Douceur Naturelle Taille 4 - x32","p":15.3,"img":"https://fd3-photos.leclercdrive.fr/image.ashx?id=3011869&use=l&cat=p&typeid=i","cat":290633},{"id":147624,"n":"Culottes Lotus Baby Douceur Naturelle Taille 6 - x28","p":12.02,"u":"0,43 €/P","img":"https://fd3-photos.leclercdrive.fr/image.ashx?id=3011872&use=l&cat=p&typeid=i","cat":290633},{"id":147625,"n":"Couches Lotus Baby  Douceur Naturelle T3 - x43","p":15.34,"u":"0,36 €/P","img":"https://fd3-photos.leclercdrive.fr/image.ashx?id=3011875&use=l&cat=p&typeid=i","cat":284737},{"id":147626,"n":"Couches Lotus Baby Douceur Naturelle Taille 4 - x37","p":12.18,"u":"0,33 €/P","img":"https://fd3-photos.leclercdrive.fr/image.ashx?id=2914768&use=l&cat=p&typeid=i","cat":284737},{"id":147627,"n":"Couches Lotus Baby Douceur Naturelle Taille 4+ - x35","p":15.43,"u":"0,44 €/P","img":"https://fd3-photos.leclercdrive.fr/image.ashx?id=2912617&use=l&cat=p&typeid=i","cat":284737},{"id":147641,"n":"Lingettes nettoyantes So Bio Etic à l'eau micellaire bio x70","p":5.93,"u":"0,08 €/P","img":"https://fd3-photos.leclercdrive.fr/image.ashx?id=2494770&use=l&cat=p&typeid=i","cat":284738},{"id":147671,"n":"Olives farcies Tokapi Amandes - 150g","p":2.49,"u":"16,60 €/KG","img":"https://fd3-photos.leclercdrive.fr/image.ashx?id=3010431&use=l&cat=p&typeid=i","cat":284458},{"id":147677,"n":"Sauce béarnaise Rustica 240g","p":1.29,"u":"5,38 €/KG","img":"https://fd3-photos.leclercdrive.fr/image.ashx?id=2954382&use=l&cat=p&typeid=i","cat":318431},{"id":147678,"n":"Rillettes de saumon Ronde des Mers - 125g","p":1.58,"u":"12,64 €/KG","img":"https://fd3-photos.leclercdrive.fr/image.ashx?id=2436708&use=l&cat=p&typeid=i","cat":305147},{"id":147692,"n":"Fond pour rôtis Maggi 110g","p":2.37,"u":"21,55 €/KG","img":"https://fd3-photos.leclercdrive.fr/image.ashx?id=2917543&use=l&cat=p&typeid=i","cat":288379},{"id":147890,"n":"Crème de change bio So Bio Etic Apaisante - 100ml","p":5.57,"u":"55,70 €/L","img":"https://fd3-photos.leclercdrive.fr/image.ashx?id=2051434&use=l&cat=p&typeid=i","cat":284741},{"id":147915,"n":"Moutarde Aigre Douce Kuhne - 270g","p":1.44,"u":"5,33 €/KG","img":"https://fd3-photos.leclercdrive.fr/image.ashx?id=2571125&use=l&cat=p&typeid=i","cat":288850},{"id":147942,"n":"Eau micellaire Inell Biphase - 500ml","p":3.85,"u":"7,70 €/L","img":"https://fd3-photos.leclercdrive.fr/image.ashx?id=2051768&use=l&cat=p&typeid=i","cat":284603},{"id":148008,"n":"Genoise P'tit Déli Poire - 150g","p":1.15,"u":"7,67 €/KG","img":"https://fd3-photos.leclercdrive.fr/image.ashx?id=2482508&use=l&cat=p&typeid=i","cat":284489},{"id":148013,"n":"Bocal d'artichauts Notre jardin Grillés - 115g","p":1.99,"u":"17,30 €/KG","img":"https://fd3-photos.leclercdrive.fr/image.ashx?id=2578641&use=l&cat=p&typeid=i","cat":312611},{"id":148023,"n":"Pois cassés Bio Village Bio 500g","p":1.99,"u":"3,98 €/KG","img":"https://fd3-photos.leclercdrive.fr/image.ashx?id=3002701&use=l&cat=p&typeid=i","cat":284430},{"id":148027,"n":"Pois chiche Bio Village Bio - 500g","p":2.08,"u":"4,16 €/KG","img":"https://fd3-photos.leclercdrive.fr/image.ashx?id=3002704&use=l&cat=p&typeid=i","cat":284430},{"id":148037,"n":"Purée de tomates italiennes 700g","p":1.97,"u":"2,81 €/KG","img":"https://fd3-photos.leclercdrive.fr/image.ashx?id=3011680&use=l&cat=p&typeid=i","cat":289010},{"id":148048,"n":"Ravioles aux 3 fromages Persil de la Drôme Saint Jean 310g","p":3.32,"u":"10,71 €/KG","img":"https://fd3-photos.leclercdrive.fr/image.ashx?id=2438651&use=l&cat=p&typeid=i","cat":333682},{"id":148076,"n":"Jambon d'Auvergne IGP L'Atelier Charcuterie - 100g","p":3.5,"u":"35,00 €/KG","img":"https://fd3-photos.leclercdrive.fr/image.ashx?id=2316464&use=l&cat=p&typeid=i","cat":316007},{"id":148077,"n":"Jambon de Savoie L'Atelier Charcuterie - 100g","p":2.99,"u":"29,90 €/KG","img":"https://fd3-photos.leclercdrive.fr/image.ashx?id=2987494&use=l&cat=p&typeid=i","cat":316007},{"id":148080,"n":"Shampooing Carré Homme Anti pelliculaire - 250ml","p":1.85,"u":"7,40 €/L","img":"https://fd3-photos.leclercdrive.fr/image.ashx?id=2350526&use=l&cat=p&typeid=i","cat":284621},{"id":148088,"n":"Prosciutto alle erbe L'Atelier Charcuterie - 100g","p":2.75,"u":"27,50 €/KG","img":"https://fd3-photos.leclercdrive.fr/image.ashx?id=2999649&use=l&cat=p&typeid=i","cat":316007},{"id":148094,"n":"Speck alto adige IGP L'Atelier Charcuterie - 100g","p":2.99,"u":"29,90 €/KG","img":"https://fd3-photos.leclercdrive.fr/image.ashx?id=2999655&use=l&cat=p&typeid=i","cat":316007},{"id":148095,"n":"Coppa di parma IGP L'Atelier Charcuterie - 100g","p":3.45,"u":"34,50 €/KG","img":"https://fd3-photos.leclercdrive.fr/image.ashx?id=2068735&use=l&cat=p&typeid=i","cat":316007},{"id":148096,"n":"Jambon de Bayonne IGP  L'Atelier charcuterie - 100g","p":3.33,"u":"33,30 €/KG","img":"https://fd3-photos.leclercdrive.fr/image.ashx?id=2913787&use=l&cat=p&typeid=i","cat":316007},{"id":148103,"n":"Soin hydratant bio So Bio Etic Hydra Aloe Vera - 50ml","p":7.43,"u":"148,60 €/L","img":"https://fd3-photos.leclercdrive.fr/image.ashx?id=2640572&use=l&cat=p&typeid=i","cat":325345},{"id":148105,"n":"Viande des grisons IGP L'Atelier Charcuterie - 80g","p":5.49,"u":"68,63 €/KG","img":"https://fd3-photos.leclercdrive.fr/image.ashx?id=2856648&use=l&cat=p&typeid=i","cat":316007},{"id":148107,"n":"Pavé au poivre Label Rouge L'Atelier Charcuterie - 100g","p":1.99,"u":"22,11 €/KG","img":"https://fd3-photos.leclercdrive.fr/image.ashx?id=2856651&use=l&cat=p&typeid=i","cat":316007},{"id":148112,"n":"Démaquillant yeux waterproof Le petit olivier - 125ml","p":3.19,"u":"25,52 €/L","img":"https://fd3-photos.leclercdrive.fr/image.ashx?id=2865848&use=l&cat=p&typeid=i","cat":284603},{"id":148117,"n":"Rosette tranchée Label Rouge L'Atelier Charcuterie - 100g","p":1.79,"u":"17,90 €/KG","img":"https://fd3-photos.leclercdrive.fr/image.ashx?id=2856654&use=l&cat=p&typeid=i","cat":316007},{"id":148120,"n":"Jambon serrano IGP L'Atelier Charcuterie - 120g","p":4.0,"u":"33,33 €/KG","img":"https://fd3-photos.leclercdrive.fr/image.ashx?id=2867931&use=l&cat=p&typeid=i","cat":316007},{"id":148121,"n":"Assiette charcuterie Italienne L'Atelier Charcuterie - 180G","p":5.29,"img":"https://fd3-photos.leclercdrive.fr/image.ashx?id=2992672&use=l&cat=p&typeid=i","cat":316007},{"id":148124,"n":"Datte ravier Favorite Deglet nour - 500g","p":2.3,"u":"4,60 €/KG","img":"https://fd3-photos.leclercdrive.fr/image.ashx?id=2730610&use=l&cat=p&typeid=i","cat":284357},{"id":148184,"n":"AOP Alsace pinot gris blanc Cave du roi Dagobert - 75cl","p":5.75,"u":"7,67 €/L","img":"https://fd3-photos.leclercdrive.fr/image.ashx?id=2856389&use=l&cat=p&typeid=i","cat":289557},{"id":148185,"n":"AOC Crémant d'Alsace Brut Premium - Bestheim - 75cl","p":6.1,"u":"8,13 €/L","img":"https://fd3-photos.leclercdrive.fr/image.ashx?id=2960801&use=l&cat=p&typeid=i","cat":284545},{"id":148240,"n":"Café dosettes Tassimo L'Or Café Long Doux x16","p":4.76,"u":"53,48 €/KG","img":"https://fd3-photos.leclercdrive.fr/image.ashx?id=2100386&use=l&cat=p&typeid=i","cat":293240},{"id":148246,"n":"Tajine de légumes Notre Jardin 530g","p":3.15,"u":"5,94 €/KG","img":"https://fd3-photos.leclercdrive.fr/image.ashx?id=2526315&use=l&cat=p&typeid=i","cat":312612},{"id":148250,"n":"Ratatouille  Notre Jardin Provencale - 530g","p":2.76,"u":"5,21 €/KG","img":"https://fd3-photos.leclercdrive.fr/image.ashx?id=2526312&use=l&cat=p&typeid=i","cat":312612},{"id":148291,"n":"Bière Aromatisée Grimbergen Rouge 5,5° - 6x25cl","p":5.22,"u":"3,48 €/L","img":"https://fd3-photos.leclercdrive.fr/image.ashx?id=2873327&use=l&cat=p&typeid=i","cat":334878},{"id":148294,"n":"Chewing-gum Hollywood Menthe Verte - 76,5 g","p":4.37,"u":"57,50 €/KG","img":"https://fd3-photos.leclercdrive.fr/image.ashx?id=2640809&use=l&cat=p&typeid=i","cat":304251},{"id":148328,"n":"Bonbons eucalyptus Croibleu 250g","p":2.11,"u":"8,44 €/KG","img":"https://fd3-photos.leclercdrive.fr/image.ashx?id=2066584&use=l&cat=p&typeid=i","cat":304252},{"id":148339,"n":"Embouts jetables Prorhinel Souples - x10","p":5.79,"img":"https://fd3-photos.leclercdrive.fr/image.ashx?id=2148182&use=l&cat=p&typeid=i","cat":284630},{"id":148341,"n":"Spray hygiène du nez Prorhinel à l'aloe vera - enfant - 100ml","p":5.28,"u":"52,80 €/L","img":"https://fd3-photos.leclercdrive.fr/image.ashx?id=2917858&use=l&cat=p&typeid=i","cat":284630},{"id":148348,"n":"IGP Ardèche Les Muletiers 13% Vin rouge - 5L","p":16.51,"u":"3,30 €/L","img":"https://fd3-photos.leclercdrive.fr/image.ashx?id=2063587&use=l&cat=p&typeid=i","cat":289556},{"id":148384,"n":"Donut nappé chocolat 180g","p":1.39,"u":"7,72 €/KG","img":"https://fd3-photos.leclercdrive.fr/image.ashx?id=2590707&use=l&cat=p&typeid=i","cat":284495},{"id":148406,"n":"Gel intime Intimy Classic - 150ml","p":4.67,"u":"31,13 €/L","img":"https://fd3-photos.leclercdrive.fr/image.ashx?id=2537980&use=l&cat=p&typeid=i","cat":285160},{"id":148503,"n":"Parmigiano Reggiano AOP Pétales - 130g","p":4.25,"u":"32,69 €/KG","img":"https://fd3-photos.leclercdrive.fr/image.ashx?id=2353290&use=l&cat=p&typeid=i","cat":314035},{"id":148509,"n":"Café Liégeois Vanille Saporit x2 - 180g","p":3.38,"u":"18,78 €/KG","img":"https://fd3-photos.leclercdrive.fr/image.ashx?id=2296670&use=l&cat=p&typeid=i","cat":284266},{"id":148510,"n":"Glace coppa Saporit Caramel Beurre Salé x2 - 180g","p":3.38,"u":"18,78 €/KG","img":"https://fd3-photos.leclercdrive.fr/image.ashx?id=2296667&use=l&cat=p&typeid=i","cat":284263},{"id":148511,"n":"Glace coppa Saporit Amarena vanille x2 - 180g","p":3.38,"u":"18,78 €/KG","img":"https://fd3-photos.leclercdrive.fr/image.ashx?id=2296664&use=l&cat=p&typeid=i","cat":284263},{"id":148537,"n":"Essuie-tout Sopalin Décoré - 3=6 rouleaux","p":5.49,"u":"1,83 €/P","img":"https://fd3-photos.leclercdrive.fr/image.ashx?id=2869254&use=l&cat=p&typeid=i","cat":284635},{"id":148548,"n":"Vin blanc du Portugal  Mateus - 75cl","p":4.58,"u":"6,11 €/L","img":"https://fd3-photos.leclercdrive.fr/image.ashx?id=2794622&use=l&cat=p&typeid=i","cat":289557},{"id":148660,"n":"AOP St Joseph rouge Les Hauts de Pavières  - 75cl","p":11.99,"u":"15,99 €/L","img":"https://fd3-photos.leclercdrive.fr/image.ashx?id=2059576&use=l&cat=p&typeid=i","cat":289556},{"id":148670,"n":"AOC Bordeaux rouge Tutiac 75cl","p":4.56,"u":"6,08 €/L","img":"https://fd3-photos.leclercdrive.fr/image.ashx?id=2059624&use=l&cat=p&typeid=i","cat":289556},{"id":148682,"n":"AOP Côtes du Jura vin blanc Esprit 39 Savagnin - 75cl","p":16.98,"u":"22,64 €/L","img":"https://fd3-photos.leclercdrive.fr/image.ashx?id=2646918&use=l&cat=p&typeid=i","cat":289557},{"id":148748,"n":"Démaquillant yeux Bionaïa Biphase Water bio - 150ml","p":2.6,"u":"17,33 €/L","img":"https://fd3-photos.leclercdrive.fr/image.ashx?id=2474963&use=l&cat=p&typeid=i","cat":284603},{"id":148749,"n":"Coloration Eugène Color & Eclat n°78 Marron Praliné - 1 pièce","p":3.8,"img":"https://fd3-photos.leclercdrive.fr/image.ashx?id=2476449&use=l&cat=p&typeid=i","cat":288899},{"id":148762,"n":"Bonbon Confiseo Sève de pin - 250g","p":1.99,"u":"7,96 €/KG","img":"https://fd3-photos.leclercdrive.fr/image.ashx?id=2934757&use=l&cat=p&typeid=i","cat":304252},{"id":148770,"n":"Préservatifs Intimy Classic lubrifiés - x7","p":2.69,"u":"0,38 €/P","img":"https://fd3-photos.leclercdrive.fr/image.ashx?id=2537962&use=l&cat=p&typeid=i","cat":284631},{"id":148773,"n":"Préservatifs Intimy Intense lubrifiés - x28","p":12.13,"u":"0,43 €/P","img":"https://fd3-photos.leclercdrive.fr/image.ashx?id=2927327&use=l&cat=p&typeid=i","cat":284631},{"id":148774,"n":"Préservatifs Intimy Taille XL lubrifiés - x14","p":6.97,"u":"0,50 €/P","img":"https://fd3-photos.leclercdrive.fr/image.ashx?id=2926329&use=l&cat=p&typeid=i","cat":284631},{"id":148779,"n":"Pince à ongles Mercurochrome 1 pièce","p":4.17,"img":"https://fd3-photos.leclercdrive.fr/image.ashx?id=2788496&use=l&cat=p&typeid=i","cat":325354},{"id":148819,"n":"AOP Bordeaux vin rouge Bois Royal - 75cl","p":4.95,"u":"6,60 €/L","img":"https://fd3-photos.leclercdrive.fr/image.ashx?id=2069657&use=l&cat=p&typeid=i","cat":289556},{"id":148854,"n":"AOC Côtes du Jura blanc Caves de la Muyre La Sélection  75 cl","p":10.25,"u":"13,67 €/L","img":"https://fd3-photos.leclercdrive.fr/image.ashx?id=2060757&use=l&cat=p&typeid=i","cat":289557},{"id":148860,"n":"AOC Alsace Blanc Pinot Gris  Horstaden 75 cl","p":6.38,"u":"8,51 €/L","img":"https://fd3-photos.leclercdrive.fr/image.ashx?id=2069741&use=l&cat=p&typeid=i","cat":289557},{"id":148863,"n":"AOP  Bourgogne Brut Crémant Moillard - 75cl","p":7.07,"u":"9,43 €/L","img":"https://fd3-photos.leclercdrive.fr/image.ashx?id=2985201&use=l&cat=p&typeid=i","cat":284545},{"id":148886,"n":"Planche Apero  Maxi Chiffonnades 320g","p":8.99,"u":"28,09 €/KG","img":"https://fd3-photos.leclercdrive.fr/image.ashx?id=2990838&use=l&cat=p&typeid=i","cat":316007},{"id":148957,"n":"Pavé saumon Eco+ MSC - x2 - 250g","p":3.07,"u":"12,28 €/KG","img":"https://fd3-photos.leclercdrive.fr/image.ashx?id=2806847&use=l&cat=p&typeid=i","cat":319786},{"id":148966,"n":"Boisson coco Bio Bjorg Sans sucre ajouté - 1L","p":2.08,"u":"2,08 €/L","img":"https://fd3-photos.leclercdrive.fr/image.ashx?id=2972991&use=l&cat=p&typeid=i","cat":316067},{"id":148989,"n":"Cônes chocolat Eco+ Pistache - x8 - 520g","p":2.47,"u":"4,75 €/KG","img":"https://fd3-photos.leclercdrive.fr/image.ashx?id=2866229&use=l&cat=p&typeid=i","cat":284264},{"id":148998,"n":"Papier cuisson Elembal Feuilles - x30","p":0.99,"u":"0,03 €/P","img":"https://fd3-photos.leclercdrive.fr/image.ashx?id=2059971&use=l&cat=p&typeid=i","cat":334134},{"id":149036,"n":"Merguez véritables L'Atelier Boucherie x8 - 520g","p":8.79,"u":"16,90 €/KG","img":"https://fd3-photos.leclercdrive.fr/image.ashx?id=3007413&use=l&cat=p&typeid=i","cat":284334},{"id":149067,"n":"boisson végétale lait de coco sans sucre alpro - 1l","p":2.18,"u":"2,18 €/L","img":"https://fd3-photos.leclercdrive.fr/image.ashx?id=2849244&use=l&cat=p&typeid=i","cat":316067},{"id":149075,"n":"Champignon Cèpes extra séchés Borde - 225g","p":19.95,"u":"88,67 €/KG","img":"https://fd3-photos.leclercdrive.fr/image.ashx?id=2731078&use=l&cat=p&typeid=i","cat":312610},{"id":149084,"n":"Purée au fromage Florette Emmental - 2x200g","p":2.59,"u":"6,48 €/KG","img":"https://fd3-photos.leclercdrive.fr/image.ashx?id=2767702&use=l&cat=p&typeid=i","cat":333665},{"id":149327,"n":"Microfibres pour vitre x1","p":3.45,"img":"https://fd3-photos.leclercdrive.fr/image.ashx?id=2068351&use=l&cat=p&typeid=i","cat":298252},{"id":149380,"n":"Sauce tomates et olives Mutti - 400g","p":2.87,"u":"7,18 €/KG","img":"https://fd3-photos.leclercdrive.fr/image.ashx?id=2855436&use=l&cat=p&typeid=i","cat":288384},{"id":149388,"n":"Shampooing sec Batiste Nude aérosol - 200ml","p":4.14,"u":"20,70 €/L","img":"https://fd3-photos.leclercdrive.fr/image.ashx?id=2558334&use=l&cat=p&typeid=i","cat":289143},{"id":149396,"n":"Lave glace TECH9 Démoustiquant - 5L","p":3.89,"u":"0,78 €/L","img":"https://fd3-photos.leclercdrive.fr/image.ashx?id=2162699&use=l&cat=p&typeid=i","cat":298252},{"id":149423,"n":"Boisson à base de vin blanc pêche Fruits & Wine - 75cl","p":2.36,"u":"3,15 €/L","img":"https://fd3-photos.leclercdrive.fr/image.ashx?id=2093454&use=l&cat=p&typeid=i","cat":304569},{"id":149428,"n":"Boisson à base de vin rosé  Pamplemousse - 7.5% vol - 75cl","p":2.48,"u":"3,31 €/L","img":"https://fd3-photos.leclercdrive.fr/image.ashx?id=2958525&use=l&cat=p&typeid=i","cat":304569},{"id":149465,"n":"Brosse à Dents Signal Soin Gencives Souple x4","p":2.66,"u":"0,67 €/P","img":"https://fd3-photos.leclercdrive.fr/image.ashx?id=2964234&use=l&cat=p&typeid=i","cat":284614},{"id":149778,"n":"Brewdog Punk IPA Boite 50cl","p":2.71,"u":"5,42 €/L","img":"https://fd3-photos.leclercdrive.fr/image.ashx?id=2941856&use=l&cat=p&typeid=i","cat":334853},{"id":149782,"n":"Soin léger nuit So Bio Etic Anti-âge bio - 50ml","p":7.77,"u":"155,40 €/L","img":"https://fd3-photos.leclercdrive.fr/image.ashx?id=2792699&use=l&cat=p&typeid=i","cat":325345},{"id":149801,"n":"Crème de nuit bio N.A.E. Mature - Pot 50ml","p":14.18,"u":"283,60 €/L","img":"https://fd3-photos.leclercdrive.fr/image.ashx?id=2450733&use=l&cat=p&typeid=i","cat":325345},{"id":149817,"n":"Rouleau Râpe Velvet Smooth Ultra Exfoliant Pieds - x2","p":14.36,"u":"7,18 €/P","img":"https://fd3-photos.leclercdrive.fr/image.ashx?id=2628404&use=l&cat=p&typeid=i","cat":325354},{"id":149819,"n":"Sérum Visage Correcteur Nivea Anti-taches Luminous - 30ml","p":15.79,"u":"526,33 €/L","img":"https://fd3-photos.leclercdrive.fr/image.ashx?id=2639720&use=l&cat=p&typeid=i","cat":325345},{"id":149853,"n":"Miettes généreuses de thon huile d'olive Le Savoureux 160g","p":2.97,"u":"18,56 €/KG","img":"https://fd3-photos.leclercdrive.fr/image.ashx?id=2167985&use=l&cat=p&typeid=i","cat":303867},{"id":149854,"n":"Dentifrice Elmex enfant 0-6ans Anti-caries - 75ml","p":4.1,"u":"54,67 €/L","img":"https://fd3-photos.leclercdrive.fr/image.ashx?id=2745289&use=l&cat=p&typeid=i","cat":288898},{"id":149920,"n":"Mini gougères Tipiak Coeur fondant - x10 - 110g","p":2.52,"u":"22,91 €/KG","img":"https://fd3-photos.leclercdrive.fr/image.ashx?id=2672185&use=l&cat=p&typeid=i","cat":319774},{"id":149962,"n":"Bâtonnets Bocoton Bio Sécurité - x60","p":1.63,"u":"0,03 €/P","img":"https://fd3-photos.leclercdrive.fr/image.ashx?id=2063542&use=l&cat=p&typeid=i","cat":284739},{"id":149988,"n":"Lingettes intimes Bocoton Bio x20","p":1.92,"u":"0,10 €/P","img":"https://fd3-photos.leclercdrive.fr/image.ashx?id=2063545&use=l&cat=p&typeid=i","cat":284627},{"id":150065,"n":"Gel douche Corinne de Farme 2en1 Corps/Intime - 250ml","p":3.17,"u":"12,68 €/L","img":"https://fd3-photos.leclercdrive.fr/image.ashx?id=2296598&use=l&cat=p&typeid=i","cat":284627},{"id":150253,"n":"Poulet tandoori Fleury Michon Semoule petit legume - 280g","p":4.19,"u":"14,96 €/KG","img":"https://fd3-photos.leclercdrive.fr/image.ashx?id=2680692&use=l&cat=p&typeid=i","cat":333665},{"id":150255,"n":"Torti au surimi Pierre Martinet - 300g","p":1.94,"u":"6,47 €/KG","img":"https://fd3-photos.leclercdrive.fr/image.ashx?id=2613441&use=l&cat=p&typeid=i","cat":333657},{"id":150307,"n":"Liquide refroidissement TECH9 -25°C - 5L","p":9.99,"u":"2,00 €/L","img":"https://fd3-photos.leclercdrive.fr/image.ashx?id=2162711&use=l&cat=p&typeid=i","cat":298253},{"id":150315,"n":"Canderel Sugarly Boîte 65 morceaux - 130g","p":2.17,"u":"16,69 €/KG","img":"https://fd3-photos.leclercdrive.fr/image.ashx?id=2072271&use=l&cat=p&typeid=i","cat":324846},{"id":150485,"n":"Chocolat Pâtissier Lindt Noir - 70% cacao - 200g","p":3.58,"u":"17,90 €/KG","img":"https://fd3-photos.leclercdrive.fr/image.ashx?id=2730223&use=l&cat=p&typeid=i","cat":285562},{"id":150486,"n":"Chocolat Pâtissier Lindt Noir - 51% cacao - 200g","p":3.5,"u":"17,50 €/KG","img":"https://fd3-photos.leclercdrive.fr/image.ashx?id=2088726&use=l&cat=p&typeid=i","cat":285562},{"id":150488,"n":"Tartine pain campagne Pasquier - 180g","p":2.34,"u":"13,00 €/KG","img":"https://fd3-photos.leclercdrive.fr/image.ashx?id=2967028&use=l&cat=p&typeid=i","cat":285543},{"id":150517,"n":"Amandes grillées Wonderful Sans sel - 200g","p":5.51,"u":"27,55 €/KG","img":"https://fd3-photos.leclercdrive.fr/image.ashx?id=2659103&use=l&cat=p&typeid=i","cat":284357},{"id":150552,"n":"Crème légère So Bio Nutri Coco bio - 50ml","p":10.27,"u":"205,40 €/L","img":"https://fd3-photos.leclercdrive.fr/image.ashx?id=2545421&use=l&cat=p&typeid=i","cat":325345},{"id":150581,"n":"Choco chip cookies  Schar Sans gluten - 200g","p":2.37,"u":"11,85 €/KG","img":"https://fd3-photos.leclercdrive.fr/image.ashx?id=2439959&use=l&cat=p&typeid=i","cat":318654},{"id":150583,"n":"Farine Schar Spécial pâtes sans gluten - 1kg","p":4.54,"u":"4,54 €/KG","img":"https://fd3-photos.leclercdrive.fr/image.ashx?id=2889961&use=l&cat=p&typeid=i","cat":318654},{"id":150588,"n":"Goûter crème cacao Schar Sans gluten - 250g","p":3.95,"u":"15,80 €/KG","img":"https://fd3-photos.leclercdrive.fr/image.ashx?id=2439944&use=l&cat=p&typeid=i","cat":284488},{"id":150716,"n":"Madeleines Armor Délices x13+3 offerts","p":4.06,"u":"7,67 €/KG","img":"https://fd3-photos.leclercdrive.fr/image.ashx?id=2763415&use=l&cat=p&typeid=i","cat":284492},{"id":150763,"n":"Imperméabilisant protecteur Cuir Daim Nubuck 250ml","p":2.68,"u":"10,72 €/L","img":"https://fd3-photos.leclercdrive.fr/image.ashx?id=2835208&use=l&cat=p&typeid=i","cat":285201},{"id":150764,"n":"Désinfectant chaussures 100ml","p":2.11,"u":"21,10 €/L","img":"https://fd3-photos.leclercdrive.fr/image.ashx?id=2460667&use=l&cat=p&typeid=i","cat":285201},{"id":150788,"n":"HERTA Tendre Croc Jambon Fromage sans nitrite 200g x2","p":1.78,"u":"8,90 €/KG","img":"https://fd3-photos.leclercdrive.fr/image.ashx?id=2752885&use=l&cat=p&typeid=i","cat":333671},{"id":150789,"n":"Détartrant multi-usages Melitta 375ml","p":3.7,"u":"9,87 €/L","img":"https://fd3-photos.leclercdrive.fr/image.ashx?id=2871070&use=l&cat=p&typeid=i","cat":325362},{"id":150797,"n":"Cire dépilatoire Roll On Nair au sucre lait et miel - 100ml","p":5.23,"u":"52,30 €/L","img":"https://fd3-photos.leclercdrive.fr/image.ashx?id=2903242&use=l&cat=p&typeid=i","cat":325351},{"id":150798,"n":"HERTA Tendre Croc Comté Jambon sans nitrite 200g x2","p":2.14,"u":"10,70 €/KG","img":"https://fd3-photos.leclercdrive.fr/image.ashx?id=2070147&use=l&cat=p&typeid=i","cat":333671},{"id":150799,"n":"HERTA Tendre Croc Jambon Fromg ss croûte ss nitrite 200g","p":2.32,"u":"11,60 €/KG","img":"https://fd3-photos.leclercdrive.fr/image.ashx?id=2070153&use=l&cat=p&typeid=i","cat":333671},{"id":151002,"n":"Gouter fourré carré P'tit Déli x16 - 295g","p":1.17,"u":"3,97 €/KG","img":"https://fd3-photos.leclercdrive.fr/image.ashx?id=2351238&use=l&cat=p&typeid=i","cat":284489},{"id":151052,"n":"Olives dénoyautées Citron et persil - 200g","p":2.9,"u":"14,50 €/KG","img":"https://fd3-photos.leclercdrive.fr/image.ashx?id=2594112&use=l&cat=p&typeid=i","cat":316002},{"id":151083,"n":"IGP Ardèche rosé Cellier du Pont d'Arc - 75cl","p":2.37,"u":"3,16 €/L","img":"https://fd3-photos.leclercdrive.fr/image.ashx?id=2139115&use=l&cat=p&typeid=i","cat":289558},{"id":151096,"n":"IGP Atlantique rosé Cabane du Pyla - 75cl","p":4.18,"u":"5,57 €/L","img":"https://fd3-photos.leclercdrive.fr/image.ashx?id=2497397&use=l&cat=p&typeid=i","cat":289558},{"id":151103,"n":"Vin France Cabernet Sauvignon Rosé - Cambras - Merlot - 75cl","p":2.83,"u":"3,77 €/L","img":"https://fd3-photos.leclercdrive.fr/image.ashx?id=2941026&use=l&cat=p&typeid=i","cat":289558},{"id":151106,"n":"Vin France Cambras rouge -12,5% Merlot Cabernet Sauvignon -75cl","p":2.77,"u":"3,69 €/L","img":"https://fd3-photos.leclercdrive.fr/image.ashx?id=2941029&use=l&cat=p&typeid=i","cat":289556},{"id":151130,"n":"Yaourt à boire Actimel Fraise - 6x100g","p":2.93,"u":"4,88 €/KG","img":"https://fd3-photos.leclercdrive.fr/image.ashx?id=2996482&use=l&cat=p&typeid=i","cat":284415},{"id":151131,"n":"Charbon de bois Beaux Jours 40L","p":11.99,"u":"0,30 €/L","img":"https://fd3-photos.leclercdrive.fr/image.ashx?id=2078371&use=l&cat=p&typeid=i","cat":335917},{"id":151153,"n":"Vin d'Espagne rosé Merlot J.L Parsat - BIB 5L","p":10.9,"u":"2,18 €/L","img":"https://fd3-photos.leclercdrive.fr/image.ashx?id=2549720&use=l&cat=p&typeid=i","cat":289558},{"id":151164,"n":"Paris Brest Mamie Nova 2x90g","p":2.18,"u":"12,11 €/KG","img":"https://fd3-photos.leclercdrive.fr/image.ashx?id=2921789&use=l&cat=p&typeid=i","cat":284419},{"id":151170,"n":"Riz au lait Andros Coco vanille - 4x100g","p":3.23,"u":"8,08 €/KG","img":"https://fd3-photos.leclercdrive.fr/image.ashx?id=2872024&use=l&cat=p&typeid=i","cat":316071},{"id":151389,"n":"IGP Ardèche blanc Pont d'arc Vignerons Ardèche - 75cl","p":3.46,"u":"4,61 €/L","img":"https://fd3-photos.leclercdrive.fr/image.ashx?id=2073595&use=l&cat=p&typeid=i","cat":289557},{"id":151448,"n":"Nettoyant multi-usages Carolin Eucalyptus & Arbre à thé 1L","p":1.98,"u":"1,98 €/L","img":"https://fd3-photos.leclercdrive.fr/image.ashx?id=2667460&use=l&cat=p&typeid=i","cat":284907},{"id":151458,"n":"Lait Bio Sans Lactose Candia  Bouteille 1% MG - 6x1L","p":10.38,"u":"1,73 €/L","img":"https://fd3-photos.leclercdrive.fr/image.ashx?id=2543151&use=l&cat=p&typeid=i","cat":317169},{"id":151461,"n":"Chorizo Espuna Sarta noble - 200g","p":2.72,"u":"13,60 €/KG","img":"https://fd3-photos.leclercdrive.fr/image.ashx?id=2073287&use=l&cat=p&typeid=i","cat":316006},{"id":151464,"n":"Fromage blanc Calin Extra Nature - 8x100g","p":2.23,"u":"2,79 €/KG","img":"https://fd3-photos.leclercdrive.fr/image.ashx?id=2973736&use=l&cat=p&typeid=i","cat":284409},{"id":151474,"n":"Fromage blanc Calin 0% Extra Naure - 8x100g","p":2.4,"u":"3,00 €/KG","img":"https://fd3-photos.leclercdrive.fr/image.ashx?id=2973733&use=l&cat=p&typeid=i","cat":284409},{"id":151486,"n":"Galette moelleuse Saint Michel Pépite de chocolat - 180g","p":2.06,"u":"11,44 €/KG","img":"https://fd3-photos.leclercdrive.fr/image.ashx?id=2936245&use=l&cat=p&typeid=i","cat":284495},{"id":151508,"n":"Colin MSC haché Yooji 6 mois - 120g","p":4.23,"u":"35,25 €/KG","img":"https://fd3-photos.leclercdrive.fr/image.ashx?id=2529072&use=l&cat=p&typeid=i","cat":290631},{"id":151525,"n":"Fromage frais Isigny Fraise 5.5%mg - 500g","p":1.98,"u":"3,96 €/KG","img":"https://fd3-photos.leclercdrive.fr/image.ashx?id=2862254&use=l&cat=p&typeid=i","cat":284409},{"id":151565,"n":"Saucisses gourmandes Iller Emmental - x4 - 400g","p":4.11,"u":"10,28 €/KG","img":"https://fd3-photos.leclercdrive.fr/image.ashx?id=2081452&use=l&cat=p&typeid=i","cat":284334},{"id":151602,"n":"Papier cuisson Albal Rouleau - 8m","p":2.34,"u":"0,29 €/MT","img":"https://fd3-photos.leclercdrive.fr/image.ashx?id=2551450&use=l&cat=p&typeid=i","cat":334134},{"id":151613,"n":"Eau minérale naturelle Evian  6L","p":2.93,"u":"0,49 €/L","img":"https://fd3-photos.leclercdrive.fr/image.ashx?id=2969025&use=l&cat=p&typeid=i","cat":284535},{"id":151632,"n":"Lave glace toutes saisons TECH9 -20°C - Anti-pluie - 5L","p":6.49,"u":"1,30 €/L","img":"https://fd3-photos.leclercdrive.fr/image.ashx?id=2162705&use=l&cat=p&typeid=i","cat":298252},{"id":151641,"n":"Bière Licorne Slash Red 8%vol - 75cl","p":3.96,"u":"5,28 €/L","img":"https://fd3-photos.leclercdrive.fr/image.ashx?id=2105488&use=l&cat=p&typeid=i","cat":334878},{"id":151642,"n":"Bière Licorne Slash IPA 5.9%vol - 75cl","p":3.97,"u":"5,29 €/L","img":"https://fd3-photos.leclercdrive.fr/image.ashx?id=2318537&use=l&cat=p&typeid=i","cat":334878},{"id":151674,"n":"Boisson gazeuse Kyo Kombucha Gingembre Citron - 50cl","p":3.09,"u":"6,18 €/L","img":"https://fd3-photos.leclercdrive.fr/image.ashx?id=2865956&use=l&cat=p&typeid=i","cat":295019},{"id":151677,"n":"Boisson gazeuse Kyo Kombucha Pêche baies de sureau - 50 cl","p":3.48,"u":"6,96 €/L","img":"https://fd3-photos.leclercdrive.fr/image.ashx?id=2865959&use=l&cat=p&typeid=i","cat":295019},{"id":151682,"n":"Mon Jambon Blanc Madrange Dégraissé Découenné x4 - 160g","p":2.67,"u":"16,69 €/KG","img":"https://fd3-photos.leclercdrive.fr/image.ashx?id=2973598&use=l&cat=p&typeid=i","cat":316009},{"id":151742,"n":"La fondue Franc-Comtoise Badoz 500g","p":10.95,"u":"21,90 €/KG","img":"https://fd3-photos.leclercdrive.fr/image.ashx?id=2277431&use=l&cat=p&typeid=i","cat":314035},{"id":151746,"n":"AOP Mont d'Or convivial Monts de Joux - 5 à 6 personnes","p":23.95,"img":"https://fd3-photos.leclercdrive.fr/image.ashx?id=2490293&use=l&cat=p&typeid=i","cat":314037},{"id":151826,"n":"Sangria Rosé Don Simon 7%vol. - 1,5L","p":2.78,"u":"1,85 €/L","img":"https://fd3-photos.leclercdrive.fr/image.ashx?id=2089613&use=l&cat=p&typeid=i","cat":304569},{"id":151853,"n":"Litière chats Cat's Best Original agglomérante - 7L","p":6.4,"u":"0,91 €/L","img":"https://fd3-photos.leclercdrive.fr/image.ashx?id=2310452&use=l&cat=p&typeid=i","cat":284683},{"id":151871,"n":"Pruneaux d'Agen Bio Village Bio IGP Dénoyautés - 250g","p":3.99,"u":"15,96 €/KG","img":"https://fd3-photos.leclercdrive.fr/image.ashx?id=2584035&use=l&cat=p&typeid=i","cat":284357},{"id":151940,"n":"Cuisse de poulet Auvergne NRT x2 Label Rouge - 500g","p":4.85,"u":"9,70 €/KG","img":"https://fd3-photos.leclercdrive.fr/image.ashx?id=2699840&use=l&cat=p&typeid=i","cat":284336},{"id":151943,"n":"Purée de Tomates italiennes Florelli au Basilic 680g","p":1.97,"u":"2,90 €/KG","img":"https://fd3-photos.leclercdrive.fr/image.ashx?id=2735893&use=l&cat=p&typeid=i","cat":288384},{"id":151957,"n":"Poudre fondante L'Oréal Paris Accord Parfait 5D Sable doré","p":14.78,"img":"https://fd3-photos.leclercdrive.fr/image.ashx?id=2278055&use=l&cat=p&typeid=i","cat":287029},{"id":151964,"n":"BB Crème Teintée L'Oréal Paris Nuance 04 médium - 30ml","p":11.57,"u":"385,67 €/L","img":"https://fd3-photos.leclercdrive.fr/image.ashx?id=3014551&use=l&cat=p&typeid=i","cat":287029},{"id":151966,"n":"Eyeliner Feutre L'Oréal Paris  Waterproof 01 Noir intense","p":9.85,"pp":6.5,"img":"https://fd3-photos.leclercdrive.fr/image.ashx?id=2370380&use=l&cat=p&typeid=i","cat":287029},{"id":151972,"n":"Correcteur anticerne Maybelline Instant Anti-Age 00 Ivoire","p":8.07,"img":"https://fd3-photos.leclercdrive.fr/image.ashx?id=2770545&use=l&cat=p&typeid=i","cat":287029},{"id":151986,"n":"Gel Salle de bain & WC Glade Bois de Santal & Jasmin 180g","p":2.12,"img":"https://fd3-photos.leclercdrive.fr/image.ashx?id=2453613&use=l&cat=p&typeid=i","cat":311628},{"id":151996,"n":"Fromage enfant Kiri crème 24 portions à tartiner - 432g","p":5.1,"u":"0,21 €/P","img":"https://fd3-photos.leclercdrive.fr/image.ashx?id=2973568&use=l&cat=p&typeid=i","cat":314030},{"id":152001,"n":"Gnocchi à poêler Roll Lustucru  300g","p":1.73,"u":"5,77 €/KG","img":"https://fd3-photos.leclercdrive.fr/image.ashx?id=2792408&use=l&cat=p&typeid=i","cat":333682},{"id":152023,"n":"Renovateur blanc La Vachette avec applicateur - 75ml","p":2.16,"u":"28,80 €/L","img":"https://fd3-photos.leclercdrive.fr/image.ashx?id=2075287&use=l&cat=p&typeid=i","cat":285201},{"id":152024,"n":"Cirage liquide noir La Vachette avec applicateur - 75ml","p":2.09,"u":"27,87 €/L","img":"https://fd3-photos.leclercdrive.fr/image.ashx?id=2075275&use=l&cat=p&typeid=i","cat":285201},{"id":152025,"n":"Cirage liquide La Vachette Incolore avec applicateur -75ml","p":2.09,"u":"27,87 €/L","img":"https://fd3-photos.leclercdrive.fr/image.ashx?id=2075278&use=l&cat=p&typeid=i","cat":285201},{"id":152027,"n":"Cirage crème noir La Vachette Boîte métal - 75ml","p":2.87,"u":"38,27 €/L","img":"https://fd3-photos.leclercdrive.fr/image.ashx?id=2566842&use=l&cat=p&typeid=i","cat":285201},{"id":152029,"n":"Cirage crème marron La Vachette Boîte métal - 75ml","p":2.87,"u":"38,27 €/L","img":"https://fd3-photos.leclercdrive.fr/image.ashx?id=2566845&use=l&cat=p&typeid=i","cat":285201},{"id":152030,"n":"Cirage liquide La Vachette Marron avec applicateur - 75ml","p":2.09,"u":"27,87 €/L","img":"https://fd3-photos.leclercdrive.fr/image.ashx?id=2075290&use=l&cat=p&typeid=i","cat":285201},{"id":152041,"n":"Déodorant bille bio BionaÏa Eau coco/Aloe Vera - 50ml","p":1.35,"u":"27,00 €/L","img":"https://fd3-photos.leclercdrive.fr/image.ashx?id=2496964&use=l&cat=p&typeid=i","cat":284595},{"id":152042,"n":"Déodorant bille bio BionaÏa A la rose/aloe vera - 50ml","p":1.35,"u":"27,00 €/L","img":"https://fd3-photos.leclercdrive.fr/image.ashx?id=2481240&use=l&cat=p&typeid=i","cat":284595},{"id":152045,"n":"Savon solide Manava Citron et basilic x2 - 200g","p":1.39,"u":"6,95 €/KG","img":"https://fd3-photos.leclercdrive.fr/image.ashx?id=2358345&use=l&cat=p&typeid=i","cat":284597},{"id":152051,"n":"Détachant avant lavage Texil 400ml","p":1.85,"u":"4,63 €/L","img":"https://fd3-photos.leclercdrive.fr/image.ashx?id=2988126&use=l&cat=p&typeid=i","cat":284651},{"id":152053,"n":"Adoucissant Hyperdou Pêche x30 - 750ml","p":1.58,"u":"2,11 €/L","img":"https://fd3-photos.leclercdrive.fr/image.ashx?id=2614518&use=l&cat=p&typeid=i","cat":284650},{"id":152054,"n":"Adoucissant Hyperdou Vanille x30 - 750ml","p":1.99,"u":"2,65 €/L","img":"https://fd3-photos.leclercdrive.fr/image.ashx?id=2614521&use=l&cat=p&typeid=i","cat":284650},{"id":152073,"n":"Roulés au fromage L'Atelier Traiteur x2 - 240g","p":3.25,"u":"13,54 €/KG","img":"https://fd3-photos.leclercdrive.fr/image.ashx?id=2814462&use=l&cat=p&typeid=i","cat":333671},{"id":152124,"n":"Bière aromatisée Despérados Original - 33cl","p":1.82,"u":"5,52 €/L","img":"https://fd3-photos.leclercdrive.fr/image.ashx?id=2742989&use=l&cat=p&typeid=i","cat":334878},{"id":152297,"n":"Couches Love & Green Ecologiques T1 - x44","p":14.67,"u":"0,33 €/P","img":"https://fd3-photos.leclercdrive.fr/image.ashx?id=2830645&use=l&cat=p&typeid=i","cat":284737},{"id":152298,"n":"Couches Love & Green Ecologiques T2 - x44","p":14.65,"u":"0,33 €/P","img":"https://fd3-photos.leclercdrive.fr/image.ashx?id=2862578&use=l&cat=p&typeid=i","cat":284737},{"id":152300,"n":"Liniment Love & Green Bio - 500ml","p":7.57,"u":"15,14 €/L","img":"https://fd3-photos.leclercdrive.fr/image.ashx?id=2735716&use=l&cat=p&typeid=i","cat":284741},{"id":152301,"n":"Serviettes nuit XL Love&Green Hypoallergéniques - x9","p":2.46,"u":"0,27 €/P","img":"https://fd3-photos.leclercdrive.fr/image.ashx?id=2811383&use=l&cat=p&typeid=i","cat":284624},{"id":152302,"n":"Serviettes Love&Green Maxi Normal - x16","p":2.43,"u":"0,15 €/P","img":"https://fd3-photos.leclercdrive.fr/image.ashx?id=2811377&use=l&cat=p&typeid=i","cat":284624},{"id":152305,"n":"Serviettes Love&Green Maxi Super - x14","p":2.43,"u":"0,17 €/P","img":"https://fd3-photos.leclercdrive.fr/image.ashx?id=2811380&use=l&cat=p&typeid=i","cat":284624},{"id":152306,"n":"Serviettes Love&Green Maxi Nuit - x12","p":3.18,"img":"https://fd3-photos.leclercdrive.fr/image.ashx?id=2811374&use=l&cat=p&typeid=i","cat":284624},{"id":152310,"n":"Protège slips Love & Green Incontinence ultra mini - x28","p":4.35,"img":"https://fd3-photos.leclercdrive.fr/image.ashx?id=2078208&use=l&cat=p&typeid=i","cat":284628},{"id":152311,"n":"Serviettes Love & Green Incontinence extra - x10","p":3.7,"u":"0,37 €/P","img":"https://fd3-photos.leclercdrive.fr/image.ashx?id=2078211&use=l&cat=p&typeid=i","cat":284628},{"id":152345,"n":"Crème nuit L'Oréal Paris Age perfect Golden Age - 50ml","p":11.97,"pp":7.9,"u":"158,00 €/L","img":"https://fd3-photos.leclercdrive.fr/image.ashx?id=2860358&use=l&cat=p&typeid=i","cat":325345},{"id":152349,"n":"Sérum nuit anti-âge L'Oréal Revitalift Rétinol Pur - 30ml","p":15.08,"u":"502,67 €/L","img":"https://fd3-photos.leclercdrive.fr/image.ashx?id=2867530&use=l&cat=p&typeid=i","cat":325345},{"id":152365,"n":"Crème éclat La Provençale Bio Jouvence Anti-Âge - 50ml","p":9.92,"u":"198,40 €/L","img":"https://fd3-photos.leclercdrive.fr/image.ashx?id=2948147&use=l&cat=p&typeid=i","cat":325345},{"id":152381,"n":"Moutarde Maille Fine & douce - 370g","p":2.27,"u":"6,14 €/KG","img":"https://fd3-photos.leclercdrive.fr/image.ashx?id=2570763&use=l&cat=p&typeid=i","cat":288850},{"id":152414,"n":"Crème hydratante Scholl Adoucissante - 75ml","p":4.75,"u":"63,33 €/L","img":"https://fd3-photos.leclercdrive.fr/image.ashx?id=2980884&use=l&cat=p&typeid=i","cat":325354},{"id":152420,"n":"Cryothérapie Mercurochrome Verrues pieds mains - 35ml","p":9.27,"u":"264,86 €/L","img":"https://fd3-photos.leclercdrive.fr/image.ashx?id=2693545&use=l&cat=p&typeid=i","cat":284630},{"id":152422,"n":"Coupe-ongles Scholl 1 pièce","p":6.02,"img":"https://fd3-photos.leclercdrive.fr/image.ashx?id=2981295&use=l&cat=p&typeid=i","cat":284630},{"id":152424,"n":"Durex Préservatifs Perfect  Gliss Extra Lubrifiés x10","p":6.83,"u":"0,68 €/P","img":"https://fd3-photos.leclercdrive.fr/image.ashx?id=2730430&use=l&cat=p&typeid=i","cat":284631},{"id":152428,"n":"Semelles Gel Soft Femme Chaussures Plates et Ballerines","p":15.89,"img":"https://fd3-photos.leclercdrive.fr/image.ashx?id=2431701&use=l&cat=p&typeid=i","cat":325354},{"id":152430,"n":"Semelles Gel Soft Homme Professionnelles - 1 paire","p":20.24,"img":"https://fd3-photos.leclercdrive.fr/image.ashx?id=2600648&use=l&cat=p&typeid=i","cat":325354},{"id":152432,"n":"Semelles Gel Soft Femme Professionnelles - 1 paire","p":13.92,"img":"https://fd3-photos.leclercdrive.fr/image.ashx?id=2600651&use=l&cat=p&typeid=i","cat":325354},{"id":152440,"n":"Gel Lubrifiant Massage 2 en 1 Durex Douceur Aloe Vera 200ml","p":7.43,"u":"37,15 €/L","img":"https://fd3-photos.leclercdrive.fr/image.ashx?id=2736556&use=l&cat=p&typeid=i","cat":285160},{"id":152459,"n":"Eau minérale naturelle Volvic 6x1L","p":2.88,"u":"0,48 €/L","img":"https://fd3-photos.leclercdrive.fr/image.ashx?id=2906076&use=l&cat=p&typeid=i","cat":284535},{"id":152502,"n":"Quatre-quart Ker Cadélac 500g","p":3.73,"u":"7,46 €/KG","img":"https://fd3-photos.leclercdrive.fr/image.ashx?id=2958848&use=l&cat=p&typeid=i","cat":294776},{"id":152503,"n":"Moelleux Ker Cadélac Gros éclats de chocolat - 500g","p":3.83,"u":"7,66 €/KG","img":"https://fd3-photos.leclercdrive.fr/image.ashx?id=2164861&use=l&cat=p&typeid=i","cat":294776},{"id":152505,"n":"Boisson végétale Bio Bjorg 1L","p":2.14,"u":"2,14 €/L","img":"https://fd3-photos.leclercdrive.fr/image.ashx?id=2972994&use=l&cat=p&typeid=i","cat":316067},{"id":152506,"n":"Boisson avoine Bio Bjorg Sans sucres - 1L","p":2.43,"u":"2,43 €/L","img":"https://fd3-photos.leclercdrive.fr/image.ashx?id=2939454&use=l&cat=p&typeid=i","cat":316067},{"id":152510,"n":"Boisson végétale Bio Bjorg Avoine cacao - 1L","p":2.17,"u":"2,17 €/L","img":"https://fd3-photos.leclercdrive.fr/image.ashx?id=2939457&use=l&cat=p&typeid=i","cat":316067},{"id":152595,"n":"Barres chocolat Toblerone Chocolat au lait - 3x100g","p":4.93,"u":"16,43 €/KG","img":"https://fd3-photos.leclercdrive.fr/image.ashx?id=2078241&use=l&cat=p&typeid=i","cat":284498},{"id":152596,"n":"Câpres Maille Surfines - 85g","p":2.84,"u":"33,41 €/KG","img":"https://fd3-photos.leclercdrive.fr/image.ashx?id=2539674&use=l&cat=p&typeid=i","cat":284458},{"id":152608,"n":"Mayonnaise de Dijon Amora 5 ingrédients - 400g","p":2.96,"u":"7,40 €/KG","img":"https://fd3-photos.leclercdrive.fr/image.ashx?id=3005392&use=l&cat=p&typeid=i","cat":298295},{"id":152612,"n":"Pasta Box Sodebo Fusilli à la Carbonara - 330g","p":2.52,"u":"7,64 €/KG","img":"https://fd3-photos.leclercdrive.fr/image.ashx?id=2919781&use=l&cat=p&typeid=i","cat":334983},{"id":152615,"n":"Pasta Box Sodebo Fusilli Fromages Italiens -330g","p":2.66,"u":"8,06 €/KG","img":"https://fd3-photos.leclercdrive.fr/image.ashx?id=2919784&use=l&cat=p&typeid=i","cat":334983},{"id":152616,"n":"Pasta Box Sodebo Fusilli Saumon - 280g","p":3.38,"u":"11,27 €/KG","img":"https://fd3-photos.leclercdrive.fr/image.ashx?id=2985078&use=l&cat=p&typeid=i","cat":334983},{"id":152617,"n":"Happy Cherry Haribo Sachet bonbons - 220g","p":1.92,"u":"8,73 €/KG","img":"https://fd3-photos.leclercdrive.fr/image.ashx?id=2984901&use=l&cat=p&typeid=i","cat":304250},{"id":152710,"n":"Nuggets végetaux Findus Green cuisine - 250g","p":2.24,"u":"8,96 €/KG","img":"https://fd3-photos.leclercdrive.fr/image.ashx?id=2462355&use=l&cat=p&typeid=i","cat":319805},{"id":152736,"n":"Camembert Le Rustique Extra coulant - 240g","p":3.5,"u":"14,58 €/KG","img":"https://fd3-photos.leclercdrive.fr/image.ashx?id=2797479&use=l&cat=p&typeid=i","cat":314033},{"id":152742,"n":"Purée de Pomme Vanille Valade Bio Sans sucres ajoutés - 630g","p":3.33,"u":"5,29 €/KG","img":"https://fd3-photos.leclercdrive.fr/image.ashx?id=2881819&use=l&cat=p&typeid=i","cat":284508},{"id":152782,"n":"Gel entretien Vinckel Canalisations - 900ml","p":3.19,"u":"3,54 €/L","img":"https://fd3-photos.leclercdrive.fr/image.ashx?id=2652667&use=l&cat=p&typeid=i","cat":284908},{"id":152818,"n":"Recharge Glade Relaxing zen x1","p":4.22,"img":"https://fd3-photos.leclercdrive.fr/image.ashx?id=2291846&use=l&cat=p&typeid=i","cat":311629},{"id":152827,"n":"Chipolatas aux herbes Socopa x6 -330g","p":2.47,"u":"7,48 €/KG","img":"https://fd3-photos.leclercdrive.fr/image.ashx?id=2414666&use=l&cat=p&typeid=i","cat":284334},{"id":152900,"n":"Spray désinfectant Steripan Antiseptique sans gaz - 100ml","p":4.09,"u":"40,90 €/L","img":"https://fd3-photos.leclercdrive.fr/image.ashx?id=2078754&use=l&cat=p&typeid=i","cat":284630},{"id":152920,"n":"Poche chaud/froid Mercurochrome Réutilisable - 1 pièce","p":11.93,"img":"https://fd3-photos.leclercdrive.fr/image.ashx?id=2333869&use=l&cat=p&typeid=i","cat":284630},{"id":152923,"n":"Tire-tiques Mercurochrome 1 pièce","p":6.9,"img":"https://fd3-photos.leclercdrive.fr/image.ashx?id=2519042&use=l&cat=p&typeid=i","cat":284630},{"id":152940,"n":"Soin Mercurochrome ongles âbimés - 1 pièce","p":11.1,"img":"https://fd3-photos.leclercdrive.fr/image.ashx?id=2663995&use=l&cat=p&typeid=i","cat":284630},{"id":152955,"n":"Canettes Coca-Cola Sans sucre - 2 offerts - 20x33cl","p":9.69,"u":"1,47 €/L","img":"https://fd3-photos.leclercdrive.fr/image.ashx?id=3009005&use=l&cat=p&typeid=i","cat":284530},{"id":153015,"n":"Cassonade pure canne Daddy 750g","p":2.26,"u":"3,01 €/KG","img":"https://fd3-photos.leclercdrive.fr/image.ashx?id=2944702&use=l&cat=p&typeid=i","cat":284502},{"id":153058,"n":"Cônes glacés Trium Coco - x6 - 411g","p":2.69,"u":"6,55 €/KG","img":"https://fd3-photos.leclercdrive.fr/image.ashx?id=2931844&use=l&cat=p&typeid=i","cat":284264},{"id":153059,"n":"Cônes glacés Trium Chocolat - x6 - 423g","p":2.13,"u":"5,04 €/KG","img":"https://fd3-photos.leclercdrive.fr/image.ashx?id=2931829&use=l&cat=p&typeid=i","cat":284264},{"id":153060,"n":"Cônes glacés Trium Vanille caramel - x6 - 432g","p":2.53,"u":"5,86 €/KG","img":"https://fd3-photos.leclercdrive.fr/image.ashx?id=2931835&use=l&cat=p&typeid=i","cat":284264},{"id":153061,"n":"Cônes glacés Trium Vanille fraise - x6 - 426g","p":1.69,"u":"3,97 €/KG","img":"https://fd3-photos.leclercdrive.fr/image.ashx?id=2931808&use=l&cat=p&typeid=i","cat":284264},{"id":153062,"n":"Cônes glacés Trium Vanille nougatine x6 - 402g","p":1.59,"u":"3,96 €/KG","img":"https://fd3-photos.leclercdrive.fr/image.ashx?id=2931805&use=l&cat=p&typeid=i","cat":284264},{"id":153064,"n":"Mini cônesTrium Vanille Chocolat x8 - 344g","p":2.99,"u":"8,69 €/KG","img":"https://fd3-photos.leclercdrive.fr/image.ashx?id=2931841&use=l&cat=p&typeid=i","cat":284264},{"id":153065,"n":"Cônes glacés Trium A l'italienne chocolat x4 286g","p":2.3,"u":"8,04 €/KG","img":"https://fd3-photos.leclercdrive.fr/image.ashx?id=2931799&use=l&cat=p&typeid=i","cat":284264},{"id":153066,"n":"Cônes glacés Trium A l'italienne fraise x4 - 286g","p":2.26,"u":"7,90 €/KG","img":"https://fd3-photos.leclercdrive.fr/image.ashx?id=2931802&use=l&cat=p&typeid=i","cat":284264},{"id":153067,"n":"Cônes glacés Trium Fruits rouges - x6 - 474g","p":2.51,"u":"5,30 €/KG","img":"https://fd3-photos.leclercdrive.fr/image.ashx?id=2931832&use=l&cat=p&typeid=i","cat":284264},{"id":153068,"n":"Cônes glacés Trium Sorbet mangue passion x6 456g","p":2.56,"u":"5,61 €/KG","img":"https://fd3-photos.leclercdrive.fr/image.ashx?id=2931823&use=l&cat=p&typeid=i","cat":284264},{"id":153069,"n":"Cônes glacés Trium Rhum raisins - x6 - 414g","p":2.43,"u":"5,87 €/KG","img":"https://fd3-photos.leclercdrive.fr/image.ashx?id=2931814&use=l&cat=p&typeid=i","cat":284264},{"id":153070,"n":"Cônes glacés Trium Menthe chocolat x6 - 414g","p":2.19,"u":"5,29 €/KG","img":"https://fd3-photos.leclercdrive.fr/image.ashx?id=2931826&use=l&cat=p&typeid=i","cat":284264},{"id":153071,"n":"Cônes glacés Trium Crème brulée - x6 - 426g","p":2.52,"u":"5,92 €/KG","img":"https://fd3-photos.leclercdrive.fr/image.ashx?id=2931820&use=l&cat=p&typeid=i","cat":284264},{"id":153072,"n":"Cônes glacés Trium Café - x6 - 426g","p":2.19,"u":"5,14 €/KG","img":"https://fd3-photos.leclercdrive.fr/image.ashx?id=2931838&use=l&cat=p&typeid=i","cat":284264},{"id":153073,"n":"Cônes glacés Trium Vanille chocolat - x6 - 426g","p":1.93,"u":"4,53 €/KG","img":"https://fd3-photos.leclercdrive.fr/image.ashx?id=2931817&use=l&cat=p&typeid=i","cat":284264},{"id":153074,"n":"Cônes glacés Trium Citron framboise x6 - 456g","p":2.67,"u":"5,86 €/KG","img":"https://fd3-photos.leclercdrive.fr/image.ashx?id=2931811&use=l&cat=p&typeid=i","cat":284264},{"id":153075,"n":"Cônes glacés Trium Chocolat pistaches - x6 - 402g","p":1.99,"u":"4,95 €/KG","img":"https://fd3-photos.leclercdrive.fr/image.ashx?id=2909909&use=l&cat=p&typeid=i","cat":284264},{"id":153089,"n":"Lotion anti-insectes Autan 100 ml","p":6.1,"u":"61,00 €/L","img":"https://fd3-photos.leclercdrive.fr/image.ashx?id=2791575&use=l&cat=p&typeid=i","cat":298368},{"id":153147,"n":"Jambon Supérieur Fleury Michon sans nitrite x8 - 280g","p":4.98,"u":"17,79 €/KG","img":"https://fd3-photos.leclercdrive.fr/image.ashx?id=2889481&use=l&cat=p&typeid=i","cat":316009},{"id":153152,"n":"Jambon Supérieur Fleury Michon sans nitrite x2 - 70g","p":1.83,"u":"26,14 €/KG","img":"https://fd3-photos.leclercdrive.fr/image.ashx?id=2889472&use=l&cat=p&typeid=i","cat":316009},{"id":153154,"n":"Jambon Supérieur Fleury Michon -25% sel sans nitrite x6 - 210g","p":4.17,"u":"19,86 €/KG","img":"https://fd3-photos.leclercdrive.fr/image.ashx?id=2889487&use=l&cat=p&typeid=i","cat":316009},{"id":153155,"n":"Jambon Supérieur Fleury Michon -25% sel sans nitrite x4 - 140g","p":2.87,"u":"20,50 €/KG","img":"https://fd3-photos.leclercdrive.fr/image.ashx?id=2905399&use=l&cat=p&typeid=i","cat":316009},{"id":153158,"n":"Jambon Simplement Bon Fleury  Michon -25% de sel - x6 - 210g","p":3.17,"u":"15,10 €/KG","img":"https://fd3-photos.leclercdrive.fr/image.ashx?id=2842696&use=l&cat=p&typeid=i","cat":316009},{"id":153167,"n":"Jambon Simplement Bon  Fleury Michon - x8 - 320g","p":4.08,"u":"12,75 €/KG","img":"https://fd3-photos.leclercdrive.fr/image.ashx?id=3008383&use=l&cat=p&typeid=i","cat":316009},{"id":153192,"n":"Canettes Coca-cola Zéro Soda sans sucre - 12x33cl","p":6.83,"u":"1,72 €/L","img":"https://fd3-photos.leclercdrive.fr/image.ashx?id=2209194&use=l&cat=p&typeid=i","cat":284530},{"id":153229,"n":"Mayonnaise de Dijon Amora Tube - 175g","p":1.47,"u":"8,40 €/KG","img":"https://fd3-photos.leclercdrive.fr/image.ashx?id=2082711&use=l&cat=p&typeid=i","cat":298295},{"id":153230,"n":"Mayonnaise de Dijon - 705g Flacon - 705g","p":4.76,"u":"6,75 €/KG","img":"https://fd3-photos.leclercdrive.fr/image.ashx?id=2877199&use=l&cat=p&typeid=i","cat":298295},{"id":153242,"n":"Ketchup Amora  468g","p":2.09,"u":"4,47 €/KG","img":"https://fd3-photos.leclercdrive.fr/image.ashx?id=2766628&use=l&cat=p&typeid=i","cat":284455},{"id":153248,"n":"Rôti de porc Fleury Michon Extra tendre - x4 - 160g","p":3.03,"u":"18,94 €/KG","img":"https://fd3-photos.leclercdrive.fr/image.ashx?id=2314050&use=l&cat=p&typeid=i","cat":316009},{"id":153249,"n":"Barre patisserie P'tit Déli Pepites de chocolats 500g","p":3.49,"u":"6,98 €/KG","img":"https://fd3-photos.leclercdrive.fr/image.ashx?id=2609589&use=l&cat=p&typeid=i","cat":294776},{"id":153271,"n":"Gâteaux fourrés Napolitain LU Chocolat - 360g","p":3.05,"u":"8,47 €/KG","img":"https://fd3-photos.leclercdrive.fr/image.ashx?id=2349055&use=l&cat=p&typeid=i","cat":284495},{"id":153280,"n":"Saucisses cocktail Stephan 2 nature 1 chorizo - 3x200g","p":7.2,"u":"12,00 €/KG","img":"https://fd3-photos.leclercdrive.fr/image.ashx?id=2097170&use=l&cat=p&typeid=i","cat":284450},{"id":153313,"n":"Gateau Savane Brossard Pocket chocolat - x7  210g","p":2.18,"u":"10,38 €/KG","img":"https://fd3-photos.leclercdrive.fr/image.ashx?id=2870722&use=l&cat=p&typeid=i","cat":284495},{"id":153328,"n":"Gâteaux fourrés Napolitain LU Chocolat - 180g","p":1.53,"u":"8,50 €/KG","img":"https://fd3-photos.leclercdrive.fr/image.ashx?id=3002225&use=l&cat=p&typeid=i","cat":284495},{"id":153393,"n":"Eau Aromatisée Vittel Aro Fraise - 1L","p":1.18,"u":"1,18 €/L","img":"https://fd3-photos.leclercdrive.fr/image.ashx?id=2788874&use=l&cat=p&typeid=i","cat":284537},{"id":153447,"n":"Lait Céréales bio Bio Village Vanille 6 mois - 2x25cl","p":2.13,"u":"4,26 €/L","img":"https://fd3-photos.leclercdrive.fr/image.ashx?id=2833026&use=l&cat=p&typeid=i","cat":312226},{"id":153451,"n":"Lait Céréales bio Bio Village Nature 6 mois - 2x25cl","p":1.95,"u":"3,90 €/KG","img":"https://fd3-photos.leclercdrive.fr/image.ashx?id=2833029&use=l&cat=p&typeid=i","cat":312226},{"id":153734,"n":"Pâte de curry doux Patak's 165g","p":2.99,"u":"18,12 €/KG","img":"https://fd3-photos.leclercdrive.fr/image.ashx?id=2879802&use=l&cat=p&typeid=i","cat":289012},{"id":153928,"n":"Petits chèvre frais ronds L'Atelier Fromagerie - 100g","p":2.15,"u":"21,50 €/KG","img":"https://fd3-photos.leclercdrive.fr/image.ashx?id=2999643&use=l&cat=p&typeid=i","cat":314036},{"id":153967,"n":"Changes bébé Lotus Baby T2 Douceur naturelle 3/6kg - x45","p":14.9,"u":"0,33 €/P","img":"https://fd3-photos.leclercdrive.fr/image.ashx?id=2909206&use=l&cat=p&typeid=i","cat":284737},{"id":153968,"n":"Change bébé Lotus Baby T6 Douceur naturelle 16/26kg x 32","p":12.0,"u":"0,38 €/P","img":"https://fd3-photos.leclercdrive.fr/image.ashx?id=3011878&use=l&cat=p&typeid=i","cat":284737},{"id":153969,"n":"Culottes Lotus Baby T3 Douceur naturelle 7/11kg - x34","p":12.44,"u":"0,37 €/P","img":"https://fd3-photos.leclercdrive.fr/image.ashx?id=2449175&use=l&cat=p&typeid=i","cat":290633},{"id":153994,"n":"Lentilles vertes Vivien Paille 500g","p":1.73,"u":"3,46 €/KG","img":"https://fd3-photos.leclercdrive.fr/image.ashx?id=2247697&use=l&cat=p&typeid=i","cat":312609},{"id":154090,"n":"Plateau Aper'idées 28%mg - 320g","p":7.5,"u":"23,44 €/KG","img":"https://fd3-photos.leclercdrive.fr/image.ashx?id=2086486&use=l&cat=p&typeid=i","cat":314027},{"id":154098,"n":"Cidre rouge La Mordue 4x27.5 cl","p":3.78,"u":"3,44 €/L","img":"https://fd3-photos.leclercdrive.fr/image.ashx?id=2625133&use=l&cat=p&typeid=i","cat":334880},{"id":154102,"n":"Street pizza Grando's Salami - 190g","p":2.16,"u":"11,37 €/KG","img":"https://fd3-photos.leclercdrive.fr/image.ashx?id=2760151&use=l&cat=p&typeid=i","cat":284256},{"id":154629,"n":"Bière Blonde Leffe 6,6% - 20x25cl","p":15.2,"u":"3,04 €/L","img":"https://fd3-photos.leclercdrive.fr/image.ashx?id=2995427&use=l&cat=p&typeid=i","cat":334852},{"id":154631,"n":"Boisson multifruits Jafun Format poche - 10x20Cl","p":3.2,"u":"1,60 €/L","img":"https://fd3-photos.leclercdrive.fr/image.ashx?id=2992561&use=l&cat=p&typeid=i","cat":284524},{"id":155123,"n":"Biscuits fourrés  BN Fraises - 285g","p":1.51,"u":"5,30 €/KG","img":"https://fd3-photos.leclercdrive.fr/image.ashx?id=2878804&use=l&cat=p&typeid=i","cat":284489},{"id":155129,"n":"Petits pois doux carottes Bio Bio Village - 420g","p":2.3,"u":"5,48 €/KG","img":"https://fd3-photos.leclercdrive.fr/image.ashx?id=3002710&use=l&cat=p&typeid=i","cat":312607},{"id":155134,"n":"Knacki original Herta x4 - 140g","p":1.37,"u":"9,79 €/KG","img":"https://fd3-photos.leclercdrive.fr/image.ashx?id=2289840&use=l&cat=p&typeid=i","cat":316012},{"id":155244,"n":"Mini cônes Extrême  Vanille  - 8x39g","p":4.49,"u":"14,39 €/KG","img":"https://fd3-photos.leclercdrive.fr/image.ashx?id=2737741&use=l&cat=p&typeid=i","cat":284264},{"id":155267,"n":"Pizza barchetta Grando's Vegetariana - 190g","p":2.12,"u":"11,16 €/KG","img":"https://fd3-photos.leclercdrive.fr/image.ashx?id=2760154&use=l&cat=p&typeid=i","cat":284257},{"id":155295,"n":"Préparation Cookies alsa Pépites de Chocolat - 240g","p":2.19,"u":"9,13 €/KG","img":"https://fd3-photos.leclercdrive.fr/image.ashx?id=2996446&use=l&cat=p&typeid=i","cat":284505},{"id":155300,"n":"Capsules Starbucks by Nespresso  Italian Style Int 11 - x10","p":3.69,"u":"65,89 €/KG","img":"https://fd3-photos.leclercdrive.fr/image.ashx?id=2654068&use=l&cat=p&typeid=i","cat":284749},{"id":155302,"n":"Biscuits BN casse croute 400g","p":1.57,"u":"3,93 €/KG","img":"https://fd3-photos.leclercdrive.fr/image.ashx?id=2503900&use=l&cat=p&typeid=i","cat":284491},{"id":155334,"n":"Gel répulsif Junior Autan Anti-moustique - 100 ml","p":5.52,"u":"55,20 €/L","img":"https://fd3-photos.leclercdrive.fr/image.ashx?id=2791584&use=l&cat=p&typeid=i","cat":299654},{"id":155335,"n":"Répulsif anti-moustiques Autan Tropical - 100ml","p":5.59,"u":"55,90 €/L","img":"https://fd3-photos.leclercdrive.fr/image.ashx?id=2791572&use=l&cat=p&typeid=i","cat":298368},{"id":155337,"n":"Répulsif insectes Autan Botanicals - 100ml","p":6.7,"u":"67,00 €/L","img":"https://fd3-photos.leclercdrive.fr/image.ashx?id=2791569&use=l&cat=p&typeid=i","cat":299654},{"id":155340,"n":"Spray répulsif moustiques Autan Tropical - 100 ml","p":6.58,"u":"65,80 €/L","img":"https://fd3-photos.leclercdrive.fr/image.ashx?id=2791566&use=l&cat=p&typeid=i","cat":299654},{"id":155383,"n":"Piles Duracell LR54","p":3.37,"img":"https://fd3-photos.leclercdrive.fr/image.ashx?id=2422571&use=l&cat=p&typeid=i","cat":300572},{"id":155384,"n":"Thon albacore Le Savoureux Entier à l'huile d'olive-3x80g","p":4.34,"u":"18,08 €/KG","img":"https://fd3-photos.leclercdrive.fr/image.ashx?id=2170523&use=l&cat=p&typeid=i","cat":303867},{"id":155393,"n":"Thon naturel MSC Petit Navire 2x112g","p":6.26,"u":"27,95 €/KG","img":"https://fd3-photos.leclercdrive.fr/image.ashx?id=2226265&use=l&cat=p&typeid=i","cat":303867},{"id":155411,"n":"Chewing-gum Mentos Pure Fresh  Cerise sans sucres - 100g","p":3.27,"u":"32,70 €/KG","img":"https://fd3-photos.leclercdrive.fr/image.ashx?id=2659807&use=l&cat=p&typeid=i","cat":304251},{"id":155448,"n":"Gâche tranchée Pasquier 500g","p":2.69,"u":"5,38 €/KG","img":"https://fd3-photos.leclercdrive.fr/image.ashx?id=2650516&use=l&cat=p&typeid=i","cat":284478},{"id":155549,"n":"Glace Bâtonnet MAGNUM Double Gold Caramel 4x85ml","p":3.08,"u":"10,85 €/KG","img":"https://fd3-photos.leclercdrive.fr/image.ashx?id=2770620&use=l&cat=p&typeid=i","cat":284265},{"id":155551,"n":"Mini bâtonnet Magnum  Double gold caramel x6 - 282g","p":4.53,"u":"16,06 €/KG","img":"https://fd3-photos.leclercdrive.fr/image.ashx?id=2769239&use=l&cat=p&typeid=i","cat":284265},{"id":155577,"n":"Olives vertes dénoyautées à l'ail Tropic Apéro - 450g","p":4.41,"u":"9,80 €/KG","img":"https://fd3-photos.leclercdrive.fr/image.ashx?id=2794433&use=l&cat=p&typeid=i","cat":316002},{"id":155704,"n":"Dessert - P'tit Brassé Nestlé Pomme Ananas Bio - 6 mois 4x90g","p":2.78,"u":"7,72 €/KG","img":"https://fd3-photos.leclercdrive.fr/image.ashx?id=2102929&use=l&cat=p&typeid=i","cat":312392},{"id":155717,"n":"Sauce apéritif  Doritos Goût salsa douce -280g","p":2.47,"u":"8,82 €/KG","img":"https://fd3-photos.leclercdrive.fr/image.ashx?id=3014476&use=l&cat=p&typeid=i","cat":284451},{"id":155772,"n":"Spray Détachant à Sec Vanish  500ml","p":5.43,"u":"10,86 €/L","img":"https://fd3-photos.leclercdrive.fr/image.ashx?id=2680410&use=l&cat=p&typeid=i","cat":284651},{"id":155792,"n":"Compote bébé Blédina 4-6 mois Pomme coing - 4x130g","p":2.87,"u":"5,52 €/KG","img":"https://fd3-photos.leclercdrive.fr/image.ashx?id=2911205&use=l&cat=p&typeid=i","cat":312387},{"id":155793,"n":"Compote bébé Blédina 4-6 mois Pomme pruneau - 4x130g","p":2.69,"u":"5,17 €/KG","img":"https://fd3-photos.leclercdrive.fr/image.ashx?id=2911202&use=l&cat=p&typeid=i","cat":312387},{"id":155795,"n":"Soda Coca-Cola - SANS SUCRES Canette - 6x33cl","p":3.35,"u":"1,69 €/L","img":"https://fd3-photos.leclercdrive.fr/image.ashx?id=2736805&use=l&cat=p&typeid=i","cat":284530},{"id":155816,"n":"Compote avec morceaux Andros Framboise - 4x100g","p":2.57,"u":"6,43 €/KG","img":"https://fd3-photos.leclercdrive.fr/image.ashx?id=2908201&use=l&cat=p&typeid=i","cat":284416},{"id":155817,"n":"Boisson végétale Alpro avoine sans sucres - 1l","p":2.76,"u":"2,76 €/L","img":"https://fd3-photos.leclercdrive.fr/image.ashx?id=2790252&use=l&cat=p&typeid=i","cat":316067},{"id":155819,"n":"Yaourt brassé Perle de Lait Saveur Amande - 4x125g","p":2.07,"u":"4,14 €/KG","img":"https://fd3-photos.leclercdrive.fr/image.ashx?id=2939655&use=l&cat=p&typeid=i","cat":286006},{"id":155820,"n":"Salade Batavia verte 1p","p":0.99,"img":"https://fd3-photos.leclercdrive.fr/image.ashx?id=1633577&use=l&cat=p&typeid=i","cat":284352},{"id":155829,"n":"Salade laitue verte 1p","p":1.25,"img":"https://fd3-photos.leclercdrive.fr/image.ashx?id=1633040&use=l&cat=p&typeid=i","cat":284352},{"id":155877,"n":"Riz risotto Gallo Tradition 500g","p":2.57,"u":"5,14 €/KG","img":"https://fd3-photos.leclercdrive.fr/image.ashx?id=2113355&use=l&cat=p&typeid=i","cat":284428},{"id":155900,"n":"Boisson aux Fruits Jafun Tropical - 10x20cl","p":3.2,"u":"1,60 €/L","img":"https://fd3-photos.leclercdrive.fr/image.ashx?id=2992567&use=l&cat=p&typeid=i","cat":295018},{"id":155953,"n":"Thon entier nature MSC  Saupiquet 6+2 offerts - 8x112g","p":12.24,"u":"13,66 €/KG","img":"https://fd3-photos.leclercdrive.fr/image.ashx?id=2487650&use=l&cat=p&typeid=i","cat":303867},{"id":156013,"n":"Soba nouilles Sautées poulet 110g","p":1.87,"u":"17,00 €/KG","img":"https://fd3-photos.leclercdrive.fr/image.ashx?id=2433524&use=l&cat=p&typeid=i","cat":288992},{"id":156020,"n":"Soda Sprite Canette - 6x33cl","p":3.66,"u":"1,85 €/L","img":"https://fd3-photos.leclercdrive.fr/image.ashx?id=2973994&use=l&cat=p&typeid=i","cat":284531},{"id":156022,"n":"Soda Coca Cola Cherry Canette 6x33cl","p":4.14,"u":"2,09 €/L","img":"https://fd3-photos.leclercdrive.fr/image.ashx?id=2997226&use=l&cat=p&typeid=i","cat":284530},{"id":156028,"n":"Sucre Poudre Daddy Extra Fin profil pack 750g","p":2.05,"u":"2,73 €/KG","img":"https://fd3-photos.leclercdrive.fr/image.ashx?id=2936074&use=l&cat=p&typeid=i","cat":284502},{"id":156067,"n":"Soda Coca-Cola Canette - 6x33cl","p":4.2,"u":"2,12 €/L","img":"https://fd3-photos.leclercdrive.fr/image.ashx?id=2997229&use=l&cat=p&typeid=i","cat":284530},{"id":156106,"n":"Cassoulet Maison Rivière Toulousain au porc - 840g","p":4.87,"u":"5,80 €/KG","img":"https://fd3-photos.leclercdrive.fr/image.ashx?id=2734228&use=l&cat=p&typeid=i","cat":284440},{"id":156138,"n":"Soda Coca-Cola Original Canettes - 20x33cl","p":14.13,"u":"2,14 €/L","img":"https://fd3-photos.leclercdrive.fr/image.ashx?id=2846766&use=l&cat=p&typeid=i","cat":284530},{"id":156139,"n":"Soda Coca-Cola - SANS SUCRES Canettes - 20x33cl","p":12.25,"u":"1,86 €/L","img":"https://fd3-photos.leclercdrive.fr/image.ashx?id=2174513&use=l&cat=p&typeid=i","cat":284530},{"id":156141,"n":"Soda Fanta citron frappé canettes - 6x33cl","p":3.25,"u":"1,64 €/L","img":"https://fd3-photos.leclercdrive.fr/image.ashx?id=2660212&use=l&cat=p&typeid=i","cat":284532},{"id":156145,"n":"Thé glacé Fuze tea Saveur pêche - 1,75L","p":1.93,"u":"1,10 €/L","img":"https://fd3-photos.leclercdrive.fr/image.ashx?id=2944395&use=l&cat=p&typeid=i","cat":295019},{"id":156151,"n":"Cônes Extrême Sundae Caramel - 438g","p":3.76,"u":"8,58 €/KG","img":"https://fd3-photos.leclercdrive.fr/image.ashx?id=2844034&use=l&cat=p&typeid=i","cat":284264},{"id":156156,"n":"Fromage enfant Kiri crème 8 portions à tartiner - 144g","p":2.07,"u":"0,26 €/P","img":"https://fd3-photos.leclercdrive.fr/image.ashx?id=2973562&use=l&cat=p&typeid=i","cat":314030},{"id":156165,"n":"Sauce bolognaise Bolo Balls 400g","p":2.52,"u":"6,30 €/KG","img":"https://fd3-photos.leclercdrive.fr/image.ashx?id=2918571&use=l&cat=p&typeid=i","cat":287599},{"id":156171,"n":"Sablés Michel et Augustin Parmigiano reggiano - 100g","p":2.43,"u":"24,30 €/KG","img":"https://fd3-photos.leclercdrive.fr/image.ashx?id=2114218&use=l&cat=p&typeid=i","cat":297000},{"id":156174,"n":"Biscuits fourrés BN Framboise - 285g","p":1.46,"u":"5,12 €/KG","img":"https://fd3-photos.leclercdrive.fr/image.ashx?id=2474999&use=l&cat=p&typeid=i","cat":284489},{"id":156186,"n":"Mini marbrés Bio Village Bio - 140g","p":2.87,"u":"20,50 €/KG","img":"https://fd3-photos.leclercdrive.fr/image.ashx?id=2893600&use=l&cat=p&typeid=i","cat":284495},{"id":156187,"n":"Mini gâteau fourré Bio Village Fraise Bio - 140g","p":2.28,"u":"16,29 €/KG","img":"https://fd3-photos.leclercdrive.fr/image.ashx?id=2816160&use=l&cat=p&typeid=i","cat":284495},{"id":156188,"n":"Préparation Flan Pâtissier alsa Vanille - 740g","p":2.83,"u":"3,82 €/KG","img":"https://fd3-photos.leclercdrive.fr/image.ashx?id=2790591&use=l&cat=p&typeid=i","cat":284505},{"id":156191,"n":"Joker 30% Moins Sucré Multifruits - 0,9L","p":2.29,"u":"2,54 €/L","img":"https://fd3-photos.leclercdrive.fr/image.ashx?id=2785772&use=l&cat=p&typeid=i","cat":284917},{"id":156193,"n":"Farine blé T45 Francine 750g","p":1.27,"u":"1,69 €/KG","img":"https://fd3-photos.leclercdrive.fr/image.ashx?id=2989141&use=l&cat=p&typeid=i","cat":284503},{"id":156198,"n":"Bière blonde Tripel Karmeliet 8,4% - 6x33cl","p":12.83,"u":"6,48 €/L","img":"https://fd3-photos.leclercdrive.fr/image.ashx?id=2675586&use=l&cat=p&typeid=i","cat":334872},{"id":156200,"n":"Wraps Old El Paso de blé nature format familial x10 - 580g","p":3.99,"u":"6,88 €/KG","img":"https://fd3-photos.leclercdrive.fr/image.ashx?id=2745352&use=l&cat=p&typeid=i","cat":288993},{"id":156223,"n":"Croquette Truite One Sterilcat Indoor formula","p":14.22,"u":"4,74 €/KG","img":"https://fd3-photos.leclercdrive.fr/image.ashx?id=2488076&use=l&cat=p&typeid=i","cat":284680},{"id":156226,"n":"Croquette chat Purina One Dual Nature cranberry 1,4kg","p":7.17,"u":"5,12 €/KG","img":"https://fd3-photos.leclercdrive.fr/image.ashx?id=2868155&use=l&cat=p&typeid=i","cat":284680},{"id":156229,"n":"Repas Purina One Spécial chat stérilisé - 680g","p":4.36,"u":"6,41 €/KG","img":"https://fd3-photos.leclercdrive.fr/image.ashx?id=2899725&use=l&cat=p&typeid=i","cat":285286},{"id":156334,"n":"Grissini artigianali Florelli Multigraines - 250g","p":2.17,"u":"8,68 €/KG","img":"https://fd3-photos.leclercdrive.fr/image.ashx?id=2475864&use=l&cat=p&typeid=i","cat":289010},{"id":156339,"n":"Café solubleL'Or Classique Sticks - 235g","p":6.73,"u":"46,74 €/KG","img":"https://fd3-photos.leclercdrive.fr/image.ashx?id=2115929&use=l&cat=p&typeid=i","cat":284843},{"id":156343,"n":"Abondance AOP NRT L'Atelier Fromagerie - 150g","p":3.2,"u":"21,33 €/KG","img":"https://fd3-photos.leclercdrive.fr/image.ashx?id=2123907&use=l&cat=p&typeid=i","cat":314036},{"id":156348,"n":"Cantal Entre deux AOP NRT L'Atelier Fromagerie - 200g","p":3.5,"u":"17,50 €/KG","img":"https://fd3-photos.leclercdrive.fr/image.ashx?id=2398788&use=l&cat=p&typeid=i","cat":327294},{"id":156355,"n":"Grana padano 20 mois AOP L'Atelier Fromagerie - 180g","p":3.99,"u":"22,17 €/KG","img":"https://fd3-photos.leclercdrive.fr/image.ashx?id=2817178&use=l&cat=p&typeid=i","cat":314036},{"id":156397,"n":"Glaces Ferrero Rocher x4 chocolat lait noisettes - 200g","p":3.44,"img":"https://fd3-photos.leclercdrive.fr/image.ashx?id=2759065&use=l&cat=p&typeid=i","cat":284265},{"id":156412,"n":"Glaces Nui Caramel White chocolate & Texan pecan x4 264g","p":4.51,"u":"17,08 €/KG","img":"https://fd3-photos.leclercdrive.fr/image.ashx?id=2519900&use=l&cat=p&typeid=i","cat":284265},{"id":156415,"n":"Bâtonnet Raffaello  Noix de coco amandes x4 - 188g","p":3.57,"u":"18,99 €/KG","img":"https://fd3-photos.leclercdrive.fr/image.ashx?id=2863890&use=l&cat=p&typeid=i","cat":284265},{"id":156423,"n":"Filets de poulet Auvergne NRT x2 Label Rouge - 265g","p":6.15,"u":"23,21 €/KG","img":"https://fd3-photos.leclercdrive.fr/image.ashx?id=2699834&use=l&cat=p&typeid=i","cat":284336},{"id":156428,"n":"Friandises chien Pedigree Schmackos volaille x20 - 144g","p":2.43,"u":"16,88 €/KG","img":"https://fd3-photos.leclercdrive.fr/image.ashx?id=2850174&use=l&cat=p&typeid=i","cat":294527},{"id":156465,"n":"AOC Muscadet blanc Plessis Duval - 3L","p":14.24,"u":"4,75 €/L","img":"https://fd3-photos.leclercdrive.fr/image.ashx?id=2941023&use=l&cat=p&typeid=i","cat":289557},{"id":156476,"n":"Fromage Feta Grecque Islos AOP - 150g","p":2.78,"u":"18,53 €/KG","img":"https://fd3-photos.leclercdrive.fr/image.ashx?id=2892625&use=l&cat=p&typeid=i","cat":314026},{"id":156493,"n":"Petit pot bébé Blédina 6 mois  Légumes bœuf - 2x200g","p":1.97,"u":"4,93 €/KG","img":"https://fd3-photos.leclercdrive.fr/image.ashx?id=2968091&use=l&cat=p&typeid=i","cat":312236},{"id":156494,"n":"Petit pot bébé Blédina 6 mois Riz légumes saumon - 2x200g","p":2.17,"u":"5,43 €/KG","img":"https://fd3-photos.leclercdrive.fr/image.ashx?id=2911214&use=l&cat=p&typeid=i","cat":312236},{"id":156495,"n":"Petit pot bébé Blédina 6 mois Légumes lieu - 2x200g","p":1.79,"u":"4,48 €/KG","img":"https://fd3-photos.leclercdrive.fr/image.ashx?id=2935771&use=l&cat=p&typeid=i","cat":312236},{"id":156496,"n":"Petit pot bébé Blédina 6 mois Potimarron jambon - 2x200g","p":2.27,"u":"5,68 €/KG","img":"https://fd3-photos.leclercdrive.fr/image.ashx?id=2935768&use=l&cat=p&typeid=i","cat":312236},{"id":156497,"n":"Petit pot bébé Blédina 8 mois Riz ratatouille poisson -2x200g","p":2.18,"u":"5,45 €/KG","img":"https://fd3-photos.leclercdrive.fr/image.ashx?id=2911208&use=l&cat=p&typeid=i","cat":312236},{"id":156499,"n":"Petit pot bébé Blédina 8 mois Légumes poulet - 2x200g","p":1.96,"u":"4,90 €/KG","img":"https://fd3-photos.leclercdrive.fr/image.ashx?id=2935765&use=l&cat=p&typeid=i","cat":312236},{"id":156501,"n":"Petit pot bébé Blédina 6 mois Légumes jambon - 2x200g","p":2.12,"u":"5,30 €/KG","img":"https://fd3-photos.leclercdrive.fr/image.ashx?id=2948767&use=l&cat=p&typeid=i","cat":312236},{"id":156503,"n":"Petit pot bébé Blédina 6 mois  Légumes verts poulet - 2x200g","p":2.17,"u":"5,43 €/KG","img":"https://fd3-photos.leclercdrive.fr/image.ashx?id=2983063&use=l&cat=p&typeid=i","cat":312236},{"id":156527,"n":"Capsules Starbucks by Nespresso  Blonde Espresso Int 6 - x18","p":5.97,"u":"63,51 €/KG","img":"https://fd3-photos.leclercdrive.fr/image.ashx?id=2668177&use=l&cat=p&typeid=i","cat":284749},{"id":156538,"n":"Compote bébé Blédina 6 mois  Aux fruits - 4x130g","p":2.59,"u":"4,98 €/KG","img":"https://fd3-photos.leclercdrive.fr/image.ashx?id=2911196&use=l&cat=p&typeid=i","cat":312388},{"id":156539,"n":"Petit pot bébé Blédina 6 mois Semoule carotte dinde - 2x200g","p":2.07,"u":"5,18 €/KG","img":"https://fd3-photos.leclercdrive.fr/image.ashx?id=2935774&use=l&cat=p&typeid=i","cat":312236},{"id":156540,"n":"Petit pot bébé Blédina 6 mois Patate douce carotte-2x200g","p":1.77,"u":"4,43 €/KG","img":"https://fd3-photos.leclercdrive.fr/image.ashx?id=2951617&use=l&cat=p&typeid=i","cat":312235},{"id":156541,"n":"Petit pot bébé Blédina 6 mois Purée de panais dinde - 2x200g","p":1.97,"u":"4,93 €/KG","img":"https://fd3-photos.leclercdrive.fr/image.ashx?id=2951611&use=l&cat=p&typeid=i","cat":312236},{"id":156550,"n":"Petites Tartelettes Bonne Maman Chocolat caramel - 250g","p":2.27,"u":"9,08 €/KG","img":"https://fd3-photos.leclercdrive.fr/image.ashx?id=2962302&use=l&cat=p&typeid=i","cat":284488},{"id":156553,"n":"Madeleine coeur myrtille x10 sachets fraîcheur","p":3.1,"u":"10,33 €/KG","img":"https://fd3-photos.leclercdrive.fr/image.ashx?id=2936254&use=l&cat=p&typeid=i","cat":284492},{"id":156563,"n":"Petit pot bébé Blédina 6 mois Purée carotte jambon - 2x200g","p":1.97,"u":"4,93 €/KG","img":"https://fd3-photos.leclercdrive.fr/image.ashx?id=2935762&use=l&cat=p&typeid=i","cat":312236},{"id":156564,"n":"Petit pot bébé Blédina 6 mois Riz tomate poulet - 2x200g","p":1.95,"u":"4,88 €/KG","img":"https://fd3-photos.leclercdrive.fr/image.ashx?id=2951614&use=l&cat=p&typeid=i","cat":312236},{"id":156565,"n":"Litière chats Tous mes Amis Minérale parfumée - 8L","p":2.48,"u":"0,31 €/L","img":"https://fd3-photos.leclercdrive.fr/image.ashx?id=2120905&use=l&cat=p&typeid=i","cat":284683},{"id":156598,"n":"Biscuits fourrés bio Jardin Bio Chocolat - 300g","p":2.17,"u":"7,23 €/KG","img":"https://fd3-photos.leclercdrive.fr/image.ashx?id=2903353&use=l&cat=p&typeid=i","cat":284488},{"id":156605,"n":"Thon Entier MSC Petit Navire huile d'olive vierge 2x80g","p":3.49,"u":"21,81 €/KG","img":"https://fd3-photos.leclercdrive.fr/image.ashx?id=2319454&use=l&cat=p&typeid=i","cat":303867},{"id":156633,"n":"Yaourt fruit rouges NRT Cassis Fraise Myrtille - 6x125g","p":2.93,"u":"3,91 €/KG","img":"https://fd3-photos.leclercdrive.fr/image.ashx?id=2920812&use=l&cat=p&typeid=i","cat":286006},{"id":156638,"n":"Emincés de truites fumé ASC Ronde des Mers - 100g","p":4.29,"u":"42,90 €/KG","img":"https://fd3-photos.leclercdrive.fr/image.ashx?id=2953638&use=l&cat=p&typeid=i","cat":285188},{"id":156647,"n":"Compote Pom'Potes Pomme  brugnon banane - 64x90g","p":28.39,"pp":19.87,"u":"3,45 €/KG","img":"https://fd3-photos.leclercdrive.fr/image.ashx?id=2254574&use=l&cat=p&typeid=i","cat":284508},{"id":157328,"n":"Gourde brassé bio Bio Village Nature sucré - 4x85g","p":2.89,"u":"8,50 €/KG","img":"https://fd3-photos.leclercdrive.fr/image.ashx?id=2704858&use=l&cat=p&typeid=i","cat":312393},{"id":157555,"n":"Olives vertes dénoyautées Au Piment d'Espelette - 200g","p":2.94,"u":"14,70 €/KG","img":"https://fd3-photos.leclercdrive.fr/image.ashx?id=2409274&use=l&cat=p&typeid=i","cat":316002},{"id":157590,"n":"Bière Jenlain triple 8.5° - 75cl","p":3.64,"u":"4,85 €/L","img":"https://fd3-photos.leclercdrive.fr/image.ashx?id=2732854&use=l&cat=p&typeid=i","cat":334872},{"id":157611,"n":"Bière blonde La Bête 8° - 75cl","p":4.27,"u":"5,69 €/L","img":"https://fd3-photos.leclercdrive.fr/image.ashx?id=3011242&use=l&cat=p&typeid=i","cat":334872},{"id":157612,"n":"Eau infusée Volvic bio thé noir pêche - 75cl","p":1.47,"u":"1,96 €/L","img":"https://fd3-photos.leclercdrive.fr/image.ashx?id=2748209&use=l&cat=p&typeid=i","cat":284537},{"id":157613,"n":"Eau infusée Volvic bio thé vert menthe - 75cl","p":1.8,"u":"2,40 €/L","img":"https://fd3-photos.leclercdrive.fr/image.ashx?id=2479063&use=l&cat=p&typeid=i","cat":284537},{"id":157628,"n":"Crème corps Mixa  Peaux Sèches, Sensibles - 400ml","p":4.6,"u":"11,50 €/L","img":"https://fd3-photos.leclercdrive.fr/image.ashx?id=2338432&use=l&cat=p&typeid=i","cat":325350},{"id":157710,"n":"Fleur des Sources Ermitage 200g","p":2.47,"u":"12,35 €/KG","img":"https://fd3-photos.leclercdrive.fr/image.ashx?id=2126043&use=l&cat=p&typeid=i","cat":329558},{"id":157777,"n":"Lave glace hiver TECH9 -30° - Dégivrant - 5L","p":6.99,"u":"1,40 €/L","img":"https://fd3-photos.leclercdrive.fr/image.ashx?id=2162702&use=l&cat=p&typeid=i","cat":298252},{"id":157801,"n":"Sac poubelle Alfapac Maxi poids 40L - x15","p":2.21,"u":"0,15 €/P","img":"https://fd3-photos.leclercdrive.fr/image.ashx?id=2526896&use=l&cat=p&typeid=i","cat":285168},{"id":157840,"n":"Cheesecakes Oreo 2x80g - 160g","p":3.57,"u":"22,31 €/KG","img":"https://fd3-photos.leclercdrive.fr/image.ashx?id=2425907&use=l&cat=p&typeid=i","cat":284419},{"id":157960,"n":"Infusion minceur Bio Village Bio - x20 - 30g","p":1.55,"u":"51,67 €/KG","img":"https://fd3-photos.leclercdrive.fr/image.ashx?id=2553935&use=l&cat=p&typeid=i","cat":293234},{"id":157968,"n":"Capsules café Plantation Espresso Caramel n°7- x10 - 52g","p":2.4,"u":"46,15 €/KG","img":"https://fd3-photos.leclercdrive.fr/image.ashx?id=2929882&use=l&cat=p&typeid=i","cat":284749},{"id":157973,"n":"Capsules café Plantation Lungo Forte n°8 - x10 - 52g","p":2.24,"u":"43,08 €/KG","img":"https://fd3-photos.leclercdrive.fr/image.ashx?id=2867266&use=l&cat=p&typeid=i","cat":284749},{"id":157987,"n":"Feuille de brick Mosaïque - 170g","p":0.8,"u":"4,71 €/KG","img":"https://fd3-photos.leclercdrive.fr/image.ashx?id=2488590&use=l&cat=p&typeid=i","cat":289013},{"id":158136,"n":"Jus multifruits nectar Jafaden Sans sucres ajoutés - 1L","p":1.79,"u":"1,79 €/L","img":"https://fd3-photos.leclercdrive.fr/image.ashx?id=2956780&use=l&cat=p&typeid=i","cat":284917},{"id":158145,"n":"Bière agrumes Desperados Virgin 0%vol - 6x33cl","p":7.83,"u":"3,95 €/L","img":"https://fd3-photos.leclercdrive.fr/image.ashx?id=2767519&use=l&cat=p&typeid=i","cat":334877},{"id":158181,"n":"Gel Douche Le Petit Marseillais  Bio peche & nectarine-250ml","p":2.41,"u":"9,64 €/L","img":"https://fd3-photos.leclercdrive.fr/image.ashx?id=2685141&use=l&cat=p&typeid=i","cat":284594},{"id":158234,"n":"Soin yeux La Provençale Bio  Anti-âge rose éclat - 15ml","p":9.92,"u":"661,33 €/L","img":"https://fd3-photos.leclercdrive.fr/image.ashx?id=2958854&use=l&cat=p&typeid=i","cat":325345},{"id":158235,"n":"Batonnets Oasis Fruits exotiques x10 - 400g","p":2.56,"u":"6,40 €/KG","img":"https://fd3-photos.leclercdrive.fr/image.ashx?id=2877868&use=l&cat=p&typeid=i","cat":284265},{"id":158255,"n":"Serum visage La Provençale Bio Anti-âge - 30ml","p":9.92,"u":"330,67 €/L","img":"https://fd3-photos.leclercdrive.fr/image.ashx?id=2971155&use=l&cat=p&typeid=i","cat":325345},{"id":158269,"n":"Coton maxi carrés Carryboo bio - x70","p":3.03,"u":"0,04 €/P","img":"https://fd3-photos.leclercdrive.fr/image.ashx?id=2127274&use=l&cat=p&typeid=i","cat":284739},{"id":158285,"n":"Glace Ben & Jerry's Mini pots Cool-loction 4x100ml","p":6.34,"u":"22,01 €/KG","img":"https://fd3-photos.leclercdrive.fr/image.ashx?id=3009278&use=l&cat=p&typeid=i","cat":284725},{"id":158316,"n":"Stick lèvres Dermophil Réparateur Protecteur- 2 pièces","p":7.03,"u":"439,38 €/KG","img":"https://fd3-photos.leclercdrive.fr/image.ashx?id=2939772&use=l&cat=p&typeid=i","cat":285485},{"id":158329,"n":"Gel Douche Le Petit Marseillais  Bio amande douce - 250ml","p":2.54,"u":"10,16 €/L","img":"https://fd3-photos.leclercdrive.fr/image.ashx?id=2685144&use=l&cat=p&typeid=i","cat":284594},{"id":158364,"n":"Whisky Ballantine's 7 ans Blended Scotch 40% vol - 70cl","p":18.95,"pp":15.16,"u":"21,66 €/L","img":"https://fd3-photos.leclercdrive.fr/image.ashx?id=3000366&use=l&cat=p&typeid=i","cat":284547},{"id":158393,"n":"Chipolatas végétales HappyVore - 200g","p":3.47,"u":"17,35 €/KG","img":"https://fd3-photos.leclercdrive.fr/image.ashx?id=2736199&use=l&cat=p&typeid=i","cat":316036},{"id":158415,"n":"Eau gazeuse San Pellegrino Fleur d'oranger - 6x33cl","p":3.3,"u":"1,67 €/L","img":"https://fd3-photos.leclercdrive.fr/image.ashx?id=2672650&use=l&cat=p&typeid=i","cat":284536},{"id":158485,"n":"Fromage Caprice Des Dieux 125g","p":2.41,"u":"19,28 €/KG","img":"https://fd3-photos.leclercdrive.fr/image.ashx?id=2762076&use=l&cat=p&typeid=i","cat":314033},{"id":158493,"n":"Beurrier Tendre Paysan Breton Doux - 82% MG - 200g","p":3.34,"u":"16,70 €/KG","img":"https://fd3-photos.leclercdrive.fr/image.ashx?id=2903311&use=l&cat=p&typeid=i","cat":284379},{"id":158516,"n":"Saucisson spianata Montorsi 100g","p":1.79,"u":"17,90 €/KG","img":"https://fd3-photos.leclercdrive.fr/image.ashx?id=2525864&use=l&cat=p&typeid=i","cat":316007},{"id":158525,"n":"Crème dessert Délisse Edition limitée - 4x125g","p":1.29,"u":"2,58 €/KG","img":"https://fd3-photos.leclercdrive.fr/image.ashx?id=2970619&use=l&cat=p&typeid=i","cat":285041},{"id":158569,"n":"Blanc de poulet Tradilège Sans nitrite - 4 Tranches 120g","p":1.45,"u":"12,08 €/KG","img":"https://fd3-photos.leclercdrive.fr/image.ashx?id=2970480&use=l&cat=p&typeid=i","cat":316010},{"id":158571,"n":"Plat bébé Blédina 8 mois  Pâtes tomate boeuf - 2x200g","p":2.77,"u":"6,93 €/KG","img":"https://fd3-photos.leclercdrive.fr/image.ashx?id=2975092&use=l&cat=p&typeid=i","cat":312236},{"id":158573,"n":"Miel de fleurs 500g","p":5.87,"u":"11,74 €/KG","img":"https://fd3-photos.leclercdrive.fr/image.ashx?id=2734942&use=l&cat=p&typeid=i","cat":287643},{"id":158574,"n":"Miel L'abeille de Bourgogne crémeux - 500g","p":5.87,"u":"11,74 €/KG","img":"https://fd3-photos.leclercdrive.fr/image.ashx?id=2734945&use=l&cat=p&typeid=i","cat":287643},{"id":158577,"n":"Miel L'abeille de Bourgogne De forêt - 500g","p":6.19,"u":"12,38 €/KG","img":"https://fd3-photos.leclercdrive.fr/image.ashx?id=2734966&use=l&cat=p&typeid=i","cat":287643},{"id":158578,"n":"Miel de tilleul 500g","p":6.2,"u":"12,40 €/KG","img":"https://fd3-photos.leclercdrive.fr/image.ashx?id=2707008&use=l&cat=p&typeid=i","cat":287643},{"id":158579,"n":"Miel L'abeille de Bourgogne 500g","p":8.54,"u":"17,08 €/KG","img":"https://fd3-photos.leclercdrive.fr/image.ashx?id=2707876&use=l&cat=p&typeid=i","cat":287643},{"id":158631,"n":"Plat bébé soir Blédiner 8 mois  Pâtes épinards - 2x200g","p":2.83,"u":"7,08 €/KG","img":"https://fd3-photos.leclercdrive.fr/image.ashx?id=2845868&use=l&cat=p&typeid=i","cat":312239},{"id":158649,"n":"Lait céréales Blédidej 12 mois Biscuité vanille - 500ml","p":1.71,"u":"3,42 €/KG","img":"https://fd3-photos.leclercdrive.fr/image.ashx?id=2503728&use=l&cat=p&typeid=i","cat":312226},{"id":158684,"n":"Bière blanche Affligem 6x25cl - 4.8%vol","p":5.97,"u":"3,98 €/L","img":"https://fd3-photos.leclercdrive.fr/image.ashx?id=2762055&use=l&cat=p&typeid=i","cat":334878},{"id":158715,"n":"Doomino St Michel Choco Noisette x6 - 180g","p":1.9,"u":"10,56 €/KG","img":"https://fd3-photos.leclercdrive.fr/image.ashx?id=2953495&use=l&cat=p&typeid=i","cat":284495},{"id":158756,"n":"Girasoli Turini Chèvre Miel - 250g","p":2.75,"u":"11,00 €/KG","img":"https://fd3-photos.leclercdrive.fr/image.ashx?id=2133243&use=l&cat=p&typeid=i","cat":333682},{"id":158774,"n":"Liquide refroidissement Tech9 -35°C -5L","p":12.99,"u":"2,60 €/L","img":"https://fd3-photos.leclercdrive.fr/image.ashx?id=2138001&use=l&cat=p&typeid=i","cat":298252},{"id":158784,"n":"Petit pot bébé Blédina 8 mois Légumes viande poisson - 8x200g","p":7.77,"u":"4,86 €/KG","img":"https://fd3-photos.leclercdrive.fr/image.ashx?id=2935777&use=l&cat=p&typeid=i","cat":312236},{"id":158787,"n":"Petit pot bébé Blédina 6 mois Légume viande poisson - 8x200g","p":7.77,"u":"4,86 €/KG","img":"https://fd3-photos.leclercdrive.fr/image.ashx?id=2948773&use=l&cat=p&typeid=i","cat":312236},{"id":158788,"n":"Noisette décortiquée Vahiné 125g","p":3.43,"u":"27,44 €/KG","img":"https://fd3-photos.leclercdrive.fr/image.ashx?id=2559814&use=l&cat=p&typeid=i","cat":284504},{"id":158789,"n":"Levure boulanger Vahiné x6 - 48g","p":1.12,"u":"23,33 €/KG","img":"https://fd3-photos.leclercdrive.fr/image.ashx?id=2559793&use=l&cat=p&typeid=i","cat":294686},{"id":158797,"n":"Lait céréales Blédidej 12 mois Chocolat - 500ml","p":1.77,"u":"3,54 €/L","img":"https://fd3-photos.leclercdrive.fr/image.ashx?id=2479042&use=l&cat=p&typeid=i","cat":312226},{"id":158803,"n":"Rotella Haribo Sachet bonbons réglisse - 300g","p":1.53,"u":"5,10 €/KG","img":"https://fd3-photos.leclercdrive.fr/image.ashx?id=2982402&use=l&cat=p&typeid=i","cat":304250},{"id":158805,"n":"Quinoa gourmand Tipiak Aux épices douces 240g","p":2.27,"u":"9,46 €/KG","img":"https://fd3-photos.leclercdrive.fr/image.ashx?id=2947054&use=l&cat=p&typeid=i","cat":284429},{"id":158806,"n":"Lait en poudre Blédilait Bébé 18 mois - 3 ans - 900g","p":10.71,"u":"11,90 €/KG","img":"https://fd3-photos.leclercdrive.fr/image.ashx?id=2458244&use=l&cat=p&typeid=i","cat":290219},{"id":158812,"n":"Nappage framboise Vahiné 155g","p":2.67,"u":"17,23 €/KG","img":"https://fd3-photos.leclercdrive.fr/image.ashx?id=2805267&use=l&cat=p&typeid=i","cat":284504},{"id":158815,"n":"Biscuits à thé Delacre Tea Time Boîte Assortiment - 500g","p":6.8,"u":"13,60 €/KG","img":"https://fd3-photos.leclercdrive.fr/image.ashx?id=2133524&use=l&cat=p&typeid=i","cat":284490},{"id":158817,"n":"Capsules café L'Or Espresso Bio N°7 x10","p":3.87,"u":"74,42 €/KG","img":"https://fd3-photos.leclercdrive.fr/image.ashx?id=2133545&use=l&cat=p&typeid=i","cat":284749},{"id":158845,"n":"Compote bébé Blédina 4-6 mois Pomme pêche - 4x130g","p":2.73,"u":"5,25 €/KG","img":"https://fd3-photos.leclercdrive.fr/image.ashx?id=2911199&use=l&cat=p&typeid=i","cat":312387},{"id":158861,"n":"AOP Riesling Cuvée Prestige Vin blanc Louis Hauller - 75cl","p":5.1,"u":"6,80 €/L","img":"https://fd3-photos.leclercdrive.fr/image.ashx?id=2640587&use=l&cat=p&typeid=i","cat":289557},{"id":158891,"n":"Boisson aux fruits Jafun Tropical - 1L","p":1.19,"u":"1,19 €/L","img":"https://fd3-photos.leclercdrive.fr/image.ashx?id=2913763&use=l&cat=p&typeid=i","cat":295018},{"id":158920,"n":"Petit pot bébé Blédina 6 mois Semoule épinards merlu - 2x200g","p":2.17,"u":"5,43 €/KG","img":"https://fd3-photos.leclercdrive.fr/image.ashx?id=2935759&use=l&cat=p&typeid=i","cat":312236},{"id":158937,"n":"Sauce Tikka Masala Patak's 450g","p":2.6,"u":"5,78 €/KG","img":"https://fd3-photos.leclercdrive.fr/image.ashx?id=2593698&use=l&cat=p&typeid=i","cat":289012},{"id":158939,"n":"Sauce Butter Chicken Patak's 450g","p":3.16,"u":"7,02 €/KG","img":"https://fd3-photos.leclercdrive.fr/image.ashx?id=2857713&use=l&cat=p&typeid=i","cat":289012},{"id":158943,"n":"Sauce Korma Patak's 450g","p":3.57,"u":"7,93 €/KG","img":"https://fd3-photos.leclercdrive.fr/image.ashx?id=2607764&use=l&cat=p&typeid=i","cat":289012},{"id":158944,"n":"Sauce Tandoori Patak's 450g","p":3.33,"u":"7,40 €/KG","img":"https://fd3-photos.leclercdrive.fr/image.ashx?id=2762265&use=l&cat=p&typeid=i","cat":289012},{"id":158955,"n":"Gambas royales rouges Gimbert - 400g","p":12.02,"u":"30,05 €/KG","img":"https://fd3-photos.leclercdrive.fr/image.ashx?id=2879080&use=l&cat=p&typeid=i","cat":319787},{"id":158966,"n":"Rainbow Pik Haribo  Sachet bonbons acidulés - 200g","p":1.65,"u":"8,25 €/KG","img":"https://fd3-photos.leclercdrive.fr/image.ashx?id=2982408&use=l&cat=p&typeid=i","cat":304250},{"id":158970,"n":"Sauce Tomacouli Panzani - 200G","p":0.88,"u":"4,40 €/KG","img":"https://fd3-photos.leclercdrive.fr/image.ashx?id=2872853&use=l&cat=p&typeid=i","cat":288384},{"id":158977,"n":"Tripe Paul et Louise 400g","p":2.29,"u":"5,73 €/KG","img":"https://fd3-photos.leclercdrive.fr/image.ashx?id=2367565&use=l&cat=p&typeid=i","cat":284441},{"id":158980,"n":"Tripe Paul et Louise Catalane - 400g","p":2.17,"u":"5,43 €/KG","img":"https://fd3-photos.leclercdrive.fr/image.ashx?id=2367574&use=l&cat=p&typeid=i","cat":284441},{"id":158982,"n":"Petit pot bébé Blédina 4-6 mois Purée de poireau - 2x130g","p":1.19,"u":"4,58 €/KG","img":"https://fd3-photos.leclercdrive.fr/image.ashx?id=2911190&use=l&cat=p&typeid=i","cat":312234},{"id":159067,"n":"Bière blonde Victoria 8,5% - 75cl","p":3.63,"u":"4,84 €/L","img":"https://fd3-photos.leclercdrive.fr/image.ashx?id=2157400&use=l&cat=p&typeid=i","cat":334872},{"id":159112,"n":"Matière grasse St Hubert Doux - 500g","p":4.65,"u":"9,30 €/KG","img":"https://fd3-photos.leclercdrive.fr/image.ashx?id=2734084&use=l&cat=p&typeid=i","cat":315229},{"id":159113,"n":"Matière grasse St Hubert Demi-sel - 500g","p":3.79,"u":"7,58 €/KG","img":"https://fd3-photos.leclercdrive.fr/image.ashx?id=2734087&use=l&cat=p&typeid=i","cat":316068},{"id":159209,"n":"Lasagne Lustucru Selection  250g","p":2.39,"u":"9,56 €/KG","img":"https://fd3-photos.leclercdrive.fr/image.ashx?id=2792396&use=l&cat=p&typeid=i","cat":333682},{"id":159212,"n":"Bloc WC Bref Deluxe Magnolia  Toilettes propres - 50g x1","p":1.93,"u":"38,60 €/KG","img":"https://fd3-photos.leclercdrive.fr/image.ashx?id=2907581&use=l&cat=p&typeid=i","cat":284662},{"id":159217,"n":"Lessive en Capsules – Le Chat Discs Rosée du Matin x25 - 625g","p":14.76,"u":"23,62 €/KG","img":"https://fd3-photos.leclercdrive.fr/image.ashx?id=2153522&use=l&cat=p&typeid=i","cat":284641},{"id":159220,"n":"Dos de Cabillaud Findus MSC - x4 - 440g","p":11.43,"u":"25,98 €/KG","img":"https://fd3-photos.leclercdrive.fr/image.ashx?id=2735347&use=l&cat=p&typeid=i","cat":319786},{"id":159226,"n":"Lait naturel Cosmos Briochin  bio 250ml","p":7.3,"u":"29,20 €/L","img":"https://fd3-photos.leclercdrive.fr/image.ashx?id=2988511&use=l&cat=p&typeid=i","cat":325349},{"id":159316,"n":"Brochettes de crevettes Miti Sauce ail et persil - 125g","p":5.76,"u":"46,08 €/KG","img":"https://fd3-photos.leclercdrive.fr/image.ashx?id=2747067&use=l&cat=p&typeid=i","cat":284343},{"id":159352,"n":"Concentré à diluer Pulco Citron Fraise - 70cl","p":2.92,"u":"4,17 €/L","img":"https://fd3-photos.leclercdrive.fr/image.ashx?id=2687782&use=l&cat=p&typeid=i","cat":295020},{"id":159376,"n":"IGP Pays d'Oc Chardonnay vin blanc Vieux Carion - BIB 5L","p":14.49,"u":"2,90 €/L","img":"https://fd3-photos.leclercdrive.fr/image.ashx?id=2890021&use=l&cat=p&typeid=i","cat":289557},{"id":159394,"n":"Amandes émondées Vahiné 125g","p":4.26,"u":"34,08 €/KG","img":"https://fd3-photos.leclercdrive.fr/image.ashx?id=2606250&use=l&cat=p&typeid=i","cat":284357},{"id":159409,"n":"Amande éffilée grillée Vahiné 100g","p":4.23,"u":"42,30 €/KG","img":"https://fd3-photos.leclercdrive.fr/image.ashx?id=2387597&use=l&cat=p&typeid=i","cat":284357},{"id":159416,"n":"Thym Ducros Grand flacon - 85g","p":3.07,"u":"36,12 €/KG","img":"https://fd3-photos.leclercdrive.fr/image.ashx?id=2486557&use=l&cat=p&typeid=i","cat":298297},{"id":159448,"n":"Boisson aux fruits Jafun Pomme Cassis Framboise - 2L","p":1.49,"u":"0,75 €/L","img":"https://fd3-photos.leclercdrive.fr/image.ashx?id=2956924&use=l&cat=p&typeid=i","cat":295018},{"id":159506,"n":"Ravioli bolognaise Turini 300g","p":1.99,"u":"6,63 €/KG","img":"https://fd3-photos.leclercdrive.fr/image.ashx?id=2140151&use=l&cat=p&typeid=i","cat":333682},{"id":159519,"n":"Pates fusili Côté Snack Raclette - 300g","p":1.99,"u":"6,63 €/KG","img":"https://fd3-photos.leclercdrive.fr/image.ashx?id=2613291&use=l&cat=p&typeid=i","cat":334983},{"id":159522,"n":"Cremio Box Sodebo Jambon Emmental 280g","p":2.61,"u":"9,32 €/KG","img":"https://fd3-photos.leclercdrive.fr/image.ashx?id=2860196&use=l&cat=p&typeid=i","cat":334983},{"id":159548,"n":"Veau haché BioYooji 6 mois - 80g","p":4.92,"u":"61,50 €/KG","img":"https://fd3-photos.leclercdrive.fr/image.ashx?id=2832260&use=l&cat=p&typeid=i","cat":290631},{"id":159586,"n":"Miel L'abeille de Bourgogne Crémeux - 1Kg","p":10.14,"u":"10,14 €/KG","img":"https://fd3-photos.leclercdrive.fr/image.ashx?id=2734951&use=l&cat=p&typeid=i","cat":287643},{"id":159598,"n":"Terrine Forestiere 180g","p":2.2,"u":"12,22 €/KG","img":"https://fd3-photos.leclercdrive.fr/image.ashx?id=2409370&use=l&cat=p&typeid=i","cat":305149},{"id":159627,"n":"Fromage Fol Epi  Originale 8 Tranches - 150g","p":2.2,"u":"14,67 €/KG","img":"https://fd3-photos.leclercdrive.fr/image.ashx?id=2456801&use=l&cat=p&typeid=i","cat":314028},{"id":159630,"n":"Pomme de terre Eco+ Epluchées - 1kg","p":1.95,"u":"1,95 €/KG","img":"https://fd3-photos.leclercdrive.fr/image.ashx?id=2699096&use=l&cat=p&typeid=i","cat":284352},{"id":159631,"n":"Betterave Eco+ 2x500g","p":1.44,"u":"1,44 €/KG","img":"https://fd3-photos.leclercdrive.fr/image.ashx?id=2669663&use=l&cat=p&typeid=i","cat":284352},{"id":159695,"n":"Poudre chocolatée Nesquik Poche recharge  - 430g","p":3.09,"u":"7,19 €/KG","img":"https://fd3-photos.leclercdrive.fr/image.ashx?id=2675601&use=l&cat=p&typeid=i","cat":293235},{"id":159702,"n":"Piles alcalines Duracell Plus 9V 6LR61 MN1604 - x1","p":5.05,"img":"https://fd3-photos.leclercdrive.fr/image.ashx?id=2929113&use=l&cat=p&typeid=i","cat":300572},{"id":159703,"n":"Infusion à froid Elephant Boost - x15 sachets - 34g","p":3.32,"u":"97,65 €/KG","img":"https://fd3-photos.leclercdrive.fr/image.ashx?id=2507371&use=l&cat=p&typeid=i","cat":293234},{"id":159731,"n":"Pomme Gala Bio Good Goût Gourde - 4x85g","p":3.09,"u":"9,09 €/KG","img":"https://fd3-photos.leclercdrive.fr/image.ashx?id=2736118&use=l&cat=p&typeid=i","cat":312387},{"id":159733,"n":"Banane Bio Good Goût Gourde - 4x85g","p":3.09,"u":"9,09 €/KG","img":"https://fd3-photos.leclercdrive.fr/image.ashx?id=2736115&use=l&cat=p&typeid=i","cat":312387},{"id":159734,"n":"Pomme Figue Bio Good Goût Gourde - 120g","p":1.47,"u":"12,25 €/KG","img":"https://fd3-photos.leclercdrive.fr/image.ashx?id=2736082&use=l&cat=p&typeid=i","cat":312387},{"id":159735,"n":"Pomme Framboise Bio Good Goût - Gourde - 120g","p":1.73,"u":"14,42 €/KG","img":"https://fd3-photos.leclercdrive.fr/image.ashx?id=2736103&use=l&cat=p&typeid=i","cat":312387},{"id":159736,"n":"Biscuits Animaux Good Goût Bio Huile essentielles Citron 80g","p":2.61,"u":"32,63 €/KG","img":"https://fd3-photos.leclercdrive.fr/image.ashx?id=2697216&use=l&cat=p&typeid=i","cat":312227},{"id":159892,"n":"Petits pots bébé P'TITE RECETTE Risotto 8M+ - 2x200g","p":2.23,"u":"5,58 €/KG","img":"https://fd3-photos.leclercdrive.fr/image.ashx?id=2737132&use=l&cat=p&typeid=i","cat":312236},{"id":159897,"n":"Fromage Enfant Kiri Crème 12 portions à tartiner - 216g","p":2.86,"u":"13,24 €/KG","img":"https://fd3-photos.leclercdrive.fr/image.ashx?id=2973565&use=l&cat=p&typeid=i","cat":314030},{"id":159899,"n":"Biscuit caramel P'tit Déli Beurre salé - 120g","p":2.06,"u":"17,17 €/KG","img":"https://fd3-photos.leclercdrive.fr/image.ashx?id=2141738&use=l&cat=p&typeid=i","cat":284487},{"id":159903,"n":"Boisson aux fruits Jafun Tropical - 2L","p":1.75,"u":"0,88 €/L","img":"https://fd3-photos.leclercdrive.fr/image.ashx?id=2897835&use=l&cat=p&typeid=i","cat":295018},{"id":159934,"n":"Céréales bébé P'TITE CEREALE BIO Biscuit 6M+ - 240g","p":2.71,"u":"11,29 €/KG","img":"https://fd3-photos.leclercdrive.fr/image.ashx?id=2482462&use=l&cat=p&typeid=i","cat":312225},{"id":159950,"n":"Desserts Lactés P'TIT GOURMAND  BIO Cacao  6M+ - 4x90g","p":2.41,"u":"26,78 €/KG","img":"https://fd3-photos.leclercdrive.fr/image.ashx?id=2481691&use=l&cat=p&typeid=i","cat":312392},{"id":159952,"n":"Chocolat noir Côte d'Or Noix de pécan & Noisettes 180g","p":4.06,"u":"22,56 €/KG","img":"https://fd3-photos.leclercdrive.fr/image.ashx?id=2145346&use=l&cat=p&typeid=i","cat":284956},{"id":159953,"n":"Lait croissance GUIGOZ OPTIPRO  12M+ - 2x600g","p":13.34,"u":"11,12 €/KG","img":"https://fd3-photos.leclercdrive.fr/image.ashx?id=2811650&use=l&cat=p&typeid=i","cat":290219},{"id":159956,"n":"Huile moteur Tech 9 5W30 C3 504/507 - 5L","p":34.9,"u":"6,98 €/L","img":"https://fd3-photos.leclercdrive.fr/image.ashx?id=2148776&use=l&cat=p&typeid=i","cat":298253},{"id":159961,"n":"Huile moteur Tech 9 5W40 Essence - 5L","p":23.5,"u":"4,70 €/L","img":"https://fd3-photos.leclercdrive.fr/image.ashx?id=2148785&use=l&cat=p&typeid=i","cat":298253},{"id":159965,"n":"Capsules Starbucks by Nespresso  Colombia Int 7 - x18","p":5.97,"u":"59,11 €/KG","img":"https://fd3-photos.leclercdrive.fr/image.ashx?id=2668174&use=l&cat=p&typeid=i","cat":284749},{"id":159969,"n":"Huile moteur Tech 9 0W30 mixte - 5L","p":46.49,"u":"9,30 €/L","img":"https://fd3-photos.leclercdrive.fr/image.ashx?id=2162696&use=l&cat=p&typeid=i","cat":298253},{"id":159976,"n":"Repas Enfant Poulet Et Légumes  P'tite Recette - 2x200g","p":2.18,"u":"10,90 €/KG","img":"https://fd3-photos.leclercdrive.fr/image.ashx?id=2525723&use=l&cat=p&typeid=i","cat":312236},{"id":159985,"n":"Huile moteur Tech 9 10W40 Essence - 5L","p":18.4,"u":"3,68 €/L","img":"https://fd3-photos.leclercdrive.fr/image.ashx?id=2148770&use=l&cat=p&typeid=i","cat":298253},{"id":159993,"n":"Huile moteur Tech 9 5W30 C4 - 5L","p":36.99,"u":"7,40 €/L","img":"https://fd3-photos.leclercdrive.fr/image.ashx?id=2148779&use=l&cat=p&typeid=i","cat":298253},{"id":159996,"n":"AOP Pinot Gris vin blanc Alsace Ancestrum Pfaff - 75cl","p":14.68,"u":"19,57 €/L","img":"https://fd3-photos.leclercdrive.fr/image.ashx?id=2177860&use=l&cat=p&typeid=i","cat":289557},{"id":160106,"n":"Jus innocent  tutti frutti 1.5L","p":3.99,"u":"2,66 €/L","img":"https://fd3-photos.leclercdrive.fr/image.ashx?id=2907449&use=l&cat=p&typeid=i","cat":284354},{"id":160134,"n":"Tartare Végétal Lait d'Amande  Ail et Fines Herbes - 140g","p":2.23,"u":"15,93 €/KG","img":"https://fd3-photos.leclercdrive.fr/image.ashx?id=2928618&use=l&cat=p&typeid=i","cat":316070},{"id":160143,"n":"Dessert fruitier Andros Pomme/vanille - 4x100g","p":1.47,"u":"3,68 €/KG","img":"https://fd3-photos.leclercdrive.fr/image.ashx?id=2883937&use=l&cat=p&typeid=i","cat":284416},{"id":160177,"n":"Madeleines Saint Michel Pépites chocolat - 700g","p":4.58,"u":"6,54 €/KG","img":"https://fd3-photos.leclercdrive.fr/image.ashx?id=2338141&use=l&cat=p&typeid=i","cat":284492},{"id":160189,"n":"Desserts panaches Andros 16x100g","p":5.43,"u":"3,39 €/KG","img":"https://fd3-photos.leclercdrive.fr/image.ashx?id=2883988&use=l&cat=p&typeid=i","cat":284416},{"id":160231,"n":"Cornichons Aigre Doux Lamelles Alélor - 72cl","p":4.11,"u":"5,71 €/L","img":"https://fd3-photos.leclercdrive.fr/image.ashx?id=2857252&use=l&cat=p&typeid=i","cat":284458},{"id":160238,"n":"Nappage Fruits rouges Vahiné 155g","p":2.59,"u":"16,71 €/KG","img":"https://fd3-photos.leclercdrive.fr/image.ashx?id=2805270&use=l&cat=p&typeid=i","cat":284504},{"id":160394,"n":"Yaourt à boire Actimel Nature - 6x100g","p":3.07,"u":"5,12 €/KG","img":"https://fd3-photos.leclercdrive.fr/image.ashx?id=2992723&use=l&cat=p&typeid=i","cat":284415},{"id":160396,"n":"Yaourt bifidus Activia céréales Granola amarante - 4x120g","p":2.45,"u":"5,10 €/KG","img":"https://fd3-photos.leclercdrive.fr/image.ashx?id=2792078&use=l&cat=p&typeid=i","cat":315000},{"id":160428,"n":"Lessive liquide fraicheur Epsil 40 lavages - 2L","p":4.6,"u":"2,30 €/L","img":"https://fd3-photos.leclercdrive.fr/image.ashx?id=2602982&use=l&cat=p&typeid=i","cat":284640},{"id":160429,"n":"Lessive liquide printemps Epsil 40 Lavages - 2L","p":4.6,"u":"2,30 €/L","img":"https://fd3-photos.leclercdrive.fr/image.ashx?id=2602988&use=l&cat=p&typeid=i","cat":284640},{"id":160430,"n":"Lessive liquide sensitive Epsil 40 lavages - 2L","p":5.99,"u":"3,00 €/L","img":"https://fd3-photos.leclercdrive.fr/image.ashx?id=2838951&use=l&cat=p&typeid=i","cat":284640},{"id":160450,"n":"Vin de France rouge Terre Métissée - 75cl","p":6.93,"u":"9,24 €/L","img":"https://fd3-photos.leclercdrive.fr/image.ashx?id=2907608&use=l&cat=p&typeid=i","cat":289556},{"id":160526,"n":"AOP Crémant Alsace Brut Deybach - 75cl","p":5.25,"u":"7,00 €/L","img":"https://fd3-photos.leclercdrive.fr/image.ashx?id=2161555&use=l&cat=p&typeid=i","cat":284544},{"id":160726,"n":"Cerise bigarreau St Mamet 240g","p":3.03,"u":"12,63 €/KG","img":"https://fd3-photos.leclercdrive.fr/image.ashx?id=2628425&use=l&cat=p&typeid=i","cat":284507},{"id":160729,"n":"Bicarbonate La Baleine 1,5kg","p":3.95,"u":"2,63 €/KG","img":"https://fd3-photos.leclercdrive.fr/image.ashx?id=2785988&use=l&cat=p&typeid=i","cat":284457},{"id":160765,"n":"AOP Côtes de Provence vin rosé Bernard Cordelier - 75 cl","p":3.99,"u":"5,32 €/L","img":"https://fd3-photos.leclercdrive.fr/image.ashx?id=2884204&use=l&cat=p&typeid=i","cat":289558},{"id":160820,"n":"Mozza Sticks Pickers by McCain Batonnets de mozzarella - 230g","p":3.76,"u":"16,35 €/KG","img":"https://fd3-photos.leclercdrive.fr/image.ashx?id=2920021&use=l&cat=p&typeid=i","cat":319822},{"id":160821,"n":"Onion rings Pickers by McCain 350g","p":3.17,"u":"9,06 €/KG","img":"https://fd3-photos.leclercdrive.fr/image.ashx?id=2920024&use=l&cat=p&typeid=i","cat":319822},{"id":160822,"n":"Italian Pops Pickers by McCain Bouchées tomates mozza - 230g","p":3.55,"u":"15,43 €/KG","img":"https://fd3-photos.leclercdrive.fr/image.ashx?id=2911588&use=l&cat=p&typeid=i","cat":319822},{"id":160823,"n":"Nacho cheese Pickers by McCain Triangles fromage poivron 230g","p":3.07,"u":"13,35 €/KG","img":"https://fd3-photos.leclercdrive.fr/image.ashx?id=2752227&use=l&cat=p&typeid=i","cat":319822},{"id":161003,"n":"Mayonnaise Bénédicta Nature - 510g","p":2.47,"u":"4,84 €/KG","img":"https://fd3-photos.leclercdrive.fr/image.ashx?id=2548225&use=l&cat=p&typeid=i","cat":298295},{"id":161006,"n":"Mayonnaise Bénédicta Nature - 585g","p":3.14,"u":"5,37 €/KG","img":"https://fd3-photos.leclercdrive.fr/image.ashx?id=2889664&use=l&cat=p&typeid=i","cat":298295},{"id":161082,"n":"Café capsules DOLCE GUSTO Starbucks vanilla macchiato 2x6","p":4.39,"u":"33,26 €/KG","img":"https://fd3-photos.leclercdrive.fr/image.ashx?id=2986912&use=l&cat=p&typeid=i","cat":293239},{"id":161098,"n":"Shampooing solide Bionaîa Cheveux normaux bio - 85g","p":2.99,"u":"35,18 €/KG","img":"https://fd3-photos.leclercdrive.fr/image.ashx?id=2835214&use=l&cat=p&typeid=i","cat":284606},{"id":161105,"n":"Morceaux de thon Petit Navire 2x112g","p":3.93,"u":"17,54 €/KG","img":"https://fd3-photos.leclercdrive.fr/image.ashx?id=2785130&use=l&cat=p&typeid=i","cat":303867},{"id":161117,"n":"Pizza 5 fromaggi Italpizza 520g","p":3.57,"u":"6,87 €/KG","img":"https://fd3-photos.leclercdrive.fr/image.ashx?id=2540877&use=l&cat=p&typeid=i","cat":284256},{"id":161118,"n":"Pizza prosciutto Italpizza 560g","p":4.72,"u":"8,43 €/KG","img":"https://fd3-photos.leclercdrive.fr/image.ashx?id=2540883&use=l&cat=p&typeid=i","cat":284256},{"id":161119,"n":"Pizza salamino Italpizza 525g","p":3.57,"img":"https://fd3-photos.leclercdrive.fr/image.ashx?id=2540880&use=l&cat=p&typeid=i","cat":284256},{"id":161121,"n":"Boisson aromatisée Vin rosé Pamplemousse 7.5% vol - BIB 3L","p":7.78,"u":"2,59 €/L","img":"https://fd3-photos.leclercdrive.fr/image.ashx?id=2958528&use=l&cat=p&typeid=i","cat":304569},{"id":161126,"n":"Boisson aux fruits Jafun Multifruits - 2L","p":1.99,"u":"1,00 €/L","img":"https://fd3-photos.leclercdrive.fr/image.ashx?id=2897832&use=l&cat=p&typeid=i","cat":295018},{"id":161130,"n":"Boissons à base de fruit Jafun Pêche Abricot - 2L","p":1.99,"u":"1,00 €/L","img":"https://fd3-photos.leclercdrive.fr/image.ashx?id=2865293&use=l&cat=p&typeid=i","cat":295018},{"id":161131,"n":"Boisson à base de fruits Jafun Pomme Kiwi - 2L","p":2.6,"u":"1,30 €/L","img":"https://fd3-photos.leclercdrive.fr/image.ashx?id=2865299&use=l&cat=p&typeid=i","cat":295018},{"id":161144,"n":"Boisson à base de fruits Jafun Pomme poire - 2L","p":2.23,"u":"1,12 €/L","img":"https://fd3-photos.leclercdrive.fr/image.ashx?id=2865302&use=l&cat=p&typeid=i","cat":295018},{"id":161167,"n":"Beef-Stick Vitakraft Gibier - 48g","p":2.33,"u":"48,54 €/KG","img":"https://fd3-photos.leclercdrive.fr/image.ashx?id=2859755&use=l&cat=p&typeid=i","cat":294527},{"id":161168,"n":"Beef-Stick Vitakraft Dinde - 48g","p":2.09,"u":"43,54 €/KG","img":"https://fd3-photos.leclercdrive.fr/image.ashx?id=2184323&use=l&cat=p&typeid=i","cat":294527},{"id":161410,"n":"Pains hot dog La Fournée Dorée Brioch' x6 - 270g","p":2.11,"u":"7,81 €/KG","img":"https://fd3-photos.leclercdrive.fr/image.ashx?id=2406136&use=l&cat=p&typeid=i","cat":284985},{"id":161413,"n":"Confiture fraises Léonce Blanc 70% de fruits - 320g","p":2.37,"u":"7,41 €/KG","img":"https://fd3-photos.leclercdrive.fr/image.ashx?id=2181164&use=l&cat=p&typeid=i","cat":284480},{"id":161414,"n":"Confiture aux framboises Léonce Blanc 70% de fruits-320g","p":3.77,"u":"11,78 €/KG","img":"https://fd3-photos.leclercdrive.fr/image.ashx?id=2285660&use=l&cat=p&typeid=i","cat":284480},{"id":161415,"n":"Confiture aux abricots Léonce Blanc 70% de fruits-320g","p":2.47,"u":"7,72 €/KG","img":"https://fd3-photos.leclercdrive.fr/image.ashx?id=2181161&use=l&cat=p&typeid=i","cat":284480},{"id":161434,"n":"Lessive détachante savon noir  50 lavages - 2,27L","p":7.98,"u":"3,52 €/L","img":"https://fd3-photos.leclercdrive.fr/image.ashx?id=3000767&use=l&cat=p&typeid=i","cat":284640},{"id":161437,"n":"Happy Cola Pik Haribo Sachet bonbons acidulés - 200g","p":2.04,"u":"10,20 €/KG","img":"https://fd3-photos.leclercdrive.fr/image.ashx?id=2984928&use=l&cat=p&typeid=i","cat":304250},{"id":161483,"n":"Lait Le Petit Marseillais Hydratant désaltérant 400ml","p":4.12,"u":"10,30 €/L","img":"https://fd3-photos.leclercdrive.fr/image.ashx?id=2157175&use=l&cat=p&typeid=i","cat":325349},{"id":161619,"n":"IGP pâtes Grand-Mère Coquillettes - 500g","p":1.93,"u":"3,86 €/KG","img":"https://fd3-photos.leclercdrive.fr/image.ashx?id=2191993&use=l&cat=p&typeid=i","cat":284427},{"id":161671,"n":"AOC Vin jaune  Côtes du Jura - 62cl","p":29.07,"u":"46,89 €/L","img":"https://fd3-photos.leclercdrive.fr/image.ashx?id=2158284&use=l&cat=p&typeid=i","cat":289557},{"id":161693,"n":"Yaourt brassé végétal Andros Vanille Lait de coco - 4x100g","p":2.14,"u":"21,40 €/KG","img":"https://fd3-photos.leclercdrive.fr/image.ashx?id=2299202&use=l&cat=p&typeid=i","cat":316071},{"id":161708,"n":"Infusion Twinings Ayurveda Fraise Myrtille Grenade x20","p":2.88,"u":"90,00 €/KG","img":"https://fd3-photos.leclercdrive.fr/image.ashx?id=2893054&use=l&cat=p&typeid=i","cat":293234},{"id":161709,"n":"Déodorant bille Men Expert Thermic Resist - 50ml","p":2.54,"u":"50,80 €/L","img":"https://fd3-photos.leclercdrive.fr/image.ashx?id=2300518&use=l&cat=p&typeid=i","cat":284618},{"id":161736,"n":"Frites belges Belviva 1kg","p":2.43,"u":"2,43 €/KG","img":"https://fd3-photos.leclercdrive.fr/image.ashx?id=2165521&use=l&cat=p&typeid=i","cat":319791},{"id":161809,"n":"Lait Solaire Soleil des Iles au monoï Spray IP50 - 150ml","p":8.23,"u":"54,87 €/L","img":"https://fd3-photos.leclercdrive.fr/image.ashx?id=2161675&use=l&cat=p&typeid=i","cat":325355},{"id":161846,"n":"Sucre roux Tablier blanc En morceaux - 1kg","p":1.81,"u":"1,81 €/KG","img":"https://fd3-photos.leclercdrive.fr/image.ashx?id=3010437&use=l&cat=p&typeid=i","cat":284502},{"id":161860,"n":"Pâte à tartiner Novi 350g","p":7.2,"u":"20,57 €/KG","img":"https://fd3-photos.leclercdrive.fr/image.ashx?id=2484626&use=l&cat=p&typeid=i","cat":284481},{"id":161891,"n":"Pain burger Beau & Bon Harry's Brioché x4 - 300g","p":2.23,"u":"7,43 €/KG","img":"https://fd3-photos.leclercdrive.fr/image.ashx?id=2526830&use=l&cat=p&typeid=i","cat":325067},{"id":161914,"n":"Boisson aux fruits Jafun Tropical light - 2L","p":1.39,"u":"0,70 €/L","img":"https://fd3-photos.leclercdrive.fr/image.ashx?id=2720184&use=l&cat=p&typeid=i","cat":295018},{"id":161915,"n":"Boisson tropical brick Jafun 6x20cl","p":2.22,"u":"1,85 €/L","img":"https://fd3-photos.leclercdrive.fr/image.ashx?id=2529617&use=l&cat=p&typeid=i","cat":295018},{"id":162161,"n":"Compotes Pom'Potes Gourdes  5 Fruits Rouges&Jaunes -12x90g","p":5.78,"u":"5,35 €/KG","img":"https://fd3-photos.leclercdrive.fr/image.ashx?id=3010945&use=l&cat=p&typeid=i","cat":284508},{"id":162162,"n":"Compotes Pom'Potes Gourdes  5 Fruits Jaunes&Exotiq - 20x90g","p":7.87,"u":"4,37 €/KG","img":"https://fd3-photos.leclercdrive.fr/image.ashx?id=2883411&use=l&cat=p&typeid=i","cat":284508},{"id":162164,"n":"Compotes Pom'Potes Gourdes 5 Fruits Exotiques&Vert -12x90g","p":5.93,"u":"5,49 €/KG","img":"https://fd3-photos.leclercdrive.fr/image.ashx?id=3010948&use=l&cat=p&typeid=i","cat":284508},{"id":162165,"n":"Compotes Materne Coupelles   MultiFruits Exotique - 12x100g","p":4.74,"u":"3,95 €/KG","img":"https://fd3-photos.leclercdrive.fr/image.ashx?id=3010873&use=l&cat=p&typeid=i","cat":284508},{"id":162175,"n":"Pancakes chocolat Whaou! x7 - 259g","p":2.63,"u":"10,15 €/KG","img":"https://fd3-photos.leclercdrive.fr/image.ashx?id=2740652&use=l&cat=p&typeid=i","cat":284495},{"id":162177,"n":"Gel Salle de bain & WC Glade Cerise & Pivoine 180g","p":2.12,"img":"https://fd3-photos.leclercdrive.fr/image.ashx?id=2454421&use=l&cat=p&typeid=i","cat":311628},{"id":162187,"n":"Skyr Bio Les 2 vaches Nature 0%MG - 480g","p":3.76,"u":"7,83 €/KG","img":"https://fd3-photos.leclercdrive.fr/image.ashx?id=2787293&use=l&cat=p&typeid=i","cat":315000},{"id":162202,"n":"Tablette de chocolat noir Lindt 70% doux - 2x100g","p":4.88,"u":"24,40 €/KG","img":"https://fd3-photos.leclercdrive.fr/image.ashx?id=2214741&use=l&cat=p&typeid=i","cat":284956},{"id":162257,"n":"Boisson pétillante Kidibul Pomme tropical - 75cl","p":2.79,"pp":1.84,"u":"2,45 €/L","img":"https://fd3-photos.leclercdrive.fr/image.ashx?id=2766063&use=l&cat=p&typeid=i","cat":289460},{"id":162271,"n":"Tablette de chocolat noir Lindt Intense 70% - 2x200g","p":6.46,"pp":4.26,"u":"10,65 €/KG","img":"https://fd3-photos.leclercdrive.fr/image.ashx?id=2208936&use=l&cat=p&typeid=i","cat":285562},{"id":162274,"n":"Sauce Crudités Benedicta  Nature légère - 295g","p":2.11,"u":"7,15 €/KG","img":"https://fd3-photos.leclercdrive.fr/image.ashx?id=2755206&use=l&cat=p&typeid=i","cat":284456},{"id":162275,"n":"Sauce Pita Heinz - 230g","p":1.67,"u":"7,26 €/KG","img":"https://fd3-photos.leclercdrive.fr/image.ashx?id=2973165&use=l&cat=p&typeid=i","cat":318431},{"id":162287,"n":"Muesli pomme cassis sans sucres  ajoutés Terres & Céréales 500g","p":5.02,"u":"10,04 €/KG","img":"https://fd3-photos.leclercdrive.fr/image.ashx?id=2163013&use=l&cat=p&typeid=i","cat":309512},{"id":162407,"n":"Lasagnes à la bolognaise L'Atelier Traiteur - 900g","p":7.29,"u":"8,10 €/KG","img":"https://fd3-photos.leclercdrive.fr/image.ashx?id=2972367&use=l&cat=p&typeid=i","cat":333666},{"id":162570,"n":"Sauce apéritif Doritos Goût salsa épicée -280g","p":2.38,"u":"8,50 €/KG","img":"https://fd3-photos.leclercdrive.fr/image.ashx?id=3014473&use=l&cat=p&typeid=i","cat":284451},{"id":162571,"n":"Sauce apéritif Doritos Goût fromage -280g","p":2.57,"u":"9,18 €/KG","img":"https://fd3-photos.leclercdrive.fr/image.ashx?id=2170208&use=l&cat=p&typeid=i","cat":284451},{"id":162572,"n":"Sauce apéritif Doritos Goût sour cream -280g","p":2.47,"u":"8,82 €/KG","img":"https://fd3-photos.leclercdrive.fr/image.ashx?id=2167528&use=l&cat=p&typeid=i","cat":284451},{"id":162583,"n":"Thon entier MSC Saupiquet Nature - 93g","p":2.27,"u":"24,41 €/KG","img":"https://fd3-photos.leclercdrive.fr/image.ashx?id=2731546&use=l&cat=p&typeid=i","cat":303867},{"id":162596,"n":"Boisson aux fruits Jafun Orange - 2L","p":1.49,"u":"0,75 €/L","img":"https://fd3-photos.leclercdrive.fr/image.ashx?id=2897829&use=l&cat=p&typeid=i","cat":295018},{"id":162597,"n":"Lait concentré Régilait Sucré demi-écrémé - 300g","p":1.69,"u":"5,63 €/KG","img":"https://fd3-photos.leclercdrive.fr/image.ashx?id=2169956&use=l&cat=p&typeid=i","cat":293236},{"id":162614,"n":"Couscous L'Atelier Traiteur 900g","p":8.99,"u":"9,99 €/KG","img":"https://fd3-photos.leclercdrive.fr/image.ashx?id=3012454&use=l&cat=p&typeid=i","cat":333666},{"id":162615,"n":"Gratin dauphinois L'Atelier Traiteur - 750g","p":7.29,"u":"9,72 €/KG","img":"https://fd3-photos.leclercdrive.fr/image.ashx?id=2976657&use=l&cat=p&typeid=i","cat":333666},{"id":162760,"n":"Crème Dermo Age Perfect Jour Nuit Gamme blanche - 50ml","p":16.71,"u":"334,20 €/L","img":"https://fd3-photos.leclercdrive.fr/image.ashx?id=2422755&use=l&cat=p&typeid=i","cat":325345},{"id":162778,"n":"Miel de Fleur Bio La Ruche  500g","p":5.29,"u":"10,58 €/KG","img":"https://fd3-photos.leclercdrive.fr/image.ashx?id=2503972&use=l&cat=p&typeid=i","cat":287643},{"id":162823,"n":"Bière blonde La Bête 8° - 6x25cl","p":8.02,"u":"5,35 €/L","img":"https://fd3-photos.leclercdrive.fr/image.ashx?id=3011245&use=l&cat=p&typeid=i","cat":334872},{"id":162852,"n":"Vin de France rosé Cinsault Cuvée Jean-Baptiste - 3L","p":11.06,"u":"3,69 €/L","img":"https://fd3-photos.leclercdrive.fr/image.ashx?id=2171563&use=l&cat=p&typeid=i","cat":289558},{"id":162853,"n":"Vin de France Merlot rouge Cuvée Jean-Baptiste - 3L","p":10.9,"u":"3,63 €/L","img":"https://fd3-photos.leclercdrive.fr/image.ashx?id=2971568&use=l&cat=p&typeid=i","cat":289556},{"id":162863,"n":"IGP Drôme rouge Grenache Merlot Celliers des Dauphins -75cl","p":4.44,"u":"5,92 €/L","img":"https://fd3-photos.leclercdrive.fr/image.ashx?id=2500072&use=l&cat=p&typeid=i","cat":289556},{"id":162967,"n":"AOC Crémant Brut Cattin Frères - 75cl","p":6.66,"u":"8,88 €/L","img":"https://fd3-photos.leclercdrive.fr/image.ashx?id=2927492&use=l&cat=p&typeid=i","cat":284544},{"id":163020,"n":"Savon liquide feuille d'olivier Le Petit Marseillais bio -290ml","p":2.5,"u":"8,62 €/L","img":"https://fd3-photos.leclercdrive.fr/image.ashx?id=2172977&use=l&cat=p&typeid=i","cat":284597},{"id":163021,"n":"Biscuits Knoppers Lait / Noisettes - 6x25g","p":2.01,"u":"13,40 €/KG","img":"https://fd3-photos.leclercdrive.fr/image.ashx?id=2659151&use=l&cat=p&typeid=i","cat":284488},{"id":163022,"n":"Lait Corps Le Petit Marseillais  Peau sensible aloe vera-250ml","p":3.34,"u":"13,36 €/L","img":"https://fd3-photos.leclercdrive.fr/image.ashx?id=2739815&use=l&cat=p&typeid=i","cat":325349},{"id":163029,"n":"Tablette chocolat Villars Noir / pépites café - 100g","p":2.07,"u":"20,70 €/KG","img":"https://fd3-photos.leclercdrive.fr/image.ashx?id=2464291&use=l&cat=p&typeid=i","cat":284956},{"id":163033,"n":"Tablette chocolat Villars Lait - 100g","p":2.37,"u":"23,70 €/KG","img":"https://fd3-photos.leclercdrive.fr/image.ashx?id=2464318&use=l&cat=p&typeid=i","cat":284497},{"id":163058,"n":"Déodorant homme Axe Black Anti-transpirant 72h - 200ml","p":3.95,"u":"19,75 €/L","img":"https://fd3-photos.leclercdrive.fr/image.ashx?id=2738476&use=l&cat=p&typeid=i","cat":284618},{"id":163115,"n":"Piles alcalines Duracell MX1500 Optimum Type AA/LR06 1,5V - x4","p":6.93,"u":"1,73 €/P","img":"https://fd3-photos.leclercdrive.fr/image.ashx?id=2941823&use=l&cat=p&typeid=i","cat":300572},{"id":163127,"n":"Thon entier nature MSC Saupiquet - 2x140g","p":5.2,"u":"18,57 €/KG","img":"https://fd3-photos.leclercdrive.fr/image.ashx?id=2860871&use=l&cat=p&typeid=i","cat":303867},{"id":163132,"n":"Boisson orange Jafun Brique - 6x20cl","p":2.5,"u":"2,08 €/L","img":"https://fd3-photos.leclercdrive.fr/image.ashx?id=2992582&use=l&cat=p&typeid=i","cat":284524},{"id":163133,"n":"Bière ambrée Kwak 8.4% - 75cl","p":4.6,"u":"6,13 €/L","img":"https://fd3-photos.leclercdrive.fr/image.ashx?id=2948423&use=l&cat=p&typeid=i","cat":334872},{"id":163143,"n":"Dragibus Soft Haribo Sachet bonbons - 300g","p":1.35,"u":"4,50 €/KG","img":"https://fd3-photos.leclercdrive.fr/image.ashx?id=2806123&use=l&cat=p&typeid=i","cat":304250},{"id":163144,"n":"Piles alcalines Duracell MN2400 Optimum AAA/LR03 1,5V - x4","p":6.93,"u":"1,73 €/P","img":"https://fd3-photos.leclercdrive.fr/image.ashx?id=2929095&use=l&cat=p&typeid=i","cat":300572},{"id":163145,"n":"Dragibus Original Haribo Multipack bonbons - 250g","p":1.74,"u":"6,96 €/KG","img":"https://fd3-photos.leclercdrive.fr/image.ashx?id=2984943&use=l&cat=p&typeid=i","cat":304250},{"id":163146,"n":"Piles alcalines Duracell MX1500 Optimum AA/LR06 1,5V - x6","p":9.18,"u":"1,53 €/P","img":"https://fd3-photos.leclercdrive.fr/image.ashx?id=2855367&use=l&cat=p&typeid=i","cat":300572},{"id":163147,"n":"Bonbons Haribo Dragolo - 750g","p":4.33,"u":"5,77 €/KG","img":"https://fd3-photos.leclercdrive.fr/image.ashx?id=2803586&use=l&cat=p&typeid=i","cat":304250},{"id":163148,"n":"Piles alcalines Duracell MN2400 Optimum AAA/LR03 1,5V - x6","p":9.18,"u":"1,53 €/P","img":"https://fd3-photos.leclercdrive.fr/image.ashx?id=2855370&use=l&cat=p&typeid=i","cat":300572},{"id":163164,"n":"Bière Météor White IPA 6 x 25cl - 5%","p":5.58,"u":"3,72 €/L","img":"https://fd3-photos.leclercdrive.fr/image.ashx?id=2903059&use=l&cat=p&typeid=i","cat":334878},{"id":163267,"n":"Lasagnes Hipp Petits Légumes    saumon dès 15 mois - 250g","p":2.07,"u":"8,28 €/KG","img":"https://fd3-photos.leclercdrive.fr/image.ashx?id=2929089&use=l&cat=p&typeid=i","cat":312238},{"id":163317,"n":"Assiettes plates Homeside 23cm blanc sans film PE - x50","p":2.69,"u":"0,05 €/P","img":"https://fd3-photos.leclercdrive.fr/image.ashx?id=2177415&use=l&cat=p&typeid=i","cat":334134},{"id":163319,"n":"Assiettes plates Homeside 23cm rouge sans film PE - x20","p":1.96,"u":"0,10 €/P","img":"https://fd3-photos.leclercdrive.fr/image.ashx?id=2177406&use=l&cat=p&typeid=i","cat":334134},{"id":163324,"n":"Assiettes plates Homeside 23 cm grise sans film PE - x20","p":1.96,"u":"0,10 €/P","img":"https://fd3-photos.leclercdrive.fr/image.ashx?id=2177391&use=l&cat=p&typeid=i","cat":334134},{"id":163325,"n":"Assiettes plates Homeside Rose clair 23 cm - x20","p":1.96,"u":"0,10 €/P","img":"https://fd3-photos.leclercdrive.fr/image.ashx?id=2928345&use=l&cat=p&typeid=i","cat":334134},{"id":163328,"n":"Aassiettes plates Homeside 23 cm anis sans film PE - x20","p":1.96,"u":"0,10 €/P","img":"https://fd3-photos.leclercdrive.fr/image.ashx?id=2177385&use=l&cat=p&typeid=i","cat":334134},{"id":163331,"n":"Assiettes plates Homeside Bleue 23cm  sans film PE - x20","p":1.96,"u":"0,10 €/P","img":"https://fd3-photos.leclercdrive.fr/image.ashx?id=2927893&use=l&cat=p&typeid=i","cat":334134},{"id":163333,"n":"Assiettes plates Homeside 23 cm Bleu nuit sans film - x20","p":1.96,"img":"https://fd3-photos.leclercdrive.fr/image.ashx?id=2742321&use=l&cat=p&typeid=i","cat":334134},{"id":163340,"n":"Gobelet 47cl Homeside American cup bleu - x10","p":2.39,"u":"0,24 €/P","img":"https://fd3-photos.leclercdrive.fr/image.ashx?id=2177340&use=l&cat=p&typeid=i","cat":334134},{"id":163341,"n":"Gobelets 25cl Homeside Noir - x12","p":1.5,"u":"0,13 €/P","img":"https://fd3-photos.leclercdrive.fr/image.ashx?id=2708958&use=l&cat=p&typeid=i","cat":334134},{"id":163342,"n":"Gobelets 25cl Homeside Gris - x12","p":1.5,"u":"0,13 €/P","img":"https://fd3-photos.leclercdrive.fr/image.ashx?id=2708961&use=l&cat=p&typeid=i","cat":334134},{"id":163346,"n":"Gobelets 25cl Homeside Aqua - x12","p":1.5,"u":"0,13 €/P","img":"https://fd3-photos.leclercdrive.fr/image.ashx?id=2708970&use=l&cat=p&typeid=i","cat":334134},{"id":163347,"n":"Fruits rouges Crop's 1.5kg","p":11.58,"u":"7,72 €/KG","img":"https://fd3-photos.leclercdrive.fr/image.ashx?id=2515615&use=l&cat=p&typeid=i","cat":284268},{"id":163350,"n":"Gobelets 25cl Homeside Chaud/froid - 25","p":1.9,"u":"0,08 €/P","img":"https://fd3-photos.leclercdrive.fr/image.ashx?id=2177355&use=l&cat=p&typeid=i","cat":334134},{"id":163353,"n":"Verres à biere 35cl Homeside x12","p":1.9,"u":"0,16 €/P","img":"https://fd3-photos.leclercdrive.fr/image.ashx?id=2177358&use=l&cat=p&typeid=i","cat":334134},{"id":163354,"n":"Gobelets 20cl Eco+ Blanc - x50","p":1.31,"u":"0,03 €/P","img":"https://fd3-photos.leclercdrive.fr/image.ashx?id=2176608&use=l&cat=p&typeid=i","cat":334134},{"id":163355,"n":"Gobelets 10cl Homeside Décor café - x20","p":1.1,"u":"0,06 €/P","img":"https://fd3-photos.leclercdrive.fr/image.ashx?id=2177361&use=l&cat=p&typeid=i","cat":334134},{"id":163357,"n":"Gobelets 25cl Homeside Bleu ciel - x12","p":1.5,"u":"0,13 €/P","img":"https://fd3-photos.leclercdrive.fr/image.ashx?id=2708976&use=l&cat=p&typeid=i","cat":334134},{"id":163358,"n":"Gobelets 25cl Homeside Rose nude - x12","p":1.5,"u":"0,13 €/P","img":"https://fd3-photos.leclercdrive.fr/image.ashx?id=2708979&use=l&cat=p&typeid=i","cat":334134},{"id":163360,"n":"Gobelets 47cl Homeside Amercican cup rouge - x10","p":2.39,"u":"0,24 €/P","img":"https://fd3-photos.leclercdrive.fr/image.ashx?id=2177373&use=l&cat=p&typeid=i","cat":334134},{"id":163361,"n":"Gobelets 25cl Homeside Rouge - x12","p":1.5,"u":"0,13 €/P","img":"https://fd3-photos.leclercdrive.fr/image.ashx?id=2708982&use=l&cat=p&typeid=i","cat":334134},{"id":163412,"n":"Bain de bouche Efiseptyl Halitose EF 381 - 500ml","p":4.39,"u":"8,78 €/L","img":"https://fd3-photos.leclercdrive.fr/image.ashx?id=2854330&use=l&cat=p&typeid=i","cat":284613},{"id":163420,"n":"Smarties Mini Bonbons Chocolats 21 boites - 315g","p":4.25,"u":"13,49 €/KG","img":"https://fd3-photos.leclercdrive.fr/image.ashx?id=2740862&use=l&cat=p&typeid=i","cat":304238},{"id":163428,"n":"Crayon à sourcils Maybelline  Duo crayon et poudre","p":8.12,"img":"https://fd3-photos.leclercdrive.fr/image.ashx?id=2377787&use=l&cat=p&typeid=i","cat":287029},{"id":163434,"n":"Ampoule H1 + 50% de luminosité - x1","p":2.5,"img":"https://fd3-photos.leclercdrive.fr/image.ashx?id=2283570&use=l&cat=p&typeid=i","cat":300573},{"id":163436,"n":"Ampoule H4 +50% de luminosité - x1","p":4.3,"img":"https://fd3-photos.leclercdrive.fr/image.ashx?id=2665883&use=l&cat=p&typeid=i","cat":300573},{"id":163476,"n":"Petit pot bébé Bledina 6 mois purée Carottes Choux fleurs","p":1.77,"u":"4,43 €/KG","img":"https://fd3-photos.leclercdrive.fr/image.ashx?id=2909509&use=l&cat=p&typeid=i","cat":312235},{"id":163521,"n":"Petit pot bébé Blédina 4-6 mois Épinards - 2x130g","p":1.46,"u":"5,62 €/KG","img":"https://fd3-photos.leclercdrive.fr/image.ashx?id=2986167&use=l&cat=p&typeid=i","cat":312234},{"id":163525,"n":"Petit pot bébé Blédina 6 mois Haricot carotte veau - 2x200g","p":2.17,"u":"5,43 €/KG","img":"https://fd3-photos.leclercdrive.fr/image.ashx?id=2935756&use=l&cat=p&typeid=i","cat":312236},{"id":163526,"n":"Petit pot bébé bledina 6 mois  Purée légumes agneau - 2x200g","p":2.43,"u":"6,08 €/KG","img":"https://fd3-photos.leclercdrive.fr/image.ashx?id=2976770&use=l&cat=p&typeid=i","cat":312236},{"id":163529,"n":"Compote bébé Blédina 4-6 mois Pomme - 2x130g","p":1.42,"u":"5,46 €/KG","img":"https://fd3-photos.leclercdrive.fr/image.ashx?id=2911211&use=l&cat=p&typeid=i","cat":312387},{"id":163541,"n":"Isey Skyr Stracciatella - 400g","p":2.88,"u":"7,20 €/KG","img":"https://fd3-photos.leclercdrive.fr/image.ashx?id=2598621&use=l&cat=p&typeid=i","cat":315000},{"id":163612,"n":"Rasoirs Bic Hybrid 5 Flex Rechargeables - x2","p":5.27,"u":"2,64 €/P","img":"https://fd3-photos.leclercdrive.fr/image.ashx?id=2771744&use=l&cat=p&typeid=i","cat":284616},{"id":163643,"n":"Patates douces en morceaux Bio Bio Village - 600g","p":2.08,"u":"3,47 €/KG","img":"https://fd3-photos.leclercdrive.fr/image.ashx?id=2898101&use=l&cat=p&typeid=i","cat":319805},{"id":163706,"n":"Poisson Pané Cabillaud MSC Façon Fish & Chips x4 - 400g","p":6.74,"u":"16,85 €/KG","img":"https://fd3-photos.leclercdrive.fr/image.ashx?id=2985351&use=l&cat=p&typeid=i","cat":319788},{"id":163709,"n":"Fromage à tartiner Madame Loïk Fouetté Nature - 460g","p":4.53,"u":"9,85 €/KG","img":"https://fd3-photos.leclercdrive.fr/image.ashx?id=2967801&use=l&cat=p&typeid=i","cat":314029},{"id":163749,"n":"Mousseline Purina Gourmet Boeuf nappé de sauce - 4x57g","p":2.96,"u":"12,98 €/KG","img":"https://fd3-photos.leclercdrive.fr/image.ashx?id=2861773&use=l&cat=p&typeid=i","cat":285286},{"id":163750,"n":"Mousseline Purina Gourmet Poulet nappé de sauce - 4x57g","p":3.07,"u":"13,46 €/KG","img":"https://fd3-photos.leclercdrive.fr/image.ashx?id=2864197&use=l&cat=p&typeid=i","cat":285286},{"id":163753,"n":"Compote Charles & Alice Pommes Ananas - 4x97g","p":2.38,"u":"6,13 €/KG","img":"https://fd3-photos.leclercdrive.fr/image.ashx?id=2757683&use=l&cat=p&typeid=i","cat":284416},{"id":163793,"n":"Gobelets 25cl Jaune - x12","p":1.5,"u":"0,13 €/P","img":"https://fd3-photos.leclercdrive.fr/image.ashx?id=2708964&use=l&cat=p&typeid=i","cat":334134},{"id":163809,"n":"Bière Météor IPA Boîte - 50cl","p":2.14,"u":"4,28 €/L","img":"https://fd3-photos.leclercdrive.fr/image.ashx?id=2896582&use=l&cat=p&typeid=i","cat":334853},{"id":163840,"n":"Boudin noir Antillais L'Atelier Charcuterie x6 - 375g","p":5.24,"u":"13,97 €/KG","img":"https://fd3-photos.leclercdrive.fr/image.ashx?id=2437175&use=l&cat=p&typeid=i","cat":316012},{"id":163843,"n":"Bière Ch'ti Signature Triple - 8.5%vol 75cl","p":3.66,"u":"4,88 €/L","img":"https://fd3-photos.leclercdrive.fr/image.ashx?id=2560945&use=l&cat=p&typeid=i","cat":334872},{"id":163844,"n":"Bière Ch'ti IPA - 6%vol - 75cl","p":3.89,"u":"5,19 €/L","img":"https://fd3-photos.leclercdrive.fr/image.ashx?id=2560948&use=l&cat=p&typeid=i","cat":334872},{"id":163910,"n":"Daddy pure canne bio 750g","p":3.02,"u":"4,03 €/KG","img":"https://fd3-photos.leclercdrive.fr/image.ashx?id=2936077&use=l&cat=p&typeid=i","cat":284502},{"id":163926,"n":"Saucisses de Strasbourg L'Atelier Charcuterie x4 - 280g","p":4.32,"u":"15,43 €/KG","img":"https://fd3-photos.leclercdrive.fr/image.ashx?id=2905868&use=l&cat=p&typeid=i","cat":316012},{"id":163927,"n":"Miel de France Lune de Miel Liquide - 250g","p":3.7,"u":"14,80 €/KG","img":"https://fd3-photos.leclercdrive.fr/image.ashx?id=2693527&use=l&cat=p&typeid=i","cat":287643},{"id":163928,"n":"Miel de France Lune de Miel Crémeux- 250g","p":3.16,"u":"12,64 €/KG","img":"https://fd3-photos.leclercdrive.fr/image.ashx?id=2338766&use=l&cat=p&typeid=i","cat":287643},{"id":163936,"n":"Pommes dauphine L'Atelier Traiteur - 500g","p":4.09,"u":"8,18 €/KG","img":"https://fd3-photos.leclercdrive.fr/image.ashx?id=2888980&use=l&cat=p&typeid=i","cat":333666},{"id":163944,"n":"Aura sticks pack duo Coco - 2x30ml","p":5.07,"u":"84,50 €/L","img":"https://fd3-photos.leclercdrive.fr/image.ashx?id=2507275&use=l&cat=p&typeid=i","cat":311627},{"id":163945,"n":"Aura sticks pack duo Vanille - 2x30ml","p":5.36,"u":"89,33 €/L","img":"https://fd3-photos.leclercdrive.fr/image.ashx?id=2191101&use=l&cat=p&typeid=i","cat":311627},{"id":163946,"n":"Aura sticks pack duo Linge frais - 2x30ml","p":5.12,"u":"85,33 €/L","img":"https://fd3-photos.leclercdrive.fr/image.ashx?id=2507278&use=l&cat=p&typeid=i","cat":311627},{"id":163948,"n":"Aura sticks pack duo Fruits des bois - 2x30ml","p":5.13,"u":"85,50 €/L","img":"https://fd3-photos.leclercdrive.fr/image.ashx?id=2189169&use=l&cat=p&typeid=i","cat":311627},{"id":163951,"n":"Aura sticks pack duo Fruits rouges - 2x30ml","p":5.37,"u":"89,50 €/L","img":"https://fd3-photos.leclercdrive.fr/image.ashx?id=2191098&use=l&cat=p&typeid=i","cat":311627},{"id":164235,"n":"Bière Triple Lefort 75cl","p":5.59,"u":"7,45 €/L","img":"https://fd3-photos.leclercdrive.fr/image.ashx?id=2398682&use=l&cat=p&typeid=i","cat":334872},{"id":164271,"n":"Café grains Méo  Excellence - 1kg","p":18.95,"u":"18,95 €/KG","img":"https://fd3-photos.leclercdrive.fr/image.ashx?id=2601521&use=l&cat=p&typeid=i","cat":293237},{"id":164281,"n":"Noix de Cajou Naturelles 200g","p":3.82,"u":"19,10 €/KG","img":"https://fd3-photos.leclercdrive.fr/image.ashx?id=2950603&use=l&cat=p&typeid=i","cat":316002},{"id":164367,"n":"Pizza Turini 4 fromages - 200g","p":1.31,"u":"6,55 €/KG","img":"https://fd3-photos.leclercdrive.fr/image.ashx?id=2839941&use=l&cat=p&typeid=i","cat":333679},{"id":164394,"n":"Compotes Pom'Potes Gourdes  Pomme Poire Banane - 32x90g","p":12.77,"u":"4,43 €/KG","img":"https://fd3-photos.leclercdrive.fr/image.ashx?id=3010936&use=l&cat=p&typeid=i","cat":284508},{"id":164416,"n":"Concombre fromage blanc Menu Fraîcheur - 500g","p":2.49,"u":"4,98 €/KG","img":"https://fd3-photos.leclercdrive.fr/image.ashx?id=3005691&use=l&cat=p&typeid=i","cat":333657},{"id":164420,"n":"AOP Languedoc rouge Domaine de la Perdrane 75cl","p":9.17,"u":"12,23 €/L","img":"https://fd3-photos.leclercdrive.fr/image.ashx?id=2187127&use=l&cat=p&typeid=i","cat":289556},{"id":164442,"n":"Crème dessert Récré O'lé Vanille - 20x85g","p":10.6,"u":"6,24 €/KG","img":"https://fd3-photos.leclercdrive.fr/image.ashx?id=2492866&use=l&cat=p&typeid=i","cat":284506},{"id":164443,"n":"Crème dessert Récré O'Lé Chocolats - 20x85g","p":10.6,"u":"6,24 €/KG","img":"https://fd3-photos.leclercdrive.fr/image.ashx?id=2492869&use=l&cat=p&typeid=i","cat":284506},{"id":164444,"n":"Capsules café L'Or Barista Extra Long N°8 x10","p":5.23,"u":"50,29 €/KG","img":"https://fd3-photos.leclercdrive.fr/image.ashx?id=2337900&use=l&cat=p&typeid=i","cat":284749},{"id":164448,"n":"Yaourt à la Grecque Yaos Coco - 4x125g + 2 offert","p":3.43,"u":"6,86 €/KG","img":"https://fd3-photos.leclercdrive.fr/image.ashx?id=2817314&use=l&cat=p&typeid=i","cat":314999},{"id":164461,"n":"Tarte Flambée  Kauffer's - Munster - 2x250g","p":5.29,"u":"10,58 €/KG","img":"https://fd3-photos.leclercdrive.fr/image.ashx?id=2188080&use=l&cat=p&typeid=i","cat":284257},{"id":164490,"n":"AOP Munster 200g","p":2.67,"u":"13,35 €/KG","img":"https://fd3-photos.leclercdrive.fr/image.ashx?id=2957878&use=l&cat=p&typeid=i","cat":329558},{"id":164493,"n":"AOP Morbier 190g","p":2.83,"u":"14,89 €/KG","img":"https://fd3-photos.leclercdrive.fr/image.ashx?id=2957890&use=l&cat=p&typeid=i","cat":329184},{"id":164537,"n":"Duo poivre sel Sainte Lucie 63g","p":1.63,"u":"25,87 €/KG","img":"https://fd3-photos.leclercdrive.fr/image.ashx?id=2775065&use=l&cat=p&typeid=i","cat":284457},{"id":164540,"n":"Bouquet garni Sainte Lucie 7.5g - lot de 3","p":2.43,"u":"347,14 €/KG","img":"https://fd3-photos.leclercdrive.fr/image.ashx?id=2774451&use=l&cat=p&typeid=i","cat":293607},{"id":164541,"n":"Maïs Bonduelle Sans Résidu De Pesticides 285g","p":1.27,"u":"4,46 €/KG","img":"https://fd3-photos.leclercdrive.fr/image.ashx?id=2972892&use=l&cat=p&typeid=i","cat":312611},{"id":164542,"n":"Cumin entier Sainte Lucie 38g","p":2.38,"u":"62,63 €/KG","img":"https://fd3-photos.leclercdrive.fr/image.ashx?id=2774412&use=l&cat=p&typeid=i","cat":298297},{"id":164544,"n":"Colorants alimentaires Sainte L 30g","p":3.05,"u":"101,67 €/KG","img":"https://fd3-photos.leclercdrive.fr/image.ashx?id=2774319&use=l&cat=p&typeid=i","cat":284504},{"id":164547,"n":"Mélange pour paella Sainte Luci 55g","p":2.29,"u":"41,64 €/KG","img":"https://fd3-photos.leclercdrive.fr/image.ashx?id=2187763&use=l&cat=p&typeid=i","cat":298297},{"id":164548,"n":"Levure boulangère Sainte Lucie Traditionnelle - 40g","p":1.01,"u":"25,25 €/KG","img":"https://fd3-photos.leclercdrive.fr/image.ashx?id=2829949&use=l&cat=p&typeid=i","cat":284504},{"id":164550,"n":"Nappage caramel Sainte Lucie 200g","p":2.49,"u":"12,45 €/KG","img":"https://fd3-photos.leclercdrive.fr/image.ashx?id=2775709&use=l&cat=p&typeid=i","cat":284504},{"id":164551,"n":"Cannelle poudre Sainte Lucie 45g","p":2.24,"u":"49,78 €/KG","img":"https://fd3-photos.leclercdrive.fr/image.ashx?id=2972934&use=l&cat=p&typeid=i","cat":298297},{"id":164552,"n":"Coriandre Sainte Lucie 25g","p":1.94,"u":"77,60 €/KG","img":"https://fd3-photos.leclercdrive.fr/image.ashx?id=2974333&use=l&cat=p&typeid=i","cat":298297},{"id":164553,"n":"Ail semoule Sainte Lucie 100g","p":2.53,"u":"25,30 €/KG","img":"https://fd3-photos.leclercdrive.fr/image.ashx?id=2968160&use=l&cat=p&typeid=i","cat":298297},{"id":164554,"n":"Origan sèche Sainte Lucie 13g","p":1.8,"u":"138,46 €/KG","img":"https://fd3-photos.leclercdrive.fr/image.ashx?id=2975182&use=l&cat=p&typeid=i","cat":298297},{"id":164555,"n":"Ail Sainte Lucie Saveurs du potager - 2","p":3.47,"u":"144,58 €/KG","img":"https://fd3-photos.leclercdrive.fr/image.ashx?id=2968166&use=l&cat=p&typeid=i","cat":298297},{"id":164556,"n":"Chili poudre Sainte Lucie 45g","p":2.36,"u":"52,44 €/KG","img":"https://fd3-photos.leclercdrive.fr/image.ashx?id=2187739&use=l&cat=p&typeid=i","cat":298297},{"id":164567,"n":"Eau nettoyante Cadum Bébé  Douceur - 750ml","p":3.29,"u":"4,39 €/L","img":"https://fd3-photos.leclercdrive.fr/image.ashx?id=2278451&use=l&cat=p&typeid=i","cat":284741},{"id":164569,"n":"Gel nettoyant Cadum Bébé  Corps et Cheveux - 750ml","p":3.32,"u":"4,43 €/L","img":"https://fd3-photos.leclercdrive.fr/image.ashx?id=2377799&use=l&cat=p&typeid=i","cat":284740},{"id":164570,"n":"Gel Douche Sans Savon Cadum Huile d'Amandes Douces - 750ml","p":3.23,"u":"4,31 €/L","img":"https://fd3-photos.leclercdrive.fr/image.ashx?id=2352870&use=l&cat=p&typeid=i","cat":284594},{"id":164583,"n":"Gel Lavant enfant Cadum Corps & cheveux - 750ml","p":4.33,"u":"5,77 €/L","img":"https://fd3-photos.leclercdrive.fr/image.ashx?id=2839496&use=l&cat=p&typeid=i","cat":284594},{"id":164584,"n":"Crème Douche surgras Cadum Beurre de Karité - 750ml","p":3.23,"u":"4,31 €/L","img":"https://fd3-photos.leclercdrive.fr/image.ashx?id=2395020&use=l&cat=p&typeid=i","cat":284594},{"id":164598,"n":"40 sacs congélation Alfapac avec lien Moyen modèle","p":2.08,"u":"0,05 €/P","img":"https://fd3-photos.leclercdrive.fr/image.ashx?id=2918700&use=l&cat=p&typeid=i","cat":334134},{"id":164602,"n":"Lessive liquide fraîcheur ECO+ 40 lavages - 2L","p":2.16,"u":"1,08 €/L","img":"https://fd3-photos.leclercdrive.fr/image.ashx?id=2597988&use=l&cat=p&typeid=i","cat":284640},{"id":164603,"n":"Lessive liquide fleurie Epsil 25 lavages - 1,25L","p":3.91,"u":"3,13 €/L","img":"https://fd3-photos.leclercdrive.fr/image.ashx?id=2603000&use=l&cat=p&typeid=i","cat":284640},{"id":164604,"n":"Lessive liquide fraîcheur Epsil 25 lavages - 1,25L","p":3.33,"u":"2,66 €/L","img":"https://fd3-photos.leclercdrive.fr/image.ashx?id=2602994&use=l&cat=p&typeid=i","cat":284640},{"id":164606,"n":"Rhum blanc DOM 40° - 70cl","p":9.11,"u":"13,01 €/L","img":"https://fd3-photos.leclercdrive.fr/image.ashx?id=2188772&use=l&cat=p&typeid=i","cat":284550},{"id":164643,"n":"Muesli noisette bio sans sucres  ajoutés Terres et Céréales-1kg","p":4.8,"u":"4,80 €/KG","img":"https://fd3-photos.leclercdrive.fr/image.ashx?id=2858452&use=l&cat=p&typeid=i","cat":309512},{"id":164644,"n":"Bonne nuit Babybio légumes/riz bio 2 x 200g","p":2.94,"u":"7,35 €/KG","img":"https://fd3-photos.leclercdrive.fr/image.ashx?id=2838347&use=l&cat=p&typeid=i","cat":312239},{"id":164656,"n":"Jus de Citron Jardin Bio Etic bio -1L","p":4.99,"u":"4,99 €/L","img":"https://fd3-photos.leclercdrive.fr/image.ashx?id=3002102&use=l&cat=p&typeid=i","cat":288383},{"id":164815,"n":"12 vitamines + 9 minéraux  Juvamine - 30 comprimés","p":3.49,"u":"0,12 €/P","img":"https://fd3-photos.leclercdrive.fr/image.ashx?id=2675951&use=l&cat=p&typeid=i","cat":313217},{"id":164866,"n":"Véritable viennoise d'Alsace Tempé - 4x60g","p":4.88,"u":"20,33 €/KG","img":"https://fd3-photos.leclercdrive.fr/image.ashx?id=2446050&use=l&cat=p&typeid=i","cat":316012},{"id":164870,"n":"Raclette au poivre pasteurisée L'Atelier Fromagerie - 250g","p":3.75,"u":"15,00 €/KG","img":"https://fd3-photos.leclercdrive.fr/image.ashx?id=2992681&use=l&cat=p&typeid=i","cat":314036},{"id":164873,"n":"Raclette à l'oignon pasteurisée L'Atelier Fromagerie - 250g","p":3.75,"u":"15,00 €/KG","img":"https://fd3-photos.leclercdrive.fr/image.ashx?id=2856371&use=l&cat=p&typeid=i","cat":314036},{"id":165040,"n":"Diffuseur Glade avec bâtonnets Orange & Néroli - 80ml","p":5.95,"u":"74,38 €/L","img":"https://fd3-photos.leclercdrive.fr/image.ashx?id=2867710&use=l&cat=p&typeid=i","cat":311627},{"id":165041,"n":"Diffuseur Glade avec bâtonnets Bergamote & Citronnelle - 80ml","p":6.14,"img":"https://fd3-photos.leclercdrive.fr/image.ashx?id=2867181&use=l&cat=p&typeid=i","cat":311627},{"id":165053,"n":"Lingettes nettoyantes Dettol 2 en 1 - x12","p":1.57,"u":"0,13 €/P","img":"https://fd3-photos.leclercdrive.fr/image.ashx?id=2599931&use=l&cat=p&typeid=i","cat":284630},{"id":165062,"n":"Gel Lubrifiant Intime Cherry Arome Cerise Durex 100ml","p":9.46,"u":"94,60 €/L","img":"https://fd3-photos.leclercdrive.fr/image.ashx?id=2960696&use=l&cat=p&typeid=i","cat":285160},{"id":165063,"n":"Gel Lubrifiant Intime Hot Durex Effet Chauffant Base Eau 100ml","p":7.37,"u":"73,70 €/L","img":"https://fd3-photos.leclercdrive.fr/image.ashx?id=2785487&use=l&cat=p&typeid=i","cat":285160},{"id":165064,"n":"Lessive poudre Eco + 60 lavages - 3kg","p":4.81,"u":"1,60 €/KG","img":"https://fd3-photos.leclercdrive.fr/image.ashx?id=2638524&use=l&cat=p&typeid=i","cat":284642},{"id":165131,"n":"Crème de cassis d'Anjou  Giffard 16% - 50cl","p":5.5,"pp":4.95,"u":"9,90 €/L","img":"https://fd3-photos.leclercdrive.fr/image.ashx?id=2219150&use=l&cat=p&typeid=i","cat":286032},{"id":165138,"n":"Crème de fleur de sureau  Giffard 16% - 50cl","p":5.5,"pp":4.95,"u":"9,90 €/L","img":"https://fd3-photos.leclercdrive.fr/image.ashx?id=2219165&use=l&cat=p&typeid=i","cat":286032},{"id":165140,"n":"Joker Défense Orange Kiwi Banane - 0,9L","p":2.16,"u":"2,40 €/L","img":"https://fd3-photos.leclercdrive.fr/image.ashx?id=3008149&use=l&cat=p&typeid=i","cat":284917},{"id":165156,"n":"Jus MultiFruits Désucré Jafaden - 1L","p":1.69,"u":"1,69 €/L","img":"https://fd3-photos.leclercdrive.fr/image.ashx?id=2497971&use=l&cat=p&typeid=i","cat":284917},{"id":165193,"n":"Croquette chat Perfect Fit  Natural Vitality poisson - 1kg","p":6.18,"u":"6,18 €/KG","img":"https://fd3-photos.leclercdrive.fr/image.ashx?id=2195068&use=l&cat=p&typeid=i","cat":284680},{"id":165194,"n":"Croquettes Pour Chat Perfect Fit - 1kg","p":8.27,"u":"8,27 €/KG","img":"https://fd3-photos.leclercdrive.fr/image.ashx?id=2195071&use=l&cat=p&typeid=i","cat":284680},{"id":165198,"n":"Pate à tartiner Bonne Maman Noisette et cacao - 250g","p":3.25,"u":"13,00 €/KG","img":"https://fd3-photos.leclercdrive.fr/image.ashx?id=2891103&use=l&cat=p&typeid=i","cat":284481},{"id":165311,"n":"Quartz 9000NFC 5W30 mixte - 5L","p":44.9,"pp":31.43,"u":"6,29 €/L","img":"https://fd3-photos.leclercdrive.fr/image.ashx?id=2567696&use=l&cat=p&typeid=i","cat":298253},{"id":165594,"n":"Bullet journal + 8 feutres  écriture","p":11.9,"img":"https://fd3-photos.leclercdrive.fr/image.ashx?id=2207121&use=l&cat=p&typeid=i","cat":334381},{"id":165625,"n":"Moutarde douce Alélor Au riesling - 350g","p":2.21,"u":"6,31 €/KG","img":"https://fd3-photos.leclercdrive.fr/image.ashx?id=2857246&use=l&cat=p&typeid=i","cat":288850},{"id":165638,"n":"Moutarde Alélor A L'ancienne - 350g","p":2.25,"u":"6,43 €/KG","img":"https://fd3-photos.leclercdrive.fr/image.ashx?id=2792495&use=l&cat=p&typeid=i","cat":288850},{"id":165656,"n":"Diffuseur Glade avec bâtonnets Lavandin & Santal - 80ml","p":5.95,"u":"74,38 €/L","img":"https://fd3-photos.leclercdrive.fr/image.ashx?id=2266083&use=l&cat=p&typeid=i","cat":311627},{"id":165661,"n":"Brosse à dent Dentamyl Tête rechargeable souple - x1","p":1.17,"img":"https://fd3-photos.leclercdrive.fr/image.ashx?id=2791006&use=l&cat=p&typeid=i","cat":284614},{"id":165666,"n":"Confitures Léonce Blanc 70% 4 agrumes - 320g","p":2.37,"u":"7,41 €/KG","img":"https://fd3-photos.leclercdrive.fr/image.ashx?id=2362591&use=l&cat=p&typeid=i","cat":284480},{"id":165667,"n":"Brosse à dent Dentamyl Tête rechargeable médium - x1","p":1.17,"img":"https://fd3-photos.leclercdrive.fr/image.ashx?id=2198532&use=l&cat=p&typeid=i","cat":284614},{"id":165669,"n":"Tête de recharge Dentamyl Brosse à dent souple - x3","p":1.0,"u":"0,33 €/P","img":"https://fd3-photos.leclercdrive.fr/image.ashx?id=2791015&use=l&cat=p&typeid=i","cat":284614},{"id":165670,"n":"Tête de recharge Dentamyl Brosse à dent médium - x3","p":1.0,"u":"0,33 €/P","img":"https://fd3-photos.leclercdrive.fr/image.ashx?id=2791018&use=l&cat=p&typeid=i","cat":284614},{"id":165671,"n":"Tête de recharge Dentamyl Brosse à dent dure - x3","p":1.0,"u":"0,33 €/P","img":"https://fd3-photos.leclercdrive.fr/image.ashx?id=2791021&use=l&cat=p&typeid=i","cat":284614},{"id":165678,"n":"Crème Whisky Baileys Caramel salé 17% vol - 70cl","p":11.57,"u":"16,53 €/L","img":"https://fd3-photos.leclercdrive.fr/image.ashx?id=2351475&use=l&cat=p&typeid=i","cat":286032},{"id":165691,"n":"Gel douche bio Ushuaïa Fleur d'Oranger - 250ml","p":4.07,"u":"16,28 €/L","img":"https://fd3-photos.leclercdrive.fr/image.ashx?id=2439329&use=l&cat=p&typeid=i","cat":284594},{"id":165700,"n":"Chocolats à la liqueur Abtey Poire Williams x11 - 240g","p":6.07,"u":"25,29 €/KG","img":"https://fd3-photos.leclercdrive.fr/image.ashx?id=2870266&use=l&cat=p&typeid=i","cat":327601},{"id":165703,"n":"Tablette de chocolat au lait   Rohan Père Noël - 100g","p":2.68,"u":"26,80 €/KG","img":"https://fd3-photos.leclercdrive.fr/image.ashx?id=2198651&use=l&cat=p&typeid=i","cat":327592},{"id":165704,"n":"Tablette de chocolat au lait Rohan Ourson - 100g","p":2.68,"u":"26,80 €/KG","img":"https://fd3-photos.leclercdrive.fr/image.ashx?id=2198654&use=l&cat=p&typeid=i","cat":327592},{"id":165705,"n":"Tablette de chocolat au lait Rohan bonhomme de neige - 100g","p":2.68,"u":"26,80 €/KG","img":"https://fd3-photos.leclercdrive.fr/image.ashx?id=2198657&use=l&cat=p&typeid=i","cat":327592},{"id":165775,"n":"Madeleines Ker Cadélac Vanille de Madagascar - 600g","p":3.93,"u":"6,55 €/KG","img":"https://fd3-photos.leclercdrive.fr/image.ashx?id=2558568&use=l&cat=p&typeid=i","cat":284492},{"id":165801,"n":"Sauce bolognaise Eco+ 420g","p":1.13,"u":"2,69 €/KG","img":"https://fd3-photos.leclercdrive.fr/image.ashx?id=2634845&use=l&cat=p&typeid=i","cat":287599},{"id":166221,"n":"Acide citrique Biovie 350g","p":5.68,"u":"16,23 €/KG","img":"https://fd3-photos.leclercdrive.fr/image.ashx?id=2997007&use=l&cat=p&typeid=i","cat":325365},{"id":166223,"n":"Sauce la condiment Alélor 350g","p":1.76,"u":"5,03 €/KG","img":"https://fd3-photos.leclercdrive.fr/image.ashx?id=2857255&use=l&cat=p&typeid=i","cat":288850},{"id":166226,"n":"Tampons Love & Green Avec applicateur normal - x16","p":5.26,"img":"https://fd3-photos.leclercdrive.fr/image.ashx?id=2212273&use=l&cat=p&typeid=i","cat":284626},{"id":166227,"n":"Tampons applicateur \"Super\" Hypoallergéniques 0% - x14","p":4.97,"img":"https://fd3-photos.leclercdrive.fr/image.ashx?id=2205472&use=l&cat=p&typeid=i","cat":284626},{"id":166228,"n":"Tampons digitaux \"Normal\" Hypoallergéniques 0% - x16","p":3.28,"img":"https://fd3-photos.leclercdrive.fr/image.ashx?id=3011623&use=l&cat=p&typeid=i","cat":284626},{"id":166229,"n":"Tampons digitaux \"Super\" Hypoallergéniques 0% - x16","p":3.04,"u":"0,19 €/P","img":"https://fd3-photos.leclercdrive.fr/image.ashx?id=3011626&use=l&cat=p&typeid=i","cat":284626},{"id":166304,"n":"Croquettes poisson pané Findus MSC Ail Fines Herbes x6 - 300g","p":2.9,"u":"9,67 €/KG","img":"https://fd3-photos.leclercdrive.fr/image.ashx?id=3008752&use=l&cat=p&typeid=i","cat":319788},{"id":166362,"n":"Coquilles Saint-Jacques Comptoir des Marées - 900g","p":10.06,"u":"11,18 €/KG","img":"https://fd3-photos.leclercdrive.fr/image.ashx?id=2286756&use=l&cat=p&typeid=i","cat":319787},{"id":166377,"n":"Lessive eco-recharge Uni Vert Fleur x30 lavages - 1,05L","p":4.12,"u":"3,92 €/L","img":"https://fd3-photos.leclercdrive.fr/image.ashx?id=2838942&use=l&cat=p&typeid=i","cat":284640},{"id":166389,"n":"Ginger beer Bundaberg sans alcool - 37,5cl","p":1.92,"u":"5,12 €/L","img":"https://fd3-photos.leclercdrive.fr/image.ashx?id=2352038&use=l&cat=p&typeid=i","cat":334877},{"id":166399,"n":"AOC Jurançon blanc Matayac Petit et Gros Manseng - 75cl","p":7.9,"pp":5.53,"u":"7,37 €/L","img":"https://fd3-photos.leclercdrive.fr/image.ashx?id=2792324&use=l&cat=p&typeid=i","cat":289557},{"id":166403,"n":"Lessive eco-recharge Uni Vert Aloe x30 lavages - 1.05L","p":4.12,"u":"3,92 €/L","img":"https://fd3-photos.leclercdrive.fr/image.ashx?id=2669780&use=l&cat=p&typeid=i","cat":284640},{"id":166404,"n":"Lessive eco-recharge Uni Vert  Aloe Vera x42 lavages - 1.5L","p":5.91,"u":"3,94 €/L","img":"https://fd3-photos.leclercdrive.fr/image.ashx?id=2838954&use=l&cat=p&typeid=i","cat":284640},{"id":166419,"n":"Signature Patato Pops McCain Pommes de terre - 650g","p":3.08,"u":"4,74 €/KG","img":"https://fd3-photos.leclercdrive.fr/image.ashx?id=2752233&use=l&cat=p&typeid=i","cat":319792},{"id":166422,"n":"AOP Pinot Gris Bio Cave du Roi Dagobert - 75cl","p":7.73,"u":"10,31 €/L","img":"https://fd3-photos.leclercdrive.fr/image.ashx?id=2416414&use=l&cat=p&typeid=i","cat":289557},{"id":166431,"n":"Fromage blanc Alsace Lait Nature 0%mg - 4x100g","p":1.4,"u":"3,50 €/KG","img":"https://fd3-photos.leclercdrive.fr/image.ashx?id=2204078&use=l&cat=p&typeid=i","cat":284409},{"id":166457,"n":"Masque reconstructeur Elsève Full Resist - 680ml","p":11.03,"u":"16,22 €/L","img":"https://fd3-photos.leclercdrive.fr/image.ashx?id=2520491&use=l&cat=p&typeid=i","cat":284608},{"id":166478,"n":"Démaquillant Maybelline  Waterproof biphase 2en1 - 150ml","p":2.37,"u":"15,80 €/L","img":"https://fd3-photos.leclercdrive.fr/image.ashx?id=2278169&use=l&cat=p&typeid=i","cat":284603},{"id":166485,"n":"Muesli aux fruits bio Happy Bio 375g","p":4.17,"u":"11,12 €/KG","img":"https://fd3-photos.leclercdrive.fr/image.ashx?id=2945520&use=l&cat=p&typeid=i","cat":309512},{"id":166486,"n":"Nectar Fruits du Verger Jafaden Sans sucre ajouté - 1L","p":1.59,"u":"1,59 €/L","img":"https://fd3-photos.leclercdrive.fr/image.ashx?id=2919658&use=l&cat=p&typeid=i","cat":284521},{"id":166488,"n":"Huile de coco désodorisée Bio Jardin Bio - 430ml","p":5.33,"u":"12,40 €/L","img":"https://fd3-photos.leclercdrive.fr/image.ashx?id=2811152&use=l&cat=p&typeid=i","cat":284453},{"id":166584,"n":"Olives vertes dénoyautées Croc' Frais 2 piments Jalapeno - 150g","p":2.34,"u":"15,60 €/KG","img":"https://fd3-photos.leclercdrive.fr/image.ashx?id=2209143&use=l&cat=p&typeid=i","cat":316002},{"id":166598,"n":"Sauce spaghetti bio Jardin Bio 510g","p":2.75,"u":"5,39 €/KG","img":"https://fd3-photos.leclercdrive.fr/image.ashx?id=2811164&use=l&cat=p&typeid=i","cat":288384},{"id":166601,"n":"Compote bio Jardin Bio Pomme banane - 680g","p":3.8,"u":"5,59 €/KG","img":"https://fd3-photos.leclercdrive.fr/image.ashx?id=2918307&use=l&cat=p&typeid=i","cat":284508},{"id":166602,"n":"Compote bio Jardin Bio Pomme fraise - 680g","p":3.45,"u":"5,07 €/KG","img":"https://fd3-photos.leclercdrive.fr/image.ashx?id=2918835&use=l&cat=p&typeid=i","cat":284508},{"id":166674,"n":"Confiture Douceur du Verger Fraise - 750g","p":2.15,"u":"2,87 €/KG","img":"https://fd3-photos.leclercdrive.fr/image.ashx?id=2965545&use=l&cat=p&typeid=i","cat":284480},{"id":166675,"n":"Confiture Douceur du Verger Abricot - 370g","p":1.27,"u":"3,43 €/KG","img":"https://fd3-photos.leclercdrive.fr/image.ashx?id=2965569&use=l&cat=p&typeid=i","cat":284480},{"id":166686,"n":"Yaourt protéiné Hipro  Coco 0%mg - 2x160g","p":2.48,"u":"7,75 €/KG","img":"https://fd3-photos.leclercdrive.fr/image.ashx?id=2807423&use=l&cat=p&typeid=i","cat":315000},{"id":166707,"n":"Saumon fumé Delpierre Norvège 10 tranches - 320g","p":11.45,"u":"35,78 €/KG","img":"https://fd3-photos.leclercdrive.fr/image.ashx?id=2961915&use=l&cat=p&typeid=i","cat":285188},{"id":166750,"n":"Lessive concentrée Epsil Printemps x28 - 980ml","p":3.29,"u":"3,36 €/L","img":"https://fd3-photos.leclercdrive.fr/image.ashx?id=2450155&use=l&cat=p&typeid=i","cat":284640},{"id":166751,"n":"Lessive en poudre Epsil 10 lavages - 500g","p":2.69,"u":"5,38 €/KG","img":"https://fd3-photos.leclercdrive.fr/image.ashx?id=2450158&use=l&cat=p&typeid=i","cat":284642},{"id":166752,"n":"Lessive tri-dose Orient Epsil x20 - 490ml","p":4.49,"u":"9,16 €/L","img":"https://fd3-photos.leclercdrive.fr/image.ashx?id=2450116&use=l&cat=p&typeid=i","cat":284641},{"id":166753,"n":"Apéritif Apérol Spritz 12.5% vol - 1L","p":14.41,"u":"14,41 €/L","img":"https://fd3-photos.leclercdrive.fr/image.ashx?id=2957287&use=l&cat=p&typeid=i","cat":286032},{"id":166754,"n":"Spéculoos pocket P'tit Déli 168g","p":0.85,"u":"5,06 €/KG","img":"https://fd3-photos.leclercdrive.fr/image.ashx?id=2245598&use=l&cat=p&typeid=i","cat":284487},{"id":166757,"n":"Filet de poulet rôti Fleury Michon sans nitrite x6 - 160g","p":3.14,"u":"19,63 €/KG","img":"https://fd3-photos.leclercdrive.fr/image.ashx?id=2954830&use=l&cat=p&typeid=i","cat":316010},{"id":166819,"n":"Sucre en poudre Tablier Blanc 1kg","p":1.53,"u":"1,53 €/KG","img":"https://fd3-photos.leclercdrive.fr/image.ashx?id=3010434&use=l&cat=p&typeid=i","cat":284502},{"id":166831,"n":"Mini batonnet surimi Pêche MSC Océan Avec mayonnaise - 210g","p":1.9,"u":"9,05 €/KG","img":"https://fd3-photos.leclercdrive.fr/image.ashx?id=2212039&use=l&cat=p&typeid=i","cat":285189},{"id":166839,"n":"Fruits de mer Hamlet Chocolat praliné - 250g","p":6.89,"pp":4.55,"u":"18,20 €/KG","img":"https://fd3-photos.leclercdrive.fr/image.ashx?id=2753247&use=l&cat=p&typeid=i","cat":327595},{"id":166876,"n":"Lessive bi-doses Xeor Fraîcheur x30","p":5.24,"u":"7,13 €/L","img":"https://fd3-photos.leclercdrive.fr/image.ashx?id=2838945&use=l&cat=p&typeid=i","cat":284641},{"id":166878,"n":"Lessive bi-doses Xeor Savon de Marseille x30","p":5.24,"u":"7,13 €/L","img":"https://fd3-photos.leclercdrive.fr/image.ashx?id=2838948&use=l&cat=p&typeid=i","cat":284641},{"id":166893,"n":"Bonbons Trolli Pop eye 75g","p":1.76,"u":"23,47 €/KG","img":"https://fd3-photos.leclercdrive.fr/image.ashx?id=2854015&use=l&cat=p&typeid=i","cat":304250},{"id":166940,"n":"Glace Mystère Nestlé Crème brulée - 4x77g","p":5.05,"u":"16,40 €/KG","img":"https://fd3-photos.leclercdrive.fr/image.ashx?id=2878399&use=l&cat=p&typeid=i","cat":284266},{"id":167011,"n":"Pur jus de clémentine Jafaden 90cl","p":2.15,"u":"2,39 €/L","img":"https://fd3-photos.leclercdrive.fr/image.ashx?id=2723162&use=l&cat=p&typeid=i","cat":285435},{"id":167030,"n":"Boxer powerful Dim Rouge/Bleu/Cobalt T3 - x3","p":27.95,"u":"9,32 €/P","img":"https://fd3-photos.leclercdrive.fr/image.ashx?id=2217195&use=l&cat=p&typeid=i","cat":291524},{"id":167031,"n":"Boxer powerful Dim Rouge/Bleu/Cobalt T4 - x3","p":27.95,"u":"9,32 €/P","img":"https://fd3-photos.leclercdrive.fr/image.ashx?id=2217198&use=l&cat=p&typeid=i","cat":291524},{"id":167032,"n":"Boxer powerful Dim Rouge/Bleu/Cobalt T5 - x3","p":27.95,"u":"9,32 €/P","img":"https://fd3-photos.leclercdrive.fr/image.ashx?id=2217201&use=l&cat=p&typeid=i","cat":291524},{"id":167035,"n":"La Cancoillotte à l'ail Le Francomtois - 500g","p":4.98,"u":"9,96 €/KG","img":"https://fd3-photos.leclercdrive.fr/image.ashx?id=2559044&use=l&cat=p&typeid=i","cat":314037},{"id":167166,"n":"Mug de Noël Fizzy Mme Princesse +100g de chocolat","p":6.47,"u":"64,70 €/KG","img":"https://fd3-photos.leclercdrive.fr/image.ashx?id=2983673&use=l&cat=p&typeid=i","cat":327789},{"id":167182,"n":"Tubo renne lait Libeert Moulage lait décoré - 150g","p":8.07,"u":"53,80 €/KG","img":"https://fd3-photos.leclercdrive.fr/image.ashx?id=2306444&use=l&cat=p&typeid=i","cat":327592},{"id":167183,"n":"Tubo père noël  lait Libeert Moulage lait décoré - 150g","p":8.07,"u":"53,80 €/KG","img":"https://fd3-photos.leclercdrive.fr/image.ashx?id=2306447&use=l&cat=p&typeid=i","cat":327592},{"id":167238,"n":"Escargots noir et lait Revillon Papillotes Noir Lait - 370g","p":11.19,"u":"30,24 €/KG","img":"https://fd3-photos.leclercdrive.fr/image.ashx?id=2661205&use=l&cat=p&typeid=i","cat":327597},{"id":167240,"n":"Festif rochers Revillon Noir 70% & lait - 370g","p":11.19,"u":"30,24 €/KG","img":"https://fd3-photos.leclercdrive.fr/image.ashx?id=2661661&use=l&cat=p&typeid=i","cat":327597},{"id":167241,"n":"Festif Malakoffs Revillon Noir 70% & lait - 370g","p":11.19,"u":"30,24 €/KG","img":"https://fd3-photos.leclercdrive.fr/image.ashx?id=2661202&use=l&cat=p&typeid=i","cat":327597},{"id":167242,"n":"Nougats noir et lait  Revillon Noir 70% & lait - 300g","p":11.19,"u":"37,30 €/KG","img":"https://fd3-photos.leclercdrive.fr/image.ashx?id=2661658&use=l&cat=p&typeid=i","cat":327597},{"id":167243,"n":"Papillotes Révillon Noir 70% Féerique- 360g","p":11.19,"u":"31,08 €/KG","img":"https://fd3-photos.leclercdrive.fr/image.ashx?id=2863272&use=l&cat=p&typeid=i","cat":327597},{"id":167244,"n":"Papillotes Revillon Lait   Féerique - 360g","p":11.19,"u":"31,08 €/KG","img":"https://fd3-photos.leclercdrive.fr/image.ashx?id=2863269&use=l&cat=p&typeid=i","cat":327597},{"id":167245,"n":"Papillotes Révillon Blanc Féerique - 360g","p":11.19,"u":"31,08 €/KG","img":"https://fd3-photos.leclercdrive.fr/image.ashx?id=2409124&use=l&cat=p&typeid=i","cat":327597},{"id":167246,"n":"Papillotes Revillon Noir Lait Féerique - 360g","p":11.19,"u":"31,08 €/KG","img":"https://fd3-photos.leclercdrive.fr/image.ashx?id=2863275&use=l&cat=p&typeid=i","cat":327597},{"id":167247,"n":"Papillotes Révillon Lait et Blanc - 360g","p":11.19,"u":"31,08 €/KG","img":"https://fd3-photos.leclercdrive.fr/image.ashx?id=2863278&use=l&cat=p&typeid=i","cat":327597},{"id":167248,"n":"Papillote Révillon Noir Lait et Blanc Féerique - 360g","p":11.19,"u":"31,08 €/KG","img":"https://fd3-photos.leclercdrive.fr/image.ashx?id=2863121&use=l&cat=p&typeid=i","cat":327597},{"id":167305,"n":"Champagne Brut Canard Duchêne Edition limitée Reforest - 75cl","p":26.87,"u":"35,83 €/L","img":"https://fd3-photos.leclercdrive.fr/image.ashx?id=2710996&use=l&cat=p&typeid=i","cat":284542},{"id":167306,"n":"Soupe Déshydratée Oignon KNORR 4 portions - 94g","p":1.38,"u":"14,68 €/KG","img":"https://fd3-photos.leclercdrive.fr/image.ashx?id=2780088&use=l&cat=p&typeid=i","cat":284463},{"id":167331,"n":"Cookies Mini Granola Pépites de chocolat - 110g","p":2.34,"u":"21,27 €/KG","img":"https://fd3-photos.leclercdrive.fr/image.ashx?id=2983489&use=l&cat=p&typeid=i","cat":325066},{"id":167378,"n":"Haricots verts d'aucy  Bien Cultivés - 58cl","p":2.13,"u":"3,67 €/L","img":"https://fd3-photos.leclercdrive.fr/image.ashx?id=2800770&use=l&cat=p&typeid=i","cat":312606},{"id":167381,"n":"Petits pois d'aucy  Bien Cultivés - 250g","p":1.96,"u":"7,84 €/KG","img":"https://fd3-photos.leclercdrive.fr/image.ashx?id=2216353&use=l&cat=p&typeid=i","cat":312607},{"id":167382,"n":"Pois carottes d'aucy  Bien Cultivés - 250g","p":1.92,"u":"7,68 €/KG","img":"https://fd3-photos.leclercdrive.fr/image.ashx?id=2835259&use=l&cat=p&typeid=i","cat":312607},{"id":167390,"n":"Pur jus de pamplemousse Jafaden Avec pulpe - 90cl","p":1.88,"u":"2,09 €/L","img":"https://fd3-photos.leclercdrive.fr/image.ashx?id=2819639&use=l&cat=p&typeid=i","cat":285435},{"id":167391,"n":"Jus de pomme Jafaden 90cl","p":1.91,"u":"2,12 €/L","img":"https://fd3-photos.leclercdrive.fr/image.ashx?id=2723171&use=l&cat=p&typeid=i","cat":285435},{"id":167392,"n":"Jus d'ananas Jafaden 90cl","p":2.21,"u":"2,46 €/L","img":"https://fd3-photos.leclercdrive.fr/image.ashx?id=2819642&use=l&cat=p&typeid=i","cat":285435},{"id":167393,"n":"Boisson au jus de citron Jafaden - 90cl","p":1.87,"u":"2,08 €/L","img":"https://fd3-photos.leclercdrive.fr/image.ashx?id=2723177&use=l&cat=p&typeid=i","cat":285435},{"id":167395,"n":"Pur jus d'orange frais Jafaden Avec pulpe - 1,5L","p":3.66,"u":"2,44 €/L","img":"https://fd3-photos.leclercdrive.fr/image.ashx?id=2916719&use=l&cat=p&typeid=i","cat":285435},{"id":167416,"n":"Gel douche Le Petit Marseillais Noix de coco - 250ml","p":1.49,"u":"5,96 €/L","img":"https://fd3-photos.leclercdrive.fr/image.ashx?id=2681856&use=l&cat=p&typeid=i","cat":284594},{"id":167420,"n":"Compote bébé Blédina 6 mois  Pomme mangue - 4x130g","p":2.83,"u":"5,44 €/KG","img":"https://fd3-photos.leclercdrive.fr/image.ashx?id=2901656&use=l&cat=p&typeid=i","cat":312387},{"id":167454,"n":"Crok fondant noisette moins 30%  sucres Terres et Céréales-375g","p":3.73,"u":"9,95 €/KG","img":"https://fd3-photos.leclercdrive.fr/image.ashx?id=2672296&use=l&cat=p&typeid=i","cat":309513},{"id":167529,"n":"Lait bébé en poudre Gallia Calisma 1er âge 0-6 mois 830g","p":15.45,"u":"18,61 €/KG","img":"https://fd3-photos.leclercdrive.fr/image.ashx?id=2456201&use=l&cat=p&typeid=i","cat":284726},{"id":167530,"n":"Lait bébé en poudre Gallia Calisma 2e âge 6-12 mois 830g","p":14.96,"u":"18,02 €/KG","img":"https://fd3-photos.leclercdrive.fr/image.ashx?id=2479730&use=l&cat=p&typeid=i","cat":284727},{"id":167531,"n":"Lait bébé poudre Gallia Relais Calisma  1er âge 0-6 mois 830g","p":19.54,"u":"23,54 €/KG","img":"https://fd3-photos.leclercdrive.fr/image.ashx?id=2462460&use=l&cat=p&typeid=i","cat":284726},{"id":167532,"n":"Lait bébé poudre Gallia Relais Calisma 2e âge 6-12 mois 830g","p":18.85,"u":"22,71 €/KG","img":"https://fd3-photos.leclercdrive.fr/image.ashx?id=2911217&use=l&cat=p&typeid=i","cat":284727},{"id":167534,"n":"Tagliatelle Lustucru Selection  Maxi 600g","p":2.63,"u":"4,38 €/KG","img":"https://fd3-photos.leclercdrive.fr/image.ashx?id=2792399&use=l&cat=p&typeid=i","cat":333682},{"id":167556,"n":"Galette des rois Pasquier Pommes - 400g","p":4.75,"u":"11,88 €/KG","img":"https://fd3-photos.leclercdrive.fr/image.ashx?id=2895831&use=l&cat=p&typeid=i","cat":293600},{"id":167561,"n":"Brique pur jus Jafaden Multifruits - 1,5L","p":2.82,"u":"1,88 €/L","img":"https://fd3-photos.leclercdrive.fr/image.ashx?id=2916722&use=l&cat=p&typeid=i","cat":285435},{"id":167566,"n":"Galette des rois   Pasquier Frangipane - 450g","p":6.55,"u":"14,56 €/KG","img":"https://fd3-photos.leclercdrive.fr/image.ashx?id=2895828&use=l&cat=p&typeid=i","cat":293600},{"id":167567,"n":"Galette des rois Pasquier Frangipane - 400g","p":4.75,"u":"11,88 €/KG","img":"https://fd3-photos.leclercdrive.fr/image.ashx?id=2895837&use=l&cat=p&typeid=i","cat":293600},{"id":167570,"n":"Galette des rois Pasquier Frangipane Amande - 400g","p":5.99,"u":"14,98 €/KG","img":"https://fd3-photos.leclercdrive.fr/image.ashx?id=2896210&use=l&cat=p&typeid=i","cat":293600},{"id":167574,"n":"Galette des rois Caramel - 400g","p":5.99,"u":"14,98 €/KG","img":"https://fd3-photos.leclercdrive.fr/image.ashx?id=2895825&use=l&cat=p&typeid=i","cat":293600},{"id":167575,"n":"Galette des rois Chocolat - 400g","p":5.99,"u":"14,98 €/KG","img":"https://fd3-photos.leclercdrive.fr/image.ashx?id=2903140&use=l&cat=p&typeid=i","cat":293600},{"id":167580,"n":"AOC Gewurtzraminer Blanc Vieilles Vignes - 75cl","p":7.82,"u":"10,43 €/L","img":"https://fd3-photos.leclercdrive.fr/image.ashx?id=2566269&use=l&cat=p&typeid=i","cat":289557},{"id":167581,"n":"Confiture Fraise Rhubarbe Extra - 370g","p":2.93,"u":"7,92 €/KG","img":"https://fd3-photos.leclercdrive.fr/image.ashx?id=2763370&use=l&cat=p&typeid=i","cat":284480},{"id":167612,"n":"Lessive Epsil Perfect Tri Doses Pure fraîcheur x20 - 490ml","p":4.99,"u":"10,18 €/L","img":"https://fd3-photos.leclercdrive.fr/image.ashx?id=2450122&use=l&cat=p&typeid=i","cat":284641},{"id":167646,"n":"Rhum Havana Club Cuban Spiced 35% vol - 70cl","p":22.13,"u":"31,61 €/L","img":"https://fd3-photos.leclercdrive.fr/image.ashx?id=2839415&use=l&cat=p&typeid=i","cat":284550},{"id":167656,"n":"Whisky Glenfiddich 43%vol. 14 ans - Etui - 70cl","p":40.5,"pp":37.5,"u":"53,57 €/L","img":"https://fd3-photos.leclercdrive.fr/image.ashx?id=2491745&use=l&cat=p&typeid=i","cat":284547},{"id":167690,"n":"Shampooing solide Nature Box Avocat Cosmos Nat - 85g","p":3.82,"u":"44,94 €/KG","img":"https://fd3-photos.leclercdrive.fr/image.ashx?id=2465382&use=l&cat=p&typeid=i","cat":284606},{"id":167783,"n":"Tarte en Or feuilletée Herta Sans huile de palme - 230g","p":1.94,"u":"8,43 €/KG","img":"https://fd3-photos.leclercdrive.fr/image.ashx?id=2907938&use=l&cat=p&typeid=i","cat":333681},{"id":167879,"n":"Café en grains Illy Guatemala - 250g","p":6.76,"u":"27,04 €/KG","img":"https://fd3-photos.leclercdrive.fr/image.ashx?id=2517034&use=l&cat=p&typeid=i","cat":293237},{"id":167918,"n":"Multipack pikabouuuh 240g","p":2.56,"u":"10,67 €/KG","img":"https://fd3-photos.leclercdrive.fr/image.ashx?id=2913202&use=l&cat=p&typeid=i","cat":304250},{"id":167922,"n":"Sodiafizz Lutti 300g","p":1.97,"u":"6,57 €/KG","img":"https://fd3-photos.leclercdrive.fr/image.ashx?id=2857033&use=l&cat=p&typeid=i","cat":304250},{"id":167954,"n":"Beurre doux Le Campagnou Moulé - 500g","p":7.87,"u":"15,74 €/KG","img":"https://fd3-photos.leclercdrive.fr/image.ashx?id=2223466&use=l&cat=p&typeid=i","cat":284379},{"id":167971,"n":"Quenelles Saumon sauce Crevette J. Mack - 2x400g","p":4.61,"u":"5,76 €/KG","img":"https://fd3-photos.leclercdrive.fr/image.ashx?id=2799344&use=l&cat=p&typeid=i","cat":284441},{"id":168022,"n":"Thé vert bio Pagès Jasmin - x20 - 36g","p":2.89,"u":"0,14 €/P","img":"https://fd3-photos.leclercdrive.fr/image.ashx?id=2751087&use=l&cat=p&typeid=i","cat":293233},{"id":168029,"n":"Pot Lait Concentré Non Sucré Régilait - Demi Ecremé - 200g","p":1.15,"u":"5,75 €/KG","img":"https://fd3-photos.leclercdrive.fr/image.ashx?id=2222781&use=l&cat=p&typeid=i","cat":299162},{"id":168036,"n":"Sirop Rieme Cassis - 1L","p":5.5,"u":"5,50 €/L","img":"https://fd3-photos.leclercdrive.fr/image.ashx?id=2400223&use=l&cat=p&typeid=i","cat":295020},{"id":168093,"n":"Bière aromatisée GrimbergenRoug Rouge 5,5° - 12x25cl","p":10.43,"u":"3,48 €/L","img":"https://fd3-photos.leclercdrive.fr/image.ashx?id=2873324&use=l&cat=p&typeid=i","cat":334878},{"id":168097,"n":"Purée fruit bébé Blédina 6 mois Pomme pêche fraise - 4x100g","p":1.93,"u":"4,83 €/KG","img":"https://fd3-photos.leclercdrive.fr/image.ashx?id=2983027&use=l&cat=p&typeid=i","cat":312388},{"id":168151,"n":"Biscuit bébé Blédina 15 mois  Céréales pépites chocolat -168g","p":2.77,"u":"16,49 €/KG","img":"https://fd3-photos.leclercdrive.fr/image.ashx?id=2892421&use=l&cat=p&typeid=i","cat":312227},{"id":168154,"n":"Repas bébé Blédichef 12 mois Pdt céleri saumon -230g","p":2.33,"u":"10,13 €/KG","img":"https://fd3-photos.leclercdrive.fr/image.ashx?id=2223238&use=l&cat=p&typeid=i","cat":312237},{"id":168169,"n":"Ferments Lactiques Tablier Blanc - 8g","p":2.42,"u":"302,50 €/KG","img":"https://fd3-photos.leclercdrive.fr/image.ashx?id=2900355&use=l&cat=p&typeid=i","cat":284504},{"id":168171,"n":"Grandi girasoli Rana Ricotta, Épinards, Mascarpone - 250g","p":3.57,"u":"14,28 €/KG","img":"https://fd3-photos.leclercdrive.fr/image.ashx?id=2433759&use=l&cat=p&typeid=i","cat":333682},{"id":168203,"n":"Gressins torinese Florelli 125g","p":1.47,"u":"11,76 €/KG","img":"https://fd3-photos.leclercdrive.fr/image.ashx?id=2806372&use=l&cat=p&typeid=i","cat":289010},{"id":168206,"n":"Grissini Torinesi Florelli Romarin - 125g","p":1.47,"u":"11,76 €/KG","img":"https://fd3-photos.leclercdrive.fr/image.ashx?id=3011683&use=l&cat=p&typeid=i","cat":297000},{"id":168222,"n":"Mini galettes de pomme de terre Schneider - 320g","p":2.49,"u":"7,78 €/KG","img":"https://fd3-photos.leclercdrive.fr/image.ashx?id=2845925&use=l&cat=p&typeid=i","cat":333665},{"id":168225,"n":"Allumettes de lardon fumés Schneider - 200g","p":3.31,"u":"16,55 €/KG","img":"https://fd3-photos.leclercdrive.fr/image.ashx?id=2954193&use=l&cat=p&typeid=i","cat":316011},{"id":168239,"n":"Panna Cotta Bonta Divina Caramel 2+1 Offert - 360g","p":2.98,"u":"8,28 €/KG","img":"https://fd3-photos.leclercdrive.fr/image.ashx?id=2298856&use=l&cat=p&typeid=i","cat":284419},{"id":168248,"n":"Mini Gaufrettes Knoppers Lait Noisettes - 200g","p":2.52,"u":"12,60 €/KG","img":"https://fd3-photos.leclercdrive.fr/image.ashx?id=2457425&use=l&cat=p&typeid=i","cat":284488},{"id":168249,"n":"Gaufrettes Knoppers Lait Noisettes - 3x25g","p":1.34,"u":"17,87 €/KG","img":"https://fd3-photos.leclercdrive.fr/image.ashx?id=2659094&use=l&cat=p&typeid=i","cat":284488},{"id":168287,"n":"Papier cadeau Reine des Neiges2 Best friends - 5mx70cm","p":1.99,"img":"https://fd3-photos.leclercdrive.fr/image.ashx?id=2226088&use=l&cat=p&typeid=i","cat":335914},{"id":168371,"n":"Masque Peel-Off Charbon Garnier Anti-Points Noirs - 50ml","p":4.34,"u":"86,80 €/L","img":"https://fd3-photos.leclercdrive.fr/image.ashx?id=2634193&use=l&cat=p&typeid=i","cat":325346},{"id":168391,"n":"Jus de pomme désucré Jafaden 1L","p":1.39,"u":"1,39 €/L","img":"https://fd3-photos.leclercdrive.fr/image.ashx?id=2227035&use=l&cat=p&typeid=i","cat":284522},{"id":168426,"n":"Galette suédoise Bio Village Chocolat Bio - 131g","p":2.59,"u":"19,77 €/KG","img":"https://fd3-photos.leclercdrive.fr/image.ashx?id=2555083&use=l&cat=p&typeid=i","cat":284490},{"id":168479,"n":"Culotte menstruelle DIM Flux abondant T40/42","p":19.95,"img":"https://fd3-photos.leclercdrive.fr/image.ashx?id=2251733&use=l&cat=p&typeid=i","cat":291524},{"id":168540,"n":"Culotte menstruelle DIM Noir - T48/50","p":19.95,"img":"https://fd3-photos.leclercdrive.fr/image.ashx?id=2251724&use=l&cat=p&typeid=i","cat":291524},{"id":168542,"n":"Culotte menstruelle DIM Flux abondant noir - T44/46","p":19.95,"img":"https://fd3-photos.leclercdrive.fr/image.ashx?id=2251721&use=l&cat=p&typeid=i","cat":291524},{"id":168544,"n":"Culotte menstruelle DIM Flux moyen noir - T48/50","p":19.95,"img":"https://fd3-photos.leclercdrive.fr/image.ashx?id=2251748&use=l&cat=p&typeid=i","cat":291524},{"id":168547,"n":"Culotte menstruelle DIM Flux moyen - Noir T44/46","p":19.95,"img":"https://fd3-photos.leclercdrive.fr/image.ashx?id=2251745&use=l&cat=p&typeid=i","cat":291524},{"id":168560,"n":"Culotte menstruelle DIM Flux moyen noir - T40/42","p":19.95,"img":"https://fd3-photos.leclercdrive.fr/image.ashx?id=2251742&use=l&cat=p&typeid=i","cat":291524},{"id":168561,"n":"Culotte menstruelle DIM Flux moyen noir - T36/38","p":19.95,"img":"https://fd3-photos.leclercdrive.fr/image.ashx?id=2251739&use=l&cat=p&typeid=i","cat":291524},{"id":168656,"n":"Schoko-bons white Kinder Chocolat - 300g","p":6.77,"u":"22,57 €/KG","img":"https://fd3-photos.leclercdrive.fr/image.ashx?id=2918071&use=l&cat=p&typeid=i","cat":327592},{"id":168676,"n":"Compotes Pom'Potes Gourdes  Multivariétés Inédits - 20x90g","p":7.77,"u":"4,32 €/KG","img":"https://fd3-photos.leclercdrive.fr/image.ashx?id=2870179&use=l&cat=p&typeid=i","cat":284508},{"id":168725,"n":"Riz au lait La Laitière Nature - 4x115g","p":2.02,"u":"4,39 €/KG","img":"https://fd3-photos.leclercdrive.fr/image.ashx?id=2642201&use=l&cat=p&typeid=i","cat":284418},{"id":168868,"n":"Essuie-tout Uni Vert 2 = 4 rouleaux","p":2.72,"u":"1,36 €/P","img":"https://fd3-photos.leclercdrive.fr/image.ashx?id=2333715&use=l&cat=p&typeid=i","cat":284635},{"id":168869,"n":"Papier toilette Uni Vert 2 plis 4=12 - x4","p":3.38,"u":"0,85 €/P","img":"https://fd3-photos.leclercdrive.fr/image.ashx?id=2333718&use=l&cat=p&typeid=i","cat":284634},{"id":168871,"n":"Mouchoirs Boîte 3 plis Univert Mouchoir papier non blanchi x80","p":1.26,"u":"0,02 €/P","img":"https://fd3-photos.leclercdrive.fr/image.ashx?id=2571941&use=l&cat=p&typeid=i","cat":284638},{"id":168945,"n":"AOC Graves L'Orangerie de Rahoul - 75cl","p":8.25,"pp":5.78,"u":"7,71 €/L","img":"https://fd3-photos.leclercdrive.fr/image.ashx?id=2880339&use=l&cat=p&typeid=i","cat":289556},{"id":168982,"n":"Tartinable de thon piquant Delicemer - 120g","p":1.99,"u":"16,58 €/KG","img":"https://fd3-photos.leclercdrive.fr/image.ashx?id=2594518&use=l&cat=p&typeid=i","cat":285191},{"id":168984,"n":"Cocktail de crevettes surimi Mandarine Delicemer - 120g","p":1.99,"u":"16,58 €/KG","img":"https://fd3-photos.leclercdrive.fr/image.ashx?id=2237226&use=l&cat=p&typeid=i","cat":285191},{"id":168986,"n":"Tartinable saumon fumé hoki Delicemer - 120g","p":1.99,"u":"16,58 €/KG","img":"https://fd3-photos.leclercdrive.fr/image.ashx?id=2594506&use=l&cat=p&typeid=i","cat":285191},{"id":168989,"n":"Surimi au crabe Delicemer - 120g","p":1.99,"u":"16,58 €/KG","img":"https://fd3-photos.leclercdrive.fr/image.ashx?id=2594509&use=l&cat=p&typeid=i","cat":285189},{"id":168990,"n":"Burgers Eco+ x10 - 1kg","p":6.53,"u":"6,53 €/KG","img":"https://fd3-photos.leclercdrive.fr/image.ashx?id=2966523&use=l&cat=p&typeid=i","cat":319778},{"id":168992,"n":"Nuggets de volaille Eco+ 500g","p":2.18,"u":"4,36 €/KG","img":"https://fd3-photos.leclercdrive.fr/image.ashx?id=2233397&use=l&cat=p&typeid=i","cat":319780},{"id":168994,"n":"Yaourt Enfant Petits Filous Tubs Aromatisés - x15","p":3.15,"u":"5,68 €/KG","img":"https://fd3-photos.leclercdrive.fr/image.ashx?id=2811038&use=l&cat=p&typeid=i","cat":284415},{"id":169003,"n":"Yaourt brassé Perle de Lait Nature - 4x125g","p":1.88,"u":"3,76 €/KG","img":"https://fd3-photos.leclercdrive.fr/image.ashx?id=2939706&use=l&cat=p&typeid=i","cat":314999},{"id":169006,"n":"Cocktail de fruits de mer Eco+ Précuit - 500g","p":3.77,"u":"7,54 €/KG","img":"https://fd3-photos.leclercdrive.fr/image.ashx?id=2529525&use=l&cat=p&typeid=i","cat":319787},{"id":169026,"n":"Pané de colin d'Alaska Eco+ x5 - 800g","p":4.49,"u":"5,61 €/KG","img":"https://fd3-photos.leclercdrive.fr/image.ashx?id=2529747&use=l&cat=p&typeid=i","cat":319788},{"id":169028,"n":"Filet de colin d'Alaska Eco MSC - 1kg","p":5.87,"u":"5,87 €/KG","img":"https://fd3-photos.leclercdrive.fr/image.ashx?id=2545924&use=l&cat=p&typeid=i","cat":319786},{"id":169029,"n":"Miel de fleurs sauvages Les Compagons du Miel - 750g","p":8.83,"u":"11,77 €/KG","img":"https://fd3-photos.leclercdrive.fr/image.ashx?id=2235491&use=l&cat=p&typeid=i","cat":287643},{"id":169065,"n":"Crémeux à tartiner Violife A l'huile de noix de coco -150g","p":2.73,"u":"18,20 €/KG","img":"https://fd3-photos.leclercdrive.fr/image.ashx?id=2937829&use=l&cat=p&typeid=i","cat":316070},{"id":169069,"n":"Tranches saveur Emmental  Violife 100% végan - 200g","p":2.32,"u":"11,60 €/KG","img":"https://fd3-photos.leclercdrive.fr/image.ashx?id=2687089&use=l&cat=p&typeid=i","cat":316070},{"id":169070,"n":"Pâte de Pralin 225g","p":7.1,"u":"31,56 €/KG","img":"https://fd3-photos.leclercdrive.fr/image.ashx?id=2235302&use=l&cat=p&typeid=i","cat":284504},{"id":169130,"n":"Monster Munch Goût Cheddar - 85g","p":1.07,"u":"12,59 €/KG","img":"https://fd3-photos.leclercdrive.fr/image.ashx?id=2971610&use=l&cat=p&typeid=i","cat":284449},{"id":169137,"n":"Raifort Rémoulade Alélor  130g","p":1.62,"u":"12,46 €/KG","img":"https://fd3-photos.leclercdrive.fr/image.ashx?id=2236944&use=l&cat=p&typeid=i","cat":null},{"id":169138,"n":"Raifort d'Alsace râpé nature Alélor - 140g","p":2.45,"u":"17,50 €/KG","img":"https://fd3-photos.leclercdrive.fr/image.ashx?id=2883507&use=l&cat=p&typeid=i","cat":284382},{"id":169143,"n":"Sucre Cristal de Candi Erstein - 300g","p":1.91,"u":"6,37 €/KG","img":"https://fd3-photos.leclercdrive.fr/image.ashx?id=2236566&use=l&cat=p&typeid=i","cat":284502},{"id":169163,"n":"AOC Crémant brut d'Alsace rosé Paul Mittnacht - 75cl","p":6.99,"u":"9,32 €/L","img":"https://fd3-photos.leclercdrive.fr/image.ashx?id=2246746&use=l&cat=p&typeid=i","cat":284545},{"id":169166,"n":"Croque Monsieur Monterrat Jambon Raclette x2 - 360g","p":3.33,"u":"9,25 €/KG","img":"https://fd3-photos.leclercdrive.fr/image.ashx?id=2236998&use=l&cat=p&typeid=i","cat":333671},{"id":169216,"n":"Yaourt brassé Perle de Lait Coco - 4x125g","p":2.23,"u":"4,46 €/KG","img":"https://fd3-photos.leclercdrive.fr/image.ashx?id=2939709&use=l&cat=p&typeid=i","cat":286006},{"id":169228,"n":"Rillettes Les Mouettes d'Arvor Thon au fromage frais - 125g","p":2.89,"u":"23,12 €/KG","img":"https://fd3-photos.leclercdrive.fr/image.ashx?id=2237046&use=l&cat=p&typeid=i","cat":303867},{"id":169276,"n":"Moutarde à l'Ancienne Melfor - 200g","p":1.56,"u":"7,80 €/KG","img":"https://fd3-photos.leclercdrive.fr/image.ashx?id=2282982&use=l&cat=p&typeid=i","cat":288850},{"id":169282,"n":"Coca Cola 33cl","p":0.68,"u":"2,06 €/L","img":"https://fd3-photos.leclercdrive.fr/image.ashx?id=2787737&use=l&cat=p&typeid=i","cat":284530},{"id":169345,"n":"Lardons nature Herta 200g","p":2.4,"u":"12,00 €/KG","img":"https://fd3-photos.leclercdrive.fr/image.ashx?id=2731357&use=l&cat=p&typeid=i","cat":316011},{"id":169347,"n":"Allumettes nature Herta Sans nitrite - 2x75g","p":1.96,"u":"13,07 €/KG","img":"https://fd3-photos.leclercdrive.fr/image.ashx?id=2868906&use=l&cat=p&typeid=i","cat":316011},{"id":169351,"n":"Allumettes fumées Herta 200g","p":2.0,"u":"10,00 €/KG","img":"https://fd3-photos.leclercdrive.fr/image.ashx?id=2817458&use=l&cat=p&typeid=i","cat":316011},{"id":169354,"n":"Pâte brisée Herta Tarte en Or - 230g","p":1.04,"u":"4,52 €/KG","img":"https://fd3-photos.leclercdrive.fr/image.ashx?id=2739189&use=l&cat=p&typeid=i","cat":333681},{"id":169359,"n":"Rossbif à l'Alsacienne Feyel 500g","p":6.53,"u":"13,06 €/KG","img":"https://fd3-photos.leclercdrive.fr/image.ashx?id=2246488&use=l&cat=p&typeid=i","cat":333665},{"id":169360,"n":"Garniture pour bouchées  à la Reine Feyel - 500g","p":7.8,"u":"15,60 €/KG","img":"https://fd3-photos.leclercdrive.fr/image.ashx?id=2238669&use=l&cat=p&typeid=i","cat":284335},{"id":169365,"n":"Pâte feuilletée rectangulaire  Herta Tarte en Or - 230g","p":1.3,"u":"5,65 €/KG","img":"https://fd3-photos.leclercdrive.fr/image.ashx?id=2721697&use=l&cat=p&typeid=i","cat":333681},{"id":169367,"n":"Pâte feuilletée Herta Tarte en Or -30%MG - 230g","p":1.47,"u":"6,39 €/KG","img":"https://fd3-photos.leclercdrive.fr/image.ashx?id=2814524&use=l&cat=p&typeid=i","cat":333681},{"id":169384,"n":"AOC Côtes de Bergerac moelleux Terrasses d'Autan - BIB 3L","p":10.99,"u":"3,66 €/L","img":"https://fd3-photos.leclercdrive.fr/image.ashx?id=2765713&use=l&cat=p&typeid=i","cat":289557},{"id":169429,"n":"Tendres Effilés en Gelée Felix Selection poissons 12x85g","p":5.45,"u":"5,34 €/KG","img":"https://fd3-photos.leclercdrive.fr/image.ashx?id=2995439&use=l&cat=p&typeid=i","cat":285286},{"id":169430,"n":"Tendres Effilés en Gelée Felix Selection campagne 12x85g","p":5.47,"u":"5,36 €/KG","img":"https://fd3-photos.leclercdrive.fr/image.ashx?id=2957668&use=l&cat=p&typeid=i","cat":285286},{"id":169432,"n":"Tendres Effilés en Gelée Felix Selection mixte - 24x85g","p":8.77,"u":"4,30 €/KG","img":"https://fd3-photos.leclercdrive.fr/image.ashx?id=2869651&use=l&cat=p&typeid=i","cat":285286},{"id":169435,"n":"Délicieux Duos en Gelée Felix Selection mixte 24x85g","p":10.02,"u":"4,91 €/KG","img":"https://fd3-photos.leclercdrive.fr/image.ashx?id=2861779&use=l&cat=p&typeid=i","cat":285286},{"id":169436,"n":"Tendres Effilés en Gelée Felix Selection Mixte - 24x85g","p":9.83,"u":"4,82 €/KG","img":"https://fd3-photos.leclercdrive.fr/image.ashx?id=2957677&use=l&cat=p&typeid=i","cat":285286},{"id":169443,"n":"Tendres Effilés Gelée 44x85g","p":18.98,"u":"5,07 €/KG","img":"https://fd3-photos.leclercdrive.fr/image.ashx?id=2957674&use=l&cat=p&typeid=i","cat":285286},{"id":169445,"n":"Duos en gelée Felix Selection campagne - 44x85g","p":18.54,"u":"4,96 €/KG","img":"https://fd3-photos.leclercdrive.fr/image.ashx?id=2976857&use=l&cat=p&typeid=i","cat":285286},{"id":169447,"n":"Emincés En Gelée Felix Selection mixte - 12x85g","p":4.61,"u":"4,52 €/KG","img":"https://fd3-photos.leclercdrive.fr/image.ashx?id=2869657&use=l&cat=p&typeid=i","cat":285286},{"id":169448,"n":"Emincés En Gelée  Felix Volaille légumes - 12x85g","p":4.61,"u":"4,52 €/KG","img":"https://fd3-photos.leclercdrive.fr/image.ashx?id=2909212&use=l&cat=p&typeid=i","cat":285286},{"id":169500,"n":"Baeckeoffe aux 3 viandes Triperie Goepper - 450g","p":6.29,"u":"13,98 €/KG","img":"https://fd3-photos.leclercdrive.fr/image.ashx?id=2392382&use=l&cat=p&typeid=i","cat":333665},{"id":169662,"n":"Terrine de foie gras de canard  Secrets d'Eleveurs - 225g","p":35.77,"u":"158,98 €/KG","img":"https://fd3-photos.leclercdrive.fr/image.ashx?id=2680149&use=l&cat=p&typeid=i","cat":315998},{"id":169686,"n":"Mirabelles préservées Beyer 350g","p":3.13,"u":"8,94 €/KG","img":"https://fd3-photos.leclercdrive.fr/image.ashx?id=2242179&use=l&cat=p&typeid=i","cat":284507},{"id":169712,"n":"Lait UHT Demi-Ecrémé Alsace Lait Stérilisé 6x1L","p":7.42,"u":"1,24 €/L","img":"https://fd3-photos.leclercdrive.fr/image.ashx?id=2986398&use=l&cat=p&typeid=i","cat":284377},{"id":169730,"n":"Mini farcis de pintade  Maître Coq aux marrons - 440g","p":7.56,"u":"17,18 €/KG","img":"https://fd3-photos.leclercdrive.fr/image.ashx?id=2242125&use=l&cat=p&typeid=i","cat":327289},{"id":169739,"n":"Cassolettes St-Jacques saumon Tipiak  x2 - 220g","p":5.44,"u":"24,73 €/KG","img":"https://fd3-photos.leclercdrive.fr/image.ashx?id=2242173&use=l&cat=p&typeid=i","cat":284254},{"id":169903,"n":"Cervelas au Comté Iller x4 - 560g","p":7.05,"u":"12,59 €/KG","img":"https://fd3-photos.leclercdrive.fr/image.ashx?id=2243521&use=l&cat=p&typeid=i","cat":316012},{"id":170021,"n":"Trompettes des Maures séchées Borde - 130g","p":15.9,"u":"122,31 €/KG","img":"https://fd3-photos.leclercdrive.fr/image.ashx?id=2247784&use=l&cat=p&typeid=i","cat":312610},{"id":170023,"n":"Coffret Bière de Noël Meteor 65cl + 2 verres","p":7.5,"u":"11,54 €/L","img":"https://fd3-photos.leclercdrive.fr/image.ashx?id=2243227&use=l&cat=p&typeid=i","cat":334872},{"id":170064,"n":"Feuilletés Mon sapin  merveilleux Escal x52 - 700g","p":10.8,"u":"15,43 €/KG","img":"https://fd3-photos.leclercdrive.fr/image.ashx?id=2245130&use=l&cat=p&typeid=i","cat":319774},{"id":170070,"n":"Pain maxi moelleux 3 graines Gerblé Sans gluten - 350g","p":3.71,"u":"10,60 €/KG","img":"https://fd3-photos.leclercdrive.fr/image.ashx?id=2662862&use=l&cat=p&typeid=i","cat":284477},{"id":170075,"n":"Pâte à tartiner Milka 740g","p":6.19,"u":"8,36 €/KG","img":"https://fd3-photos.leclercdrive.fr/image.ashx?id=2828712&use=l&cat=p&typeid=i","cat":284481},{"id":170173,"n":"Trio de Noix Seeberger - 150g","p":3.17,"u":"21,13 €/KG","img":"https://fd3-photos.leclercdrive.fr/image.ashx?id=2248831&use=l&cat=p&typeid=i","cat":316002},{"id":170174,"n":"Amandes Fumées Salées Seeberger - 150g","p":3.17,"u":"21,13 €/KG","img":"https://fd3-photos.leclercdrive.fr/image.ashx?id=2248840&use=l&cat=p&typeid=i","cat":284357},{"id":170175,"n":"Noix de Cajou Grillées Seeberger - 150g","p":3.19,"u":"21,27 €/KG","img":"https://fd3-photos.leclercdrive.fr/image.ashx?id=2248837&use=l&cat=p&typeid=i","cat":316002},{"id":170177,"n":"Amandes Grillées Salées Seeberger - 150g","p":4.31,"u":"28,73 €/KG","img":"https://fd3-photos.leclercdrive.fr/image.ashx?id=2248834&use=l&cat=p&typeid=i","cat":284357},{"id":170322,"n":"Sauce à la truffe blanche d'été Charal - 120g","p":1.73,"u":"14,42 €/KG","img":"https://fd3-photos.leclercdrive.fr/image.ashx?id=2245508&use=l&cat=p&typeid=i","cat":327293},{"id":170327,"n":"Mini farcis de pintade aux morilles Maître Coq - 440g","p":7.56,"u":"17,18 €/KG","img":"https://fd3-photos.leclercdrive.fr/image.ashx?id=2245511&use=l&cat=p&typeid=i","cat":327289},{"id":170381,"n":"Purée pommes de terre Créaline Vitelotte -  2x180g","p":2.9,"u":"8,06 €/KG","img":"https://fd3-photos.leclercdrive.fr/image.ashx?id=2248249&use=l&cat=p&typeid=i","cat":333665},{"id":170434,"n":"Matelote de thon D'Aucy Petits légumes 300g","p":2.52,"u":"8,40 €/KG","img":"https://fd3-photos.leclercdrive.fr/image.ashx?id=2247538&use=l&cat=p&typeid=i","cat":284953},{"id":170438,"n":"Dosettes Café Sati Classico - x100 - 700g","p":11.33,"u":"16,19 €/KG","img":"https://fd3-photos.leclercdrive.fr/image.ashx?id=2247871&use=l&cat=p&typeid=i","cat":293238},{"id":170439,"n":"Dosettes café Sati Espresso Forte - x100 - 700g","p":11.33,"u":"16,19 €/KG","img":"https://fd3-photos.leclercdrive.fr/image.ashx?id=2247868&use=l&cat=p&typeid=i","cat":293238},{"id":170444,"n":"Café en grains Sati Mushonyi - 500g","p":10.23,"u":"20,46 €/KG","img":"https://fd3-photos.leclercdrive.fr/image.ashx?id=2918259&use=l&cat=p&typeid=i","cat":293237},{"id":170461,"n":"Café Moulu Sati  Oncle Hansi - 250g","p":5.26,"u":"21,04 €/KG","img":"https://fd3-photos.leclercdrive.fr/image.ashx?id=2247859&use=l&cat=p&typeid=i","cat":284750},{"id":170561,"n":"Friandises chien Tous mes Amis Sticks au Boeuf - 3x11g","p":0.5,"u":"15,15 €/KG","img":"https://fd3-photos.leclercdrive.fr/image.ashx?id=2302265&use=l&cat=p&typeid=i","cat":294527},{"id":170669,"n":"Purée de marrons Florette 2x180g","p":3.2,"u":"8,89 €/KG","img":"https://fd3-photos.leclercdrive.fr/image.ashx?id=2911366&use=l&cat=p&typeid=i","cat":333665},{"id":170828,"n":"Chips Tortilla Old El Paso Chili - 185g","p":2.39,"u":"12,92 €/KG","img":"https://fd3-photos.leclercdrive.fr/image.ashx?id=2444525&use=l&cat=p&typeid=i","cat":288993},{"id":170922,"n":"Essuie-tout Sopalin Ultr'Absorb Blanc - x3 maxi rouleaux =6","p":5.49,"u":"1,83 €/P","img":"https://fd3-photos.leclercdrive.fr/image.ashx?id=2941958&use=l&cat=p&typeid=i","cat":284635},{"id":170957,"n":"Confiture Douceur du Verger Abricot - 750g","p":2.31,"u":"3,08 €/KG","img":"https://fd3-photos.leclercdrive.fr/image.ashx?id=2965581&use=l&cat=p&typeid=i","cat":284480},{"id":171004,"n":"Ramen nouilles Tanoshi Soja Caramel - 360g","p":2.98,"u":"8,28 €/KG","img":"https://fd3-photos.leclercdrive.fr/image.ashx?id=2922971&use=l&cat=p&typeid=i","cat":288992},{"id":171020,"n":"Infusion Bio La Tisanière Brûle Graisse Citron 20 Sachets","p":2.57,"u":"85,67 €/KG","img":"https://fd3-photos.leclercdrive.fr/image.ashx?id=2476290&use=l&cat=p&typeid=i","cat":293234},{"id":171068,"n":"Gel douche So Bio Etic Fleur d'oranger bio - 450ml","p":5.63,"u":"12,51 €/L","img":"https://fd3-photos.leclercdrive.fr/image.ashx?id=2794487&use=l&cat=p&typeid=i","cat":284594},{"id":171070,"n":"Gel douche So Bio Etic Abricot bio - 450ml","p":5.04,"u":"11,20 €/L","img":"https://fd3-photos.leclercdrive.fr/image.ashx?id=2793629&use=l&cat=p&typeid=i","cat":284594},{"id":171072,"n":"Gel douche So Bio Etic Verveine Citron bio - 450ml","p":5.18,"u":"11,51 €/L","img":"https://fd3-photos.leclercdrive.fr/image.ashx?id=2813468&use=l&cat=p&typeid=i","cat":284594},{"id":171073,"n":"Papier toilette Le Trèfle Douceur Fleur de coton - x4 = 6","p":3.7,"u":"0,93 €/P","img":"https://fd3-photos.leclercdrive.fr/image.ashx?id=2918080&use=l&cat=p&typeid=i","cat":284634},{"id":171077,"n":"Bloc de foie gras de canard Labeyrie avec 40% morceaux 380g","p":35.71,"u":"93,97 €/KG","img":"https://fd3-photos.leclercdrive.fr/image.ashx?id=2252082&use=l&cat=p&typeid=i","cat":316008},{"id":171116,"n":"Mini épis de maïs Alélor 37cl","p":4.32,"u":"11,68 €/L","img":"https://fd3-photos.leclercdrive.fr/image.ashx?id=2311381&use=l&cat=p&typeid=i","cat":312611},{"id":171118,"n":"Assortiment de légumes Alélor  Mixed Pickles  - 330g","p":3.27,"u":"9,91 €/KG","img":"https://fd3-photos.leclercdrive.fr/image.ashx?id=2256790&use=l&cat=p&typeid=i","cat":312612},{"id":171131,"n":"Pétillant D'artigny Sans Alcool - 75cl","p":5.88,"u":"7,84 €/L","img":"https://fd3-photos.leclercdrive.fr/image.ashx?id=2854312&use=l&cat=p&typeid=i","cat":289460},{"id":171187,"n":"Barres glacées Snickers  Caramel & Cacahuètes x12 - 547g","p":4.85,"u":"8,87 €/KG","img":"https://fd3-photos.leclercdrive.fr/image.ashx?id=2295505&use=l&cat=p&typeid=i","cat":284264},{"id":171188,"n":"Glace Barre Glacée Snickers  Caramel & Cacahuètes x6 - 274g","p":3.62,"u":"13,21 €/KG","img":"https://fd3-photos.leclercdrive.fr/image.ashx?id=2295508&use=l&cat=p&typeid=i","cat":284264},{"id":171252,"n":"Gros sel de Noirmoutier NRT Sachet -1kg","p":1.69,"u":"1,69 €/KG","img":"https://fd3-photos.leclercdrive.fr/image.ashx?id=2644927&use=l&cat=p&typeid=i","cat":284457},{"id":171265,"n":"Bûchettes Smarties  Chocolat Vanille x4 - 228g","p":3.63,"u":"15,92 €/KG","img":"https://fd3-photos.leclercdrive.fr/image.ashx?id=2757325&use=l&cat=p&typeid=i","cat":284266},{"id":171409,"n":"Sac poubelle Elembal 50L - x40","p":5.99,"u":"0,15 €/P","img":"https://fd3-photos.leclercdrive.fr/image.ashx?id=2793311&use=l&cat=p&typeid=i","cat":285168},{"id":171471,"n":"Mug de Noël Fizzy Mme Fabuleuse +100g de chocolat","p":6.47,"u":"64,70 €/KG","img":"https://fd3-photos.leclercdrive.fr/image.ashx?id=2983667&use=l&cat=p&typeid=i","cat":327789},{"id":171719,"n":"Lessive Epsil Perfect Tri-Doses Fleurie x20 - 490ml","p":4.49,"u":"9,16 €/L","img":"https://fd3-photos.leclercdrive.fr/image.ashx?id=2450119&use=l&cat=p&typeid=i","cat":284641},{"id":171786,"n":"Escargots de Bourgogne Escal à la Bourguignonne x12 - 97g","p":6.58,"u":"67,84 €/KG","img":"https://fd3-photos.leclercdrive.fr/image.ashx?id=2255541&use=l&cat=p&typeid=i","cat":319775},{"id":171836,"n":"Céréales Trésor Kellogg's Chocolat au lait - 620g","p":4.83,"u":"7,79 €/KG","img":"https://fd3-photos.leclercdrive.fr/image.ashx?id=2598334&use=l&cat=p&typeid=i","cat":309513},{"id":171839,"n":"Yaourts Light & Free Aux fruits rouges 0% - 8x125g","p":3.28,"u":"3,28 €/KG","img":"https://fd3-photos.leclercdrive.fr/image.ashx?id=3008014&use=l&cat=p&typeid=i","cat":315000},{"id":172584,"n":"Fromage blanc 0%MG Light & Free Fraise - 4x120g","p":2.23,"u":"4,65 €/KG","img":"https://fd3-photos.leclercdrive.fr/image.ashx?id=3007999&use=l&cat=p&typeid=i","cat":315000},{"id":172585,"n":"Fromage blanc 0%MG Light & Free Pêche - 4x120g","p":2.47,"u":"5,15 €/KG","img":"https://fd3-photos.leclercdrive.fr/image.ashx?id=3008002&use=l&cat=p&typeid=i","cat":315000},{"id":172592,"n":"Fromage blanc 0%MG Light & Free Vanille - 4x120g","p":2.18,"u":"4,54 €/KG","img":"https://fd3-photos.leclercdrive.fr/image.ashx?id=3008005&use=l&cat=p&typeid=i","cat":315000},{"id":172593,"n":"Yaourt 0%MG Light & Free Nature - 12x125g","p":3.34,"u":"2,23 €/KG","img":"https://fd3-photos.leclercdrive.fr/image.ashx?id=2742797&use=l&cat=p&typeid=i","cat":315000},{"id":172595,"n":"Mousse fromage blanc Light&Free Fraise et pêche 0%mg - 4x120g","p":2.25,"u":"4,89 €/KG","img":"https://fd3-photos.leclercdrive.fr/image.ashx?id=3008020&use=l&cat=p&typeid=i","cat":315000},{"id":172597,"n":"Yaourt aux fruits Light&Free Fraise 0%MG- 4x125g","p":1.71,"u":"3,42 €/KG","img":"https://fd3-photos.leclercdrive.fr/image.ashx?id=3010987&use=l&cat=p&typeid=i","cat":315000},{"id":172598,"n":"Yaourt aux fruits Light&free Cerise 0%MG - 4x125g","p":1.83,"u":"3,66 €/KG","img":"https://fd3-photos.leclercdrive.fr/image.ashx?id=2741682&use=l&cat=p&typeid=i","cat":315000},{"id":172601,"n":"Yaourt brassé 0%MG Light & Free 8x125g","p":2.44,"u":"2,44 €/KG","img":"https://fd3-photos.leclercdrive.fr/image.ashx?id=3008011&use=l&cat=p&typeid=i","cat":315000},{"id":172723,"n":"Eau aromatisée San Pellegrino Aranciata rossa - 6x33cl","p":3.87,"u":"1,95 €/L","img":"https://fd3-photos.leclercdrive.fr/image.ashx?id=2866109&use=l&cat=p&typeid=i","cat":284536},{"id":172725,"n":"Eau aromatisée San Pellegrino Limonata - 6x33cl","p":3.83,"u":"1,93 €/L","img":"https://fd3-photos.leclercdrive.fr/image.ashx?id=2525816&use=l&cat=p&typeid=i","cat":284536},{"id":172727,"n":"Eau aromatisée San Pellegrino Melograno e arancia - 6x33cl","p":4.52,"u":"2,28 €/L","img":"https://fd3-photos.leclercdrive.fr/image.ashx?id=2551555&use=l&cat=p&typeid=i","cat":284536},{"id":172731,"n":"Tablette chocolat Milka Chocolat au lait - 3x100g","p":4.23,"u":"14,10 €/KG","img":"https://fd3-photos.leclercdrive.fr/image.ashx?id=3009137&use=l&cat=p&typeid=i","cat":284497},{"id":172740,"n":"Farine à Pizza Mon Fournil T00 - 1kg","p":1.68,"u":"1,68 €/KG","img":"https://fd3-photos.leclercdrive.fr/image.ashx?id=2341660&use=l&cat=p&typeid=i","cat":284503},{"id":172828,"n":"Yaourt à boire protéiné Hipro  Coco 0%mg - 300g","p":2.23,"u":"7,43 €/KG","img":"https://fd3-photos.leclercdrive.fr/image.ashx?id=2865617&use=l&cat=p&typeid=i","cat":315000},{"id":172829,"n":"Yaourt à boire protéiné Hipro  Mangue 0%mg - 300g","p":2.19,"u":"7,30 €/KG","img":"https://fd3-photos.leclercdrive.fr/image.ashx?id=2807432&use=l&cat=p&typeid=i","cat":315000},{"id":172958,"n":"Escargots de Bourgogne Boîte - 460g","p":24.95,"pp":21.21,"u":"46,11 €/KG","img":"https://fd3-photos.leclercdrive.fr/image.ashx?id=2262467&use=l&cat=p&typeid=i","cat":305149},{"id":172977,"n":"Serviettes Hygiéniques Always Platinum Secure Night T4 - x14","p":4.23,"u":"0,30 €/P","img":"https://fd3-photos.leclercdrive.fr/image.ashx?id=2884111&use=l&cat=p&typeid=i","cat":284624},{"id":172984,"n":"Jus de Citron Vert 50cl","p":1.88,"u":"3,76 €/L","img":"https://fd3-photos.leclercdrive.fr/image.ashx?id=2263712&use=l&cat=p&typeid=i","cat":288383},{"id":172986,"n":"Jus de Citron Jaune Concentré - 50cl","p":2.16,"u":"4,32 €/L","img":"https://fd3-photos.leclercdrive.fr/image.ashx?id=2263709&use=l&cat=p&typeid=i","cat":288383},{"id":173133,"n":"Ecrasé pommes de terre Créaline Cèpes & girolles - 2x180g","p":2.5,"u":"6,94 €/KG","img":"https://fd3-photos.leclercdrive.fr/image.ashx?id=2263979&use=l&cat=p&typeid=i","cat":333665},{"id":173240,"n":"Caviar d'aubergines  Les Tartinables Florelli 190g","p":2.37,"u":"12,47 €/KG","img":"https://fd3-photos.leclercdrive.fr/image.ashx?id=2902786&use=l&cat=p&typeid=i","cat":289010},{"id":173326,"n":"Soupe liquide Liebig  Poissons - 2x30cl","p":2.73,"u":"4,55 €/L","img":"https://fd3-photos.leclercdrive.fr/image.ashx?id=2604452&use=l&cat=p&typeid=i","cat":287366},{"id":173333,"n":"Soupe liquide Liebig  Poireaux saint jacques - 2x30cl","p":3.92,"u":"6,53 €/L","img":"https://fd3-photos.leclercdrive.fr/image.ashx?id=2472198&use=l&cat=p&typeid=i","cat":284462},{"id":173448,"n":"Cacahuètes Curly Sweety Caramélisées - 150g","p":1.49,"u":"9,93 €/KG","img":"https://fd3-photos.leclercdrive.fr/image.ashx?id=2599233&use=l&cat=p&typeid=i","cat":284449},{"id":173587,"n":"Bloc Cuvette WC Multiblocs Flex Lavande x3","p":2.38,"u":"0,79 €/P","img":"https://fd3-photos.leclercdrive.fr/image.ashx?id=2269919&use=l&cat=p&typeid=i","cat":284662},{"id":173989,"n":"Porc au caramel Paul et Louise Et son riz - 300g","p":2.93,"u":"9,77 €/KG","img":"https://fd3-photos.leclercdrive.fr/image.ashx?id=3008464&use=l&cat=p&typeid=i","cat":284953},{"id":173998,"n":"Cylindre d'échange CO2 Sodastream - A clipser - 60L","p":13.9,"img":"https://fd3-photos.leclercdrive.fr/image.ashx?id=2650816&use=l&cat=p&typeid=i","cat":334140},{"id":174145,"n":"Confiture Douceur du Verger Cerises - 370 g","p":1.27,"u":"3,43 €/KG","img":"https://fd3-photos.leclercdrive.fr/image.ashx?id=2965599&use=l&cat=p&typeid=i","cat":284480},{"id":174147,"n":"Confiture Douceur du Verger Châtaignes/vanille - 370g","p":1.75,"u":"4,73 €/KG","img":"https://fd3-photos.leclercdrive.fr/image.ashx?id=2965593&use=l&cat=p&typeid=i","cat":284480},{"id":174148,"n":"Confiture Douceur du Verger Pêches - 370 g","p":1.6,"u":"4,32 €/KG","img":"https://fd3-photos.leclercdrive.fr/image.ashx?id=2965602&use=l&cat=p&typeid=i","cat":284480},{"id":174149,"n":"Confiture Douceur du Verger Fraises - 370 g","p":1.12,"u":"3,03 €/KG","img":"https://fd3-photos.leclercdrive.fr/image.ashx?id=2965542&use=l&cat=p&typeid=i","cat":284480},{"id":174150,"n":"Confiture Douceur du Verger Framboises - 370 g","p":1.99,"u":"5,38 €/KG","img":"https://fd3-photos.leclercdrive.fr/image.ashx?id=2965575&use=l&cat=p&typeid=i","cat":284480},{"id":174151,"n":"Confiture Douceur du Verger 4 fruits rouges - 370 g","p":1.18,"u":"3,19 €/KG","img":"https://fd3-photos.leclercdrive.fr/image.ashx?id=2965548&use=l&cat=p&typeid=i","cat":284480},{"id":174152,"n":"Sauce Tomate Provençale Panzani - 210G","p":1.26,"u":"6,00 €/KG","img":"https://fd3-photos.leclercdrive.fr/image.ashx?id=2880691&use=l&cat=p&typeid=i","cat":299047},{"id":174153,"n":"Sauce tomates cuisinées Panzani 210g","p":1.16,"u":"5,52 €/KG","img":"https://fd3-photos.leclercdrive.fr/image.ashx?id=2880688&use=l&cat=p&typeid=i","cat":299047},{"id":174155,"n":"Sauce tomate Panzani Provençale - 425g","p":1.4,"u":"3,29 €/KG","img":"https://fd3-photos.leclercdrive.fr/image.ashx?id=2742866&use=l&cat=p&typeid=i","cat":288384},{"id":174156,"n":"Sauce tomates cuisinées Panzani 425g","p":1.69,"u":"3,98 €/KG","img":"https://fd3-photos.leclercdrive.fr/image.ashx?id=2977276&use=l&cat=p&typeid=i","cat":288384},{"id":174157,"n":"Sauce Tomate Basilic Panzani - 400G","p":2.23,"u":"5,58 €/KG","img":"https://fd3-photos.leclercdrive.fr/image.ashx?id=2968088&use=l&cat=p&typeid=i","cat":288384},{"id":174159,"n":"Sauce Tomate Basilic Panzani - 650G","p":2.71,"u":"4,17 €/KG","img":"https://fd3-photos.leclercdrive.fr/image.ashx?id=2977945&use=l&cat=p&typeid=i","cat":288384},{"id":174160,"n":"Sauce tomates fraîches Panzani 3x190g","p":2.93,"u":"5,14 €/KG","img":"https://fd3-photos.leclercdrive.fr/image.ashx?id=2835274&use=l&cat=p&typeid=i","cat":288384},{"id":174161,"n":"Queues de langouste crue Ronde des Mers - 340g","p":23.79,"u":"69,97 €/KG","img":"https://fd3-photos.leclercdrive.fr/image.ashx?id=2523470&use=l&cat=p&typeid=i","cat":327284},{"id":174188,"n":"Crevettes décortiquées Eco+ 500g","p":4.93,"u":"9,86 €/KG","img":"https://fd3-photos.leclercdrive.fr/image.ashx?id=2858947&use=l&cat=p&typeid=i","cat":319787},{"id":174189,"n":"Beignets de calamar Eco+ 500g","p":2.46,"u":"4,92 €/KG","img":"https://fd3-photos.leclercdrive.fr/image.ashx?id=2690955&use=l&cat=p&typeid=i","cat":319788},{"id":174192,"n":"Filet de saumon de Norvège ASC  L'Atelier Poissonnerie - 600g","p":12.94,"u":"21,57 €/KG","img":"https://fd3-photos.leclercdrive.fr/image.ashx?id=3004402&use=l&cat=p&typeid=i","cat":284342},{"id":174221,"n":"Pur jus d'orange Eco  Avec pulpe - 1L","p":2.07,"u":"2,07 €/L","img":"https://fd3-photos.leclercdrive.fr/image.ashx?id=2843102&use=l&cat=p&typeid=i","cat":285435},{"id":174223,"n":"Pur jus de pomme Eco  1L","p":1.47,"u":"1,47 €/L","img":"https://fd3-photos.leclercdrive.fr/image.ashx?id=2779877&use=l&cat=p&typeid=i","cat":285435},{"id":174347,"n":"Chips à la crevette Suzi Wan 50g","p":1.21,"u":"24,20 €/KG","img":"https://fd3-photos.leclercdrive.fr/image.ashx?id=2270572&use=l&cat=p&typeid=i","cat":288992},{"id":174398,"n":"Eponges grattantes Eco + x6","p":0.96,"u":"0,16 €/P","img":"https://fd3-photos.leclercdrive.fr/image.ashx?id=2761295&use=l&cat=p&typeid=i","cat":284667},{"id":174417,"n":"L'Ortolan Fromagerie Milleret Maxi - 500g","p":4.97,"u":"9,94 €/KG","img":"https://fd3-photos.leclercdrive.fr/image.ashx?id=2624625&use=l&cat=p&typeid=i","cat":314033},{"id":174489,"n":"Mini saucisson sec Saint Azay 160g","p":2.74,"u":"17,13 €/KG","img":"https://fd3-photos.leclercdrive.fr/image.ashx?id=2922709&use=l&cat=p&typeid=i","cat":316006},{"id":174517,"n":"Pur jus multifruits Jafaden 90cl","p":1.7,"u":"1,89 €/L","img":"https://fd3-photos.leclercdrive.fr/image.ashx?id=2723153&use=l&cat=p&typeid=i","cat":285435},{"id":174519,"n":"Délice gelée Vitakraft Assortiment - 6x85g","p":4.45,"u":"8,73 €/KG","img":"https://fd3-photos.leclercdrive.fr/image.ashx?id=2283303&use=l&cat=p&typeid=i","cat":285286},{"id":174521,"n":"Délice gelée Vitakraft Viande et Poisson - 6x85g","p":4.31,"u":"8,45 €/KG","img":"https://fd3-photos.leclercdrive.fr/image.ashx?id=2283306&use=l&cat=p&typeid=i","cat":285286},{"id":174524,"n":"Délice sauce Vitakraft Poisson - 6x85g","p":4.72,"u":"9,25 €/KG","img":"https://fd3-photos.leclercdrive.fr/image.ashx?id=2283294&use=l&cat=p&typeid=i","cat":285286},{"id":174565,"n":"Fruits au sirop St Mamet Pêche Poire Ananas - 475g","p":3.47,"u":"7,31 €/KG","img":"https://fd3-photos.leclercdrive.fr/image.ashx?id=2412438&use=l&cat=p&typeid=i","cat":284507},{"id":174618,"n":"AOP Vin Blanc Bourgogne La vigne du Cloître - 75cl","p":8.67,"u":"11,56 €/L","img":"https://fd3-photos.leclercdrive.fr/image.ashx?id=2960174&use=l&cat=p&typeid=i","cat":289557},{"id":174680,"n":"La Cancoillotte au vin Savagnin Le Francomtois - 250g","p":2.53,"u":"10,12 €/KG","img":"https://fd3-photos.leclercdrive.fr/image.ashx?id=2529309&use=l&cat=p&typeid=i","cat":314037},{"id":174709,"n":"Confiture Douceur du Verger 4 fruits rouges - 750 g","p":2.39,"u":"3,19 €/KG","img":"https://fd3-photos.leclercdrive.fr/image.ashx?id=2965554&use=l&cat=p&typeid=i","cat":284480},{"id":174710,"n":"Confiture Douceur du Verger Mirabelles - 370g","p":1.64,"u":"4,43 €/KG","img":"https://fd3-photos.leclercdrive.fr/image.ashx?id=2965560&use=l&cat=p&typeid=i","cat":284480},{"id":174712,"n":"Confiture Douceur du Verger Figues - 370g","p":1.58,"u":"4,27 €/KG","img":"https://fd3-photos.leclercdrive.fr/image.ashx?id=2965587&use=l&cat=p&typeid=i","cat":284480},{"id":174714,"n":"Confiture Douceur du Verger Mûres - 370g","p":1.99,"u":"5,38 €/KG","img":"https://fd3-photos.leclercdrive.fr/image.ashx?id=2970587&use=l&cat=p&typeid=i","cat":284480},{"id":174815,"n":"Confiture Douceur du Verger Myrtilles - 370g","p":1.72,"u":"4,65 €/KG","img":"https://fd3-photos.leclercdrive.fr/image.ashx?id=2965590&use=l&cat=p&typeid=i","cat":284480},{"id":174816,"n":"Confiture Douceur du Verger Rhubarbe - 370g","p":1.69,"u":"4,57 €/KG","img":"https://fd3-photos.leclercdrive.fr/image.ashx?id=2965584&use=l&cat=p&typeid=i","cat":284480},{"id":174817,"n":"Gelée Douceur du Verger Mûres - 370g","p":1.99,"u":"5,38 €/KG","img":"https://fd3-photos.leclercdrive.fr/image.ashx?id=2965578&use=l&cat=p&typeid=i","cat":284480},{"id":174834,"n":"Chair à saucisse Soutenons Nos Agriculteurs 500g","p":5.11,"u":"10,22 €/KG","img":"https://fd3-photos.leclercdrive.fr/image.ashx?id=2831305&use=l&cat=p&typeid=i","cat":284332},{"id":174844,"n":"Amandes en poudre d'Espagne Sainte Lucie - 100g","p":3.04,"u":"30,40 €/KG","img":"https://fd3-photos.leclercdrive.fr/image.ashx?id=2774331&use=l&cat=p&typeid=i","cat":284504},{"id":174875,"n":"Gelée douceur du Verger Groseilles - 370g","p":1.29,"u":"3,49 €/KG","img":"https://fd3-photos.leclercdrive.fr/image.ashx?id=2965563&use=l&cat=p&typeid=i","cat":284480},{"id":174876,"n":"Gelée Douceur du Verger Coing - 370g","p":1.29,"u":"3,49 €/KG","img":"https://fd3-photos.leclercdrive.fr/image.ashx?id=2965566&use=l&cat=p&typeid=i","cat":284480},{"id":174886,"n":"Aubergine Eco+ 500g","p":0.99,"u":"1,98 €/KG","img":"https://fd3-photos.leclercdrive.fr/image.ashx?id=2907153&use=l&cat=p&typeid=i","cat":284352},{"id":174887,"n":"Concombre Bonduelle Au Fromage blanc - 320g","p":2.18,"u":"6,81 €/KG","img":"https://fd3-photos.leclercdrive.fr/image.ashx?id=2905309&use=l&cat=p&typeid=i","cat":333657},{"id":174931,"n":"Steak haché façon bouchère x4 Soutenons Nos Agriculteurs 400g","p":6.39,"u":"15,98 €/KG","img":"https://fd3-photos.leclercdrive.fr/image.ashx?id=2968070&use=l&cat=p&typeid=i","cat":319778},{"id":174939,"n":"Sacs-poubelle recyclés Alfapac à lien large 160L - x10","p":6.95,"u":"0,70 €/P","img":"https://fd3-photos.leclercdrive.fr/image.ashx?id=2509415&use=l&cat=p&typeid=i","cat":285168},{"id":174940,"n":"Dentifrice Sanogyl Soin essentiel gencives - 75ml","p":2.71,"u":"36,13 €/L","img":"https://fd3-photos.leclercdrive.fr/image.ashx?id=2453487&use=l&cat=p&typeid=i","cat":284612},{"id":174949,"n":"Crème fluide légère 3x20cl Soutenons Nos Agriculteurs","p":2.45,"u":"4,08 €/L","img":"https://fd3-photos.leclercdrive.fr/image.ashx?id=2291417&use=l&cat=p&typeid=i","cat":284381},{"id":174954,"n":"Crème liquide UHT 3x20cl Soutenons Nos Agriculteurs","p":3.49,"u":"5,82 €/L","img":"https://fd3-photos.leclercdrive.fr/image.ashx?id=2291414&use=l&cat=p&typeid=i","cat":284381},{"id":174984,"n":"Miel Soutenons nos agriculteurs Crémeux - 500 g","p":5.59,"u":"11,18 €/KG","img":"https://fd3-photos.leclercdrive.fr/image.ashx?id=2685699&use=l&cat=p&typeid=i","cat":287643},{"id":174997,"n":"Jambon supérieur 2 tranches Soutenons Nos Agriculteurs 70g","p":1.71,"u":"24,43 €/KG","img":"https://fd3-photos.leclercdrive.fr/image.ashx?id=2437518&use=l&cat=p&typeid=i","cat":316009},{"id":174998,"n":"Jambon supérieur 6 tranches Soutenons Nos Agriculteurs 210g","p":3.89,"u":"18,52 €/KG","img":"https://fd3-photos.leclercdrive.fr/image.ashx?id=2943710&use=l&cat=p&typeid=i","cat":316009},{"id":174999,"n":"Jambon superieur 4 tranches Soutenons Nos Agriculteurs 140g","p":2.66,"u":"19,00 €/KG","img":"https://fd3-photos.leclercdrive.fr/image.ashx?id=2943707&use=l&cat=p&typeid=i","cat":316009},{"id":175040,"n":"Soin hydratant Aloe Vera BIO  Le Petit Marseillais - 400ml","p":4.12,"u":"10,30 €/L","img":"https://fd3-photos.leclercdrive.fr/image.ashx?id=2280711&use=l&cat=p&typeid=i","cat":325350},{"id":175058,"n":"Pois chiches Bonduelle Cuits Dans Très Peu De Jus 265g","p":1.27,"u":"4,79 €/KG","img":"https://fd3-photos.leclercdrive.fr/image.ashx?id=2926272&use=l&cat=p&typeid=i","cat":312609},{"id":175094,"n":"Brossettes Interdentaire - x5 Réutilisables - RICQLES","p":4.89,"u":"0,98 €/P","img":"https://fd3-photos.leclercdrive.fr/image.ashx?id=2675948&use=l&cat=p&typeid=i","cat":285159},{"id":175098,"n":"Tartines croustillantes Wasa Sésame - 250g","p":2.45,"u":"9,80 €/KG","img":"https://fd3-photos.leclercdrive.fr/image.ashx?id=3011860&use=l&cat=p&typeid=i","cat":284479},{"id":175115,"n":"AOP Pinot blanc Alsace Horstaden - 75cl","p":5.43,"u":"7,24 €/L","img":"https://fd3-photos.leclercdrive.fr/image.ashx?id=2284484&use=l&cat=p&typeid=i","cat":289557},{"id":175122,"n":"Crème Douche Nourrissante Cadum Surgras Coco - 750ml","p":4.57,"u":"6,09 €/L","img":"https://fd3-photos.leclercdrive.fr/image.ashx?id=2393284&use=l&cat=p&typeid=i","cat":284594},{"id":175125,"n":"Sauce Deluxe AMORA 250ml","p":2.0,"u":"8,00 €/L","img":"https://fd3-photos.leclercdrive.fr/image.ashx?id=3009266&use=l&cat=p&typeid=i","cat":318431},{"id":175303,"n":"Skyr Siggi's  Citron - 2x140g","p":2.27,"u":"8,11 €/KG","img":"https://fd3-photos.leclercdrive.fr/image.ashx?id=2673082&use=l&cat=p&typeid=i","cat":315000},{"id":175414,"n":"Oranges non traitées Panier du Primeur Sachet x4","p":2.29,"u":"0,57 €/P","img":"https://fd3-photos.leclercdrive.fr/image.ashx?id=2930909&use=l&cat=p&typeid=i","cat":284356},{"id":175433,"n":"AOP Vin Blanc Jura Savoie L'Etoile Chardonnay - 75cl","p":10.33,"u":"13,77 €/L","img":"https://fd3-photos.leclercdrive.fr/image.ashx?id=2291822&use=l&cat=p&typeid=i","cat":289557},{"id":175476,"n":"Crabe Royal de l'Antarctique Chatka 100% Chair - 180g","p":12.56,"u":"69,78 €/KG","img":"https://fd3-photos.leclercdrive.fr/image.ashx?id=2869212&use=l&cat=p&typeid=i","cat":305147},{"id":175509,"n":"AOP Vin Rouge Rhône Côtes du Rhône Cairanne 75cl","p":6.04,"u":"8,05 €/L","img":"https://fd3-photos.leclercdrive.fr/image.ashx?id=2286068&use=l&cat=p&typeid=i","cat":289556},{"id":175551,"n":"Confit de canard du Sud-Ouest Nos Régions ont du Talent  420g","p":8.68,"u":"20,67 €/KG","img":"https://fd3-photos.leclercdrive.fr/image.ashx?id=2753544&use=l&cat=p&typeid=i","cat":284339},{"id":175556,"n":"Gel Douche Le Petit Marseillais  Haute tolerance amandier-400ml","p":2.3,"u":"5,75 €/L","img":"https://fd3-photos.leclercdrive.fr/image.ashx?id=2685174&use=l&cat=p&typeid=i","cat":284594},{"id":175560,"n":"Sérum nutrition Vitanove 100ml","p":3.99,"u":"39,90 €/L","img":"https://fd3-photos.leclercdrive.fr/image.ashx?id=2691441&use=l&cat=p&typeid=i","cat":284608},{"id":175564,"n":"Gel Douche Le Petit Marseillais  Haute tolerance aloevera 400ml","p":2.28,"u":"5,70 €/L","img":"https://fd3-photos.leclercdrive.fr/image.ashx?id=2677429&use=l&cat=p&typeid=i","cat":284594},{"id":175565,"n":"5 crayons de maquillage  à base d'eau Goodmark","p":5.52,"u":"1,10 €/P","img":"https://fd3-photos.leclercdrive.fr/image.ashx?id=2297451&use=l&cat=p&typeid=i","cat":334379},{"id":175566,"n":"5 crayons de maquillage Goodmark","p":5.52,"u":"1,10 €/P","img":"https://fd3-photos.leclercdrive.fr/image.ashx?id=2297454&use=l&cat=p&typeid=i","cat":334379},{"id":175572,"n":"Thé noir Earl Grey Bio Village Bio - x20 - 36g","p":1.09,"u":"30,28 €/KG","img":"https://fd3-photos.leclercdrive.fr/image.ashx?id=2897913&use=l&cat=p&typeid=i","cat":293233},{"id":175574,"n":"Sauce bolognaise Panzani Extra riche - 400g","p":3.01,"u":"7,53 €/KG","img":"https://fd3-photos.leclercdrive.fr/image.ashx?id=2887527&use=l&cat=p&typeid=i","cat":299047},{"id":175576,"n":"Sachet fraicheur chat Sheba Filets au poulet et thon - 60g","p":1.07,"u":"17,83 €/KG","img":"https://fd3-photos.leclercdrive.fr/image.ashx?id=2292464&use=l&cat=p&typeid=i","cat":285286},{"id":175578,"n":"Sachet fraicheur chat Sheba Filets aux crevettes - 60g","p":1.07,"u":"17,83 €/KG","img":"https://fd3-photos.leclercdrive.fr/image.ashx?id=2292467&use=l&cat=p&typeid=i","cat":285286},{"id":175579,"n":"Pur jus Bio Village Bio Pomme  - 1L","p":2.14,"u":"2,14 €/L","img":"https://fd3-photos.leclercdrive.fr/image.ashx?id=2285081&use=l&cat=p&typeid=i","cat":284522},{"id":175582,"n":"Sachet fraicheur chat Sheba Soupe filets de poulet - 4x40g","p":3.22,"u":"20,13 €/KG","img":"https://fd3-photos.leclercdrive.fr/image.ashx?id=2292590&use=l&cat=p&typeid=i","cat":285286},{"id":175583,"n":"AOP Vin Rouge Rhône HVE Côtes du Rhône Héritages 75cl","p":5.99,"pp":4.49,"u":"5,99 €/L","img":"https://fd3-photos.leclercdrive.fr/image.ashx?id=2285654&use=l&cat=p&typeid=i","cat":289556},{"id":175585,"n":"Sachet fraicheur chat Sheba Soupe filets de thon - 4x40g","p":2.88,"u":"18,00 €/KG","img":"https://fd3-photos.leclercdrive.fr/image.ashx?id=2292593&use=l&cat=p&typeid=i","cat":285286},{"id":175586,"n":"Lentilles vertes Vivien Paille 1kg","p":3.6,"pp":2.38,"u":"2,38 €/KG","img":"https://fd3-photos.leclercdrive.fr/image.ashx?id=2285093&use=l&cat=p&typeid=i","cat":284430},{"id":175588,"n":"Cannelle entière Sainte Lucie 15g","p":2.46,"u":"164,00 €/KG","img":"https://fd3-photos.leclercdrive.fr/image.ashx?id=2984380&use=l&cat=p&typeid=i","cat":298297},{"id":175603,"n":"Thé vert bio Bio Village Menthe x20 - 36g","p":1.65,"u":"45,83 €/KG","img":"https://fd3-photos.leclercdrive.fr/image.ashx?id=2897907&use=l&cat=p&typeid=i","cat":293233},{"id":175605,"n":"Amandes California Sainte Lucie Décortiquées - 125g","p":3.6,"u":"28,80 €/KG","img":"https://fd3-photos.leclercdrive.fr/image.ashx?id=2285219&use=l&cat=p&typeid=i","cat":284504},{"id":175614,"n":"Serviettes hygiéniques Tigex","p":6.9,"img":"https://fd3-photos.leclercdrive.fr/image.ashx?id=2286702&use=l&cat=p&typeid=i","cat":289435},{"id":175625,"n":"Langes Mots d'Enfants Coton bio imprimé - Lot de 3","p":6.95,"img":"https://fd3-photos.leclercdrive.fr/image.ashx?id=2302669&use=l&cat=p&typeid=i","cat":289435},{"id":175680,"n":"Tartines sarrasin sans gluten  bio Terres et Céréales - 270g","p":3.96,"u":"14,67 €/KG","img":"https://fd3-photos.leclercdrive.fr/image.ashx?id=2840602&use=l&cat=p&typeid=i","cat":285543},{"id":175685,"n":"Madeleine longue P'tit Déli Fourrés à la fraise - 240g","p":3.01,"u":"12,54 €/KG","img":"https://fd3-photos.leclercdrive.fr/image.ashx?id=2558386&use=l&cat=p&typeid=i","cat":284492},{"id":175713,"n":"Bière \"La Goudale\" Rubis - 6x25cl","p":4.46,"u":"2,97 €/L","img":"https://fd3-photos.leclercdrive.fr/image.ashx?id=2778245&use=l&cat=p&typeid=i","cat":334878},{"id":175718,"n":"Eau gazeuse aromatisée Carola  Mangue Passion - 1.25L","p":0.97,"u":"0,78 €/L","img":"https://fd3-photos.leclercdrive.fr/image.ashx?id=2960837&use=l&cat=p&typeid=i","cat":284536},{"id":175719,"n":"Eau gazeuse aromatisée Carola  Menthe - 1.25L","p":0.97,"u":"0,78 €/L","img":"https://fd3-photos.leclercdrive.fr/image.ashx?id=2660766&use=l&cat=p&typeid=i","cat":284536},{"id":175735,"n":"Sucre complet Bio Alter Eco Muscovado morceaux - 400g","p":3.67,"u":"9,18 €/KG","img":"https://fd3-photos.leclercdrive.fr/image.ashx?id=2745019&use=l&cat=p&typeid=i","cat":284502},{"id":175763,"n":"Chocolat noir Novi Aux noisettes - 130g","p":2.92,"u":"22,46 €/KG","img":"https://fd3-photos.leclercdrive.fr/image.ashx?id=2294516&use=l&cat=p&typeid=i","cat":284956},{"id":175764,"n":"Chocolat blanc Novi Aux noisettes - 130g","p":3.26,"u":"25,08 €/KG","img":"https://fd3-photos.leclercdrive.fr/image.ashx?id=2294519&use=l&cat=p&typeid=i","cat":284957},{"id":175765,"n":"Chocolat au lait Lindt Création Praliné Feuillantine - 110g","p":3.62,"u":"32,91 €/KG","img":"https://fd3-photos.leclercdrive.fr/image.ashx?id=2287394&use=l&cat=p&typeid=i","cat":284497},{"id":175790,"n":"Sachet fraicheur chat Sheba Filets au poulet - 60g","p":1.07,"u":"17,83 €/KG","img":"https://fd3-photos.leclercdrive.fr/image.ashx?id=2287523&use=l&cat=p&typeid=i","cat":285286},{"id":175797,"n":"Gelée aux 3 viandes Mon Petit Purina Gourmet - 6x50g","p":3.23,"u":"10,77 €/KG","img":"https://fd3-photos.leclercdrive.fr/image.ashx?id=2899683&use=l&cat=p&typeid=i","cat":285286},{"id":175900,"n":"Limoncello Villa Cardea 25° - 70cl","p":11.07,"pp":10.07,"u":"14,39 €/L","img":"https://fd3-photos.leclercdrive.fr/image.ashx?id=2828928&use=l&cat=p&typeid=i","cat":284551},{"id":175911,"n":"Litière chats Cast's Best Original agglomérante - 20L","p":20.47,"u":"1,02 €/L","img":"https://fd3-photos.leclercdrive.fr/image.ashx?id=2310164&use=l&cat=p&typeid=i","cat":284683},{"id":175932,"n":"Miel de montagne L'Apiculteur Crémeux - 1kg","p":10.22,"u":"10,22 €/KG","img":"https://fd3-photos.leclercdrive.fr/image.ashx?id=2310920&use=l&cat=p&typeid=i","cat":287643},{"id":175945,"n":"Bonbon Scoubidou play Lutti 180g","p":1.64,"u":"9,11 €/KG","img":"https://fd3-photos.leclercdrive.fr/image.ashx?id=2346837&use=l&cat=p&typeid=i","cat":304250},{"id":175954,"n":"Sauce Bolognaise Panzani Extra riche - 200g","p":1.87,"u":"9,35 €/KG","img":"https://fd3-photos.leclercdrive.fr/image.ashx?id=2918574&use=l&cat=p&typeid=i","cat":287599},{"id":175984,"n":"Auto-bronzant Ambre Solaire  Brume corps - 150ml","p":9.07,"u":"60,47 €/L","img":"https://fd3-photos.leclercdrive.fr/image.ashx?id=2530630&use=l&cat=p&typeid=i","cat":325355},{"id":175986,"n":"Crème change bio Love & Green 100ml","p":4.63,"u":"46,30 €/L","img":"https://fd3-photos.leclercdrive.fr/image.ashx?id=2289267&use=l&cat=p&typeid=i","cat":284741},{"id":175989,"n":"Farine pois chiche Mon Fournil Sans gluten Bio - 500g","p":3.53,"u":"7,06 €/KG","img":"https://fd3-photos.leclercdrive.fr/image.ashx?id=2378048&use=l&cat=p&typeid=i","cat":318654},{"id":175991,"n":"Culottes Pampers Baby Dry Pants Taille 3 : 6/11kg - x96","p":41.98,"u":"0,44 €/P","img":"https://fd3-photos.leclercdrive.fr/image.ashx?id=2622834&use=l&cat=p&typeid=i","cat":290633},{"id":176027,"n":"Frites Classiques McCain Just Au Four - 700g","p":2.52,"u":"3,60 €/KG","img":"https://fd3-photos.leclercdrive.fr/image.ashx?id=2997340&use=l&cat=p&typeid=i","cat":319791},{"id":176030,"n":"Frites Allumettes McCain Just Au Four - 700g","p":2.5,"u":"3,57 €/KG","img":"https://fd3-photos.leclercdrive.fr/image.ashx?id=2772491&use=l&cat=p&typeid=i","cat":319791},{"id":176031,"n":"Frites Allumettes McCain Just Au Four - 1,69kg","p":5.24,"u":"3,10 €/KG","img":"https://fd3-photos.leclercdrive.fr/image.ashx?id=2997343&use=l&cat=p&typeid=i","cat":319791},{"id":176033,"n":"Frites Steakhouse McCain Just Au Four - 700g","p":2.75,"u":"3,93 €/KG","img":"https://fd3-photos.leclercdrive.fr/image.ashx?id=2737921&use=l&cat=p&typeid=i","cat":319791},{"id":176034,"n":"Frites Express McCain Just Au Four - 600g","p":3.06,"u":"5,10 €/KG","img":"https://fd3-photos.leclercdrive.fr/image.ashx?id=2997337&use=l&cat=p&typeid=i","cat":319791},{"id":176036,"n":"Frites friteuse McCain Tradition - 1,080kg","p":2.71,"u":"2,51 €/KG","img":"https://fd3-photos.leclercdrive.fr/image.ashx?id=2737930&use=l&cat=p&typeid=i","cat":319791},{"id":176040,"n":"Frites friteuse McCain Golden Allumette - 1,080kg","p":2.97,"u":"2,75 €/KG","img":"https://fd3-photos.leclercdrive.fr/image.ashx?id=2737939&use=l&cat=p&typeid=i","cat":319791},{"id":176041,"n":"Frites friteuse McCain Golden Allumettes - 2,66kg","p":6.67,"u":"2,51 €/KG","img":"https://fd3-photos.leclercdrive.fr/image.ashx?id=2737936&use=l&cat=p&typeid=i","cat":319791},{"id":176043,"n":"La Frite Belge McCain 1.080kg","p":3.4,"u":"3,15 €/KG","img":"https://fd3-photos.leclercdrive.fr/image.ashx?id=2737942&use=l&cat=p&typeid=i","cat":319791},{"id":176203,"n":"Bonbons sans sucre Ricola Citron Mélisse - 70g","p":2.48,"u":"35,43 €/KG","img":"https://fd3-photos.leclercdrive.fr/image.ashx?id=2647850&use=l&cat=p&typeid=i","cat":304256},{"id":176239,"n":"Gnocchi Lustucru Selection  390g","p":1.91,"u":"4,90 €/KG","img":"https://fd3-photos.leclercdrive.fr/image.ashx?id=2965999&use=l&cat=p&typeid=i","cat":333682},{"id":176254,"n":"Foie de morue fumé MSC Pêche Océan - 121g","p":1.6,"u":"13,22 €/KG","img":"https://fd3-photos.leclercdrive.fr/image.ashx?id=2872457&use=l&cat=p&typeid=i","cat":305147},{"id":176295,"n":"Bonbons Ricola  Eucalyptus - 70g","p":1.7,"u":"24,29 €/KG","img":"https://fd3-photos.leclercdrive.fr/image.ashx?id=2647853&use=l&cat=p&typeid=i","cat":304252},{"id":176299,"n":"Biscottes Cracotte LU Fibre - 250g","p":2.2,"u":"8,80 €/KG","img":"https://fd3-photos.leclercdrive.fr/image.ashx?id=2871154&use=l&cat=p&typeid=i","cat":284479},{"id":176305,"n":"Dinde rotie Cuisine Océane Forestière & duo de riz - 300g","p":3.13,"u":"10,43 €/KG","img":"https://fd3-photos.leclercdrive.fr/image.ashx?id=2962356&use=l&cat=p&typeid=i","cat":284953},{"id":176366,"n":"Couches Pampers Baby Dry Taille 6 - x35","p":17.79,"u":"0,51 €/P","img":"https://fd3-photos.leclercdrive.fr/image.ashx?id=2507194&use=l&cat=p&typeid=i","cat":284737},{"id":176369,"n":"Couches Pampers Premium Protection - Taille 3 - x52","p":18.0,"u":"0,35 €/P","img":"https://fd3-photos.leclercdrive.fr/image.ashx?id=2410376&use=l&cat=p&typeid=i","cat":284737},{"id":176384,"n":"Soin Cheveux Magique Elsève Dream Long Embellisseur - 200ml","p":6.97,"u":"34,85 €/L","img":"https://fd3-photos.leclercdrive.fr/image.ashx?id=2439308&use=l&cat=p&typeid=i","cat":284608},{"id":176387,"n":"Masque Hydra-Régénérant Elsève Hyaluron Repulp - 310ml","p":5.37,"u":"17,32 €/L","img":"https://fd3-photos.leclercdrive.fr/image.ashx?id=2865878&use=l&cat=p&typeid=i","cat":284608},{"id":176391,"n":"Sérum Hydra-Texturisant Elsève Cheveux Déshydratés - 150ml","p":10.98,"u":"73,20 €/L","img":"https://fd3-photos.leclercdrive.fr/image.ashx?id=2870677&use=l&cat=p&typeid=i","cat":284608},{"id":176436,"n":"Mini BN Cœur de Lait 175g","p":1.56,"u":"8,91 €/KG","img":"https://fd3-photos.leclercdrive.fr/image.ashx?id=2730484&use=l&cat=p&typeid=i","cat":284489},{"id":176443,"n":"AOC Crémant d'Alsace Brut Horstaden - 75cl","p":7.36,"u":"9,81 €/L","img":"https://fd3-photos.leclercdrive.fr/image.ashx?id=2294998&use=l&cat=p&typeid=i","cat":284545},{"id":176535,"n":"Beurre bio Bio Village  Demi-sel - 80% MG - 250g","p":2.99,"u":"11,96 €/KG","img":"https://fd3-photos.leclercdrive.fr/image.ashx?id=2961719&use=l&cat=p&typeid=i","cat":284379},{"id":176563,"n":"DOC Prosecco Riccadonna rosé Millesimato 2020 - 75cl","p":9.53,"u":"12,71 €/L","img":"https://fd3-photos.leclercdrive.fr/image.ashx?id=2946640&use=l&cat=p&typeid=i","cat":289558},{"id":176580,"n":"Margarine ProActiv Expert Tartine Doux - 225g","p":2.34,"u":"10,40 €/KG","img":"https://fd3-photos.leclercdrive.fr/image.ashx?id=2352035&use=l&cat=p&typeid=i","cat":315229},{"id":176614,"n":"Compotes Pom'Potes Gourdes  Explorateurs Les Incas - 12x90g","p":5.91,"u":"5,47 €/KG","img":"https://fd3-photos.leclercdrive.fr/image.ashx?id=2900740&use=l&cat=p&typeid=i","cat":284508},{"id":176615,"n":"Compotes Pom'Potes Gourdes  Battle Multivariétés - 12x90g","p":5.27,"u":"4,88 €/KG","img":"https://fd3-photos.leclercdrive.fr/image.ashx?id=2919745&use=l&cat=p&typeid=i","cat":284508},{"id":176616,"n":"Compotes Pom'Potes Gourdes  Multivariétés Régions - 12x90g","p":5.37,"u":"4,97 €/KG","img":"https://fd3-photos.leclercdrive.fr/image.ashx?id=2883426&use=l&cat=p&typeid=i","cat":284508},{"id":176624,"n":"Chocolat noir Lindt Création Pâte d'Amande - 110g","p":3.12,"u":"28,36 €/KG","img":"https://fd3-photos.leclercdrive.fr/image.ashx?id=2295813&use=l&cat=p&typeid=i","cat":284956},{"id":176643,"n":"Ananas en tranches Rochefontaine - 340g","p":2.44,"u":"7,18 €/KG","img":"https://fd3-photos.leclercdrive.fr/image.ashx?id=2624275&use=l&cat=p&typeid=i","cat":284507},{"id":176659,"n":"Muesli chocolat bio  Terres et Céréales - 900g","p":5.37,"u":"5,97 €/KG","img":"https://fd3-photos.leclercdrive.fr/image.ashx?id=2858458&use=l&cat=p&typeid=i","cat":309512},{"id":176684,"n":"Chocolat Nestlé l'Atelier Caramel, amande, noisette 170g","p":3.56,"u":"20,94 €/KG","img":"https://fd3-photos.leclercdrive.fr/image.ashx?id=2663072&use=l&cat=p&typeid=i","cat":284497},{"id":176755,"n":"Lessive en poudre Uni Vert 1,25kg","p":3.89,"u":"3,11 €/KG","img":"https://fd3-photos.leclercdrive.fr/image.ashx?id=2450107&use=l&cat=p&typeid=i","cat":284642},{"id":176847,"n":"Knacki Original Herta x10 - 350g","p":1.75,"u":"5,00 €/KG","img":"https://fd3-photos.leclercdrive.fr/image.ashx?id=2304111&use=l&cat=p&typeid=i","cat":316012},{"id":176848,"n":"Knacki Original Herta Sans nitrite x6 - 210g","p":2.39,"u":"11,38 €/KG","img":"https://fd3-photos.leclercdrive.fr/image.ashx?id=2299073&use=l&cat=p&typeid=i","cat":316012},{"id":176871,"n":"Farine tous usages Mon Fournil Bio Sans Gluten - 800g","p":6.02,"u":"7,53 €/KG","img":"https://fd3-photos.leclercdrive.fr/image.ashx?id=2859632&use=l&cat=p&typeid=i","cat":318654},{"id":176872,"n":"Beurre de Cacahuètes Naturaline Bio Crémeux - 350g","p":2.98,"u":"8,51 €/KG","img":"https://fd3-photos.leclercdrive.fr/image.ashx?id=2300308&use=l&cat=p&typeid=i","cat":284481},{"id":176873,"n":"Amandes décortiquées Naturaline Bio - 200g","p":3.2,"u":"16,00 €/KG","img":"https://fd3-photos.leclercdrive.fr/image.ashx?id=2354488&use=l&cat=p&typeid=i","cat":284448},{"id":176882,"n":"IGP Ile de Beauté vin rosé Les Rozallées - 75 cl","p":4.31,"u":"5,75 €/L","img":"https://fd3-photos.leclercdrive.fr/image.ashx?id=2324903&use=l&cat=p&typeid=i","cat":289558},{"id":176932,"n":"Jambon sec Saint-Azay 500g","p":8.99,"u":"17,98 €/KG","img":"https://fd3-photos.leclercdrive.fr/image.ashx?id=2935549&use=l&cat=p&typeid=i","cat":316007},{"id":176945,"n":"Escalope de dinde 200g","p":3.27,"u":"16,35 €/KG","img":"https://fd3-photos.leclercdrive.fr/image.ashx?id=2299602&use=l&cat=p&typeid=i","cat":284337},{"id":176974,"n":"Tablette de chocolat noir Lindt Corsé 70% - 100g","p":2.33,"u":"23,30 €/KG","img":"https://fd3-photos.leclercdrive.fr/image.ashx?id=2299696&use=l&cat=p&typeid=i","cat":284956},{"id":176988,"n":"Bonbon à sucer Ricola Menthol Stévia - 50g","p":1.39,"u":"27,80 €/KG","img":"https://fd3-photos.leclercdrive.fr/image.ashx?id=2382201&use=l&cat=p&typeid=i","cat":304252},{"id":176989,"n":"Bonbon à sucer Ricola Sans sucres -50g","p":1.54,"u":"30,80 €/KG","img":"https://fd3-photos.leclercdrive.fr/image.ashx?id=2382204&use=l&cat=p&typeid=i","cat":304252},{"id":176990,"n":"Bonbon à sucer Ricola Citron melisse stévia - 50g","p":1.46,"u":"29,20 €/KG","img":"https://fd3-photos.leclercdrive.fr/image.ashx?id=2382207&use=l&cat=p&typeid=i","cat":304252},{"id":176997,"n":"Pesto à la Calabrese Florelli - 190g","p":2.43,"u":"12,79 €/KG","img":"https://fd3-photos.leclercdrive.fr/image.ashx?id=2904922&use=l&cat=p&typeid=i","cat":289010},{"id":177069,"n":"Eau micellaire démaquillante Le petit Olivier - 400ml","p":3.99,"u":"9,98 €/L","img":"https://fd3-photos.leclercdrive.fr/image.ashx?id=2305613&use=l&cat=p&typeid=i","cat":284603},{"id":177216,"n":"Bière blanche sans alcool 1664 0,0° - 6x25cl","p":4.97,"u":"3,31 €/L","img":"https://fd3-photos.leclercdrive.fr/image.ashx?id=2907890&use=l&cat=p&typeid=i","cat":334877},{"id":177217,"n":"Sorbet Plein Fruit L'Angélys Citron vert - 500g","p":4.13,"u":"8,26 €/KG","img":"https://fd3-photos.leclercdrive.fr/image.ashx?id=2963607&use=l&cat=p&typeid=i","cat":284263},{"id":177219,"n":"Sorbet Plein Fruit L'Angélys Fraise - 500g","p":5.22,"u":"10,44 €/KG","img":"https://fd3-photos.leclercdrive.fr/image.ashx?id=2963610&use=l&cat=p&typeid=i","cat":284263},{"id":177234,"n":"Sorbet Plein Fruit L'Angélys Mangue - 500g","p":5.45,"u":"10,90 €/KG","img":"https://fd3-photos.leclercdrive.fr/image.ashx?id=2963616&use=l&cat=p&typeid=i","cat":284263},{"id":177237,"n":"Sorbet Plein Fruit L'Angélys Poire - 500g","p":4.1,"u":"8,20 €/KG","img":"https://fd3-photos.leclercdrive.fr/image.ashx?id=2963637&use=l&cat=p&typeid=i","cat":284263},{"id":177249,"n":"Boisson saveur ananas Ifri - 1.25L","p":1.85,"u":"1,48 €/L","img":"https://fd3-photos.leclercdrive.fr/image.ashx?id=2306474&use=l&cat=p&typeid=i","cat":284532},{"id":177257,"n":"Yaourt à la Grecque Nat&Vie Mangue Passion - 4x115g","p":2.6,"u":"5,65 €/KG","img":"https://fd3-photos.leclercdrive.fr/image.ashx?id=2901485&use=l&cat=p&typeid=i","cat":316071},{"id":177258,"n":"Bâtonnets Manger Main Bio Yooji Betterave Quinoa rouge - 225g","p":3.09,"u":"13,73 €/KG","img":"https://fd3-photos.leclercdrive.fr/image.ashx?id=2529030&use=l&cat=p&typeid=i","cat":290631},{"id":177260,"n":"Bâtonnets Manger Main Bio Yooji Haricots Pois Semoule 225g","p":3.73,"u":"16,58 €/KG","img":"https://fd3-photos.leclercdrive.fr/image.ashx?id=2529039&use=l&cat=p&typeid=i","cat":290631},{"id":177262,"n":"Bâtonnets Manger Main Bio Yooji Butternut Quinoa blanc - 225g","p":4.19,"u":"18,62 €/KG","img":"https://fd3-photos.leclercdrive.fr/image.ashx?id=2529036&use=l&cat=p&typeid=i","cat":290631},{"id":177319,"n":"Boulgour Tipiak 450g","p":2.12,"u":"4,71 €/KG","img":"https://fd3-photos.leclercdrive.fr/image.ashx?id=2766445&use=l&cat=p&typeid=i","cat":284429},{"id":177326,"n":"Polenta Onctueuse  Tipiak - 400g","p":1.63,"u":"4,08 €/KG","img":"https://fd3-photos.leclercdrive.fr/image.ashx?id=2795818&use=l&cat=p&typeid=i","cat":284431},{"id":177360,"n":"Pizza Poulet Tikka Halal Idéal Délices - 330g","p":6.7,"u":"20,30 €/KG","img":"https://fd3-photos.leclercdrive.fr/image.ashx?id=2917957&use=l&cat=p&typeid=i","cat":284256},{"id":177366,"n":"Feuille de chêne verte  Bonduelle - 175g","p":1.99,"u":"11,37 €/KG","img":"https://fd3-photos.leclercdrive.fr/image.ashx?id=2894203&use=l&cat=p&typeid=i","cat":284353},{"id":177376,"n":"Mâche Bonduelle 125g","p":1.71,"u":"13,68 €/KG","img":"https://fd3-photos.leclercdrive.fr/image.ashx?id=2939271&use=l&cat=p&typeid=i","cat":284353},{"id":177381,"n":"Bière blonde Ch'ti 6.8% vol. - 75cl","p":2.93,"u":"3,91 €/L","img":"https://fd3-photos.leclercdrive.fr/image.ashx?id=2840169&use=l&cat=p&typeid=i","cat":334852},{"id":177401,"n":"Vin Blanc Mousseux Soirée Blanche - 75cl","p":4.9,"pp":3.23,"u":"4,31 €/L","img":"https://fd3-photos.leclercdrive.fr/image.ashx?id=2305409&use=l&cat=p&typeid=i","cat":284544},{"id":177432,"n":"Sirop Carambar Cola - 75cl","p":3.17,"u":"4,23 €/L","img":"https://fd3-photos.leclercdrive.fr/image.ashx?id=2445139&use=l&cat=p&typeid=i","cat":295020},{"id":177458,"n":"Bière blonde La Goudale 0° - 6x25cl","p":4.48,"u":"2,99 €/L","img":"https://fd3-photos.leclercdrive.fr/image.ashx?id=2970963&use=l&cat=p&typeid=i","cat":334877},{"id":177478,"n":"Chipolatas Supérieurs Férial Label Rouge - X6 - 330g","p":3.69,"u":"11,18 €/KG","img":"https://fd3-photos.leclercdrive.fr/image.ashx?id=2835238&use=l&cat=p&typeid=i","cat":284334},{"id":177599,"n":"AOC d'Alsace Pinot Blanc  Cave de Hunawihr Réserve - 75cl","p":5.09,"u":"6,79 €/L","img":"https://fd3-photos.leclercdrive.fr/image.ashx?id=2311492&use=l&cat=p&typeid=i","cat":289557},{"id":177636,"n":"Rhum vieux Rép. Dominicaine Presidente Gran Anejo 70cl","p":28.9,"u":"41,29 €/L","img":"https://fd3-photos.leclercdrive.fr/image.ashx?id=2527100&use=l&cat=p&typeid=i","cat":284550},{"id":177652,"n":"Jambon Label Rouge Fleury Michon sans nitrite x4- 160g","p":4.03,"u":"25,19 €/KG","img":"https://fd3-photos.leclercdrive.fr/image.ashx?id=2923957&use=l&cat=p&typeid=i","cat":316009},{"id":177657,"n":"Blanc de dinde Fleury Michon Doré au Four x4 - 160g","p":2.33,"u":"14,56 €/KG","img":"https://fd3-photos.leclercdrive.fr/image.ashx?id=2816868&use=l&cat=p&typeid=i","cat":316010},{"id":177670,"n":"Crème fraîche entière Yoplait 30%MG - 450g","p":1.99,"u":"4,42 €/KG","img":"https://fd3-photos.leclercdrive.fr/image.ashx?id=2811044&use=l&cat=p&typeid=i","cat":284381},{"id":177672,"n":"Crème fraîche entière Yoplait 30%MG - 190g","p":0.93,"u":"4,89 €/KG","img":"https://fd3-photos.leclercdrive.fr/image.ashx?id=2811041&use=l&cat=p&typeid=i","cat":284381},{"id":177698,"n":"Knacki Original Herta Sans nitrite x4 - 140g","p":1.97,"u":"14,07 €/KG","img":"https://fd3-photos.leclercdrive.fr/image.ashx?id=2309423&use=l&cat=p&typeid=i","cat":316012},{"id":177704,"n":"Knacki Original Herta 100% Porc - 210g","p":2.27,"u":"10,81 €/KG","img":"https://fd3-photos.leclercdrive.fr/image.ashx?id=2309417&use=l&cat=p&typeid=i","cat":316012},{"id":177718,"n":"Bière blonde Ch'Ti Originale 6x25cl","p":6.19,"u":"4,13 €/L","img":"https://fd3-photos.leclercdrive.fr/image.ashx?id=2309612&use=l&cat=p&typeid=i","cat":334852},{"id":177719,"n":"Soin contour des yeux Nivea Cellular Luminous - 15ml","p":16.1,"img":"https://fd3-photos.leclercdrive.fr/image.ashx?id=2839274&use=l&cat=p&typeid=i","cat":325345},{"id":177721,"n":"Crème Visage Nuit Nivea Anti-taches Luminous - 50ml","p":16.23,"u":"324,60 €/L","img":"https://fd3-photos.leclercdrive.fr/image.ashx?id=3000345&use=l&cat=p&typeid=i","cat":325345},{"id":177849,"n":"Lessive Sanytol désinfectante fraicheur florale - 1,70L","p":10.21,"u":"6,01 €/L","img":"https://fd3-photos.leclercdrive.fr/image.ashx?id=2902978&use=l&cat=p&typeid=i","cat":284640},{"id":177919,"n":"Yaourt à boire Actimel Fraise Banane - 8x100g","p":3.79,"u":"4,74 €/KG","img":"https://fd3-photos.leclercdrive.fr/image.ashx?id=2939193&use=l&cat=p&typeid=i","cat":284415},{"id":177941,"n":"Courgettes Bio Bio Village Filet - 750g","p":3.99,"u":"5,32 €/KG","img":"https://fd3-photos.leclercdrive.fr/image.ashx?id=2625698&use=l&cat=p&typeid=i","cat":284352},{"id":177947,"n":"Spirales métal Nicols Métanic x3","p":1.38,"u":"0,46 €/P","img":"https://fd3-photos.leclercdrive.fr/image.ashx?id=2342779&use=l&cat=p&typeid=i","cat":284667},{"id":178074,"n":"Aubergine Bio Bio Village x2","p":2.29,"u":"1,15 €/P","img":"https://fd3-photos.leclercdrive.fr/image.ashx?id=2928333&use=l&cat=p&typeid=i","cat":284352},{"id":178108,"n":"Burrata de vache Casa Azzurra 125g","p":2.78,"u":"22,24 €/KG","img":"https://fd3-photos.leclercdrive.fr/image.ashx?id=2927549&use=l&cat=p&typeid=i","cat":314026},{"id":178110,"n":"Pizza Dr.Oetker Ristorante Thon - 355g","p":2.66,"u":"7,49 €/KG","img":"https://fd3-photos.leclercdrive.fr/image.ashx?id=2993056&use=l&cat=p&typeid=i","cat":284256},{"id":178111,"n":"Pizza Dr.Oetker Ristorante 4 fromages - 340g","p":2.47,"u":"7,26 €/KG","img":"https://fd3-photos.leclercdrive.fr/image.ashx?id=2993050&use=l&cat=p&typeid=i","cat":284256},{"id":178112,"n":"Pizza Dr.Oetker Ristorante Mozzarella - 335g","p":2.66,"u":"7,94 €/KG","img":"https://fd3-photos.leclercdrive.fr/image.ashx?id=2993062&use=l&cat=p&typeid=i","cat":284256},{"id":178113,"n":"Pizza Dr.Oetker Ristorante  Vegetale aux légumes - 385g","p":3.09,"u":"8,03 €/KG","img":"https://fd3-photos.leclercdrive.fr/image.ashx?id=2993068&use=l&cat=p&typeid=i","cat":284256},{"id":178114,"n":"Pizza Ristorante Dr Oetker Royale - 350g","p":2.86,"u":"8,17 €/KG","img":"https://fd3-photos.leclercdrive.fr/image.ashx?id=2993044&use=l&cat=p&typeid=i","cat":284256},{"id":178127,"n":"Sablé salé Michel et Augustin Coppa corse - 90g","p":2.57,"u":"28,56 €/KG","img":"https://fd3-photos.leclercdrive.fr/image.ashx?id=2315422&use=l&cat=p&typeid=i","cat":297000},{"id":178144,"n":"Thé glacé MayTea Saveur Pêche - 1,2L","p":2.16,"u":"1,80 €/L","img":"https://fd3-photos.leclercdrive.fr/image.ashx?id=2648661&use=l&cat=p&typeid=i","cat":295019},{"id":178147,"n":"Céréales Trésor Kellogg's Chocolat noisettes - 620g","p":4.39,"u":"7,08 €/KG","img":"https://fd3-photos.leclercdrive.fr/image.ashx?id=2598331&use=l&cat=p&typeid=i","cat":309513},{"id":178156,"n":"AOC Alsace Gewurztraminer  Bestheim  - 75cl","p":7.2,"u":"9,60 €/L","img":"https://fd3-photos.leclercdrive.fr/image.ashx?id=2313145&use=l&cat=p&typeid=i","cat":289557},{"id":178161,"n":"Pizza Dr.Oetker Ristorante Jambon salami champignons 345g","p":3.16,"u":"9,16 €/KG","img":"https://fd3-photos.leclercdrive.fr/image.ashx?id=2993059&use=l&cat=p&typeid=i","cat":284256},{"id":178163,"n":"Thé glacé MayTea Saveur Menthe - 1,2L","p":2.15,"u":"1,79 €/L","img":"https://fd3-photos.leclercdrive.fr/image.ashx?id=2648664&use=l&cat=p&typeid=i","cat":295019},{"id":178165,"n":"Crème glacée Nuii  Cookies & Cream - x4 - 268g","p":4.47,"u":"16,68 €/KG","img":"https://fd3-photos.leclercdrive.fr/image.ashx?id=2506816&use=l&cat=p&typeid=i","cat":284265},{"id":178251,"n":"Brocoli Eco+ 400g","p":0.99,"u":"2,48 €/KG","img":"https://fd3-photos.leclercdrive.fr/image.ashx?id=2953398&use=l&cat=p&typeid=i","cat":284352},{"id":178253,"n":"Yaourt aux fruits Eco+ Panaché - 12x125g","p":2.47,"u":"1,65 €/KG","img":"https://fd3-photos.leclercdrive.fr/image.ashx?id=2849635&use=l&cat=p&typeid=i","cat":284410},{"id":178266,"n":"Gel Douche Lait Cottage Le Caramel - 250 ml","p":2.16,"u":"8,64 €/L","img":"https://fd3-photos.leclercdrive.fr/image.ashx?id=2314936&use=l&cat=p&typeid=i","cat":284594},{"id":178273,"n":"Bretzels et Sticks d'Epeautre Bio Naturaline - 290g","p":2.63,"u":"9,07 €/KG","img":"https://fd3-photos.leclercdrive.fr/image.ashx?id=2316682&use=l&cat=p&typeid=i","cat":297000},{"id":178343,"n":"Gaufres de liège chocolat Eco + 300g","p":1.37,"u":"4,57 €/KG","img":"https://fd3-photos.leclercdrive.fr/image.ashx?id=2315764&use=l&cat=p&typeid=i","cat":294777},{"id":178346,"n":"Thé glacé MayTea Saveur Framboise - 1,2L","p":2.16,"u":"1,80 €/L","img":"https://fd3-photos.leclercdrive.fr/image.ashx?id=2643863&use=l&cat=p&typeid=i","cat":295019},{"id":178350,"n":"Légumes pour pot-au-feu Notre Jardin - 1kg","p":2.9,"u":"2,90 €/KG","img":"https://fd3-photos.leclercdrive.fr/image.ashx?id=2900190&use=l&cat=p&typeid=i","cat":319823},{"id":178355,"n":"Hachis Parmentier Fleury Michon à l'Emmental - 300g","p":3.18,"u":"10,60 €/KG","img":"https://fd3-photos.leclercdrive.fr/image.ashx?id=3003248&use=l&cat=p&typeid=i","cat":333665},{"id":178357,"n":"Salade Piémontaise  L'Atelier Traiteur - 300g","p":2.81,"u":"9,37 €/KG","img":"https://fd3-photos.leclercdrive.fr/image.ashx?id=2345649&use=l&cat=p&typeid=i","cat":333657},{"id":178358,"n":"Gratin d'Endives au jambon sans nitrite Fleury michon - 280g","p":4.09,"u":"14,61 €/KG","img":"https://fd3-photos.leclercdrive.fr/image.ashx?id=3003254&use=l&cat=p&typeid=i","cat":333665},{"id":178359,"n":"Skyr 0%mg  Les 2 Vaches Vanille Bio - 480g","p":4.23,"u":"8,81 €/KG","img":"https://fd3-photos.leclercdrive.fr/image.ashx?id=2787296&use=l&cat=p&typeid=i","cat":315000},{"id":178370,"n":"Salade cervelas vinaigrette L'Atelier Traiteur VPF -  300g","p":3.39,"u":"11,30 €/KG","img":"https://fd3-photos.leclercdrive.fr/image.ashx?id=2946472&use=l&cat=p&typeid=i","cat":333657},{"id":178539,"n":"Gel Lavant Bébé Mots d'Enfants 2en1 Bio 750ml","p":3.95,"u":"5,27 €/L","img":"https://fd3-photos.leclercdrive.fr/image.ashx?id=3014305&use=l&cat=p&typeid=i","cat":284740},{"id":178553,"n":"Eau Cologne Eco + Lavande 1L","p":2.53,"u":"2,53 €/L","img":"https://fd3-photos.leclercdrive.fr/image.ashx?id=2690859&use=l&cat=p&typeid=i","cat":291525},{"id":178554,"n":"Eau de Cologne Eco + Fraîcheur 500ml","p":1.97,"u":"3,94 €/L","img":"https://fd3-photos.leclercdrive.fr/image.ashx?id=3001196&use=l&cat=p&typeid=i","cat":291525},{"id":178563,"n":"Lot de 2 Terrine Forestière 2x180g","p":4.47,"u":"12,42 €/KG","img":"https://fd3-photos.leclercdrive.fr/image.ashx?id=2318663&use=l&cat=p&typeid=i","cat":305149},{"id":178567,"n":"Shampoing Douche Eco + Marine 300ml","p":0.9,"u":"3,00 €/L","img":"https://fd3-photos.leclercdrive.fr/image.ashx?id=2779181&use=l&cat=p&typeid=i","cat":284594},{"id":178571,"n":"Désodorisant Eco + Marine 300ml","p":0.68,"u":"2,27 €/L","img":"https://fd3-photos.leclercdrive.fr/image.ashx?id=2843568&use=l&cat=p&typeid=i","cat":311626},{"id":178573,"n":"Crème Lavante Manava  Velours Amande 1L","p":2.55,"u":"2,55 €/L","img":"https://fd3-photos.leclercdrive.fr/image.ashx?id=2965536&use=l&cat=p&typeid=i","cat":284597},{"id":178618,"n":"Shampooing Le Petit Marseillais Reveil detox infusion - 2x250ml","p":3.92,"u":"7,84 €/L","img":"https://fd3-photos.leclercdrive.fr/image.ashx?id=2668521&use=l&cat=p&typeid=i","cat":284606},{"id":178620,"n":"Dentifrice L'Arbre Vert Bien-être - 75ml","p":2.77,"u":"36,93 €/L","img":"https://fd3-photos.leclercdrive.fr/image.ashx?id=2892808&use=l&cat=p&typeid=i","cat":284612},{"id":178622,"n":"Gel douche Naturé Moi relaxant Fleur de cerisier - 500ml","p":4.14,"u":"8,28 €/L","img":"https://fd3-photos.leclercdrive.fr/image.ashx?id=2849487&use=l&cat=p&typeid=i","cat":284594},{"id":178625,"n":"Recharge gel douche Sanex Zéro% Tous types de peaux - 500ml","p":3.17,"u":"6,34 €/L","img":"https://fd3-photos.leclercdrive.fr/image.ashx?id=2859986&use=l&cat=p&typeid=i","cat":284594},{"id":178641,"n":"Culotte Feel Natural Menstruelles noires T36/38 x3","p":10.42,"u":"3,47 €/P","img":"https://fd3-photos.leclercdrive.fr/image.ashx?id=2795231&use=l&cat=p&typeid=i","cat":291524},{"id":178729,"n":"Liniment Mots d'enfants Bio - 500g","p":4.05,"u":"8,10 €/L","img":"https://fd3-photos.leclercdrive.fr/image.ashx?id=2536742&use=l&cat=p&typeid=i","cat":284741},{"id":178791,"n":"Huile d'olive Terra Delyssa Bio - 75cl","p":10.05,"u":"13,40 €/L","img":"https://fd3-photos.leclercdrive.fr/image.ashx?id=2736847&use=l&cat=p&typeid=i","cat":284453},{"id":178792,"n":"Compote Charles & Alices  Pommes pêches  4+2 - 6x100g","p":2.24,"u":"3,73 €/KG","img":"https://fd3-photos.leclercdrive.fr/image.ashx?id=2628890&use=l&cat=p&typeid=i","cat":284508},{"id":178844,"n":"Tampon Tampax Compak Avec applicateur - Super - x24","p":3.02,"u":"0,13 €/P","img":"https://fd3-photos.leclercdrive.fr/image.ashx?id=2850246&use=l&cat=p&typeid=i","cat":284626},{"id":178845,"n":"Tampons Tampax Compak  Avec applicateur - Super+ - x22","p":3.02,"u":"0,14 €/P","img":"https://fd3-photos.leclercdrive.fr/image.ashx?id=2850405&use=l&cat=p&typeid=i","cat":284626},{"id":178862,"n":"Déodorant l'Arbre vert  Peaux sensibles - 50ml","p":2.87,"u":"57,40 €/L","img":"https://fd3-photos.leclercdrive.fr/image.ashx?id=2320737&use=l&cat=p&typeid=i","cat":284595},{"id":178868,"n":"Sels de bain Corine de Farme  Vanille - 1,3kg","p":3.38,"u":"2,60 €/KG","img":"https://fd3-photos.leclercdrive.fr/image.ashx?id=2359534&use=l&cat=p&typeid=i","cat":284594},{"id":178872,"n":"Spray hydratant FPS 50+ Lovea Monoï de Tahiti - 150ml","p":10.18,"u":"67,87 €/L","img":"https://fd3-photos.leclercdrive.fr/image.ashx?id=2666980&use=l&cat=p&typeid=i","cat":325355},{"id":178876,"n":"AOC Crémant d'Alsace rosé demi-sec Ice Bestheim - 75cl","p":8.57,"u":"11,43 €/L","img":"https://fd3-photos.leclercdrive.fr/image.ashx?id=2322076&use=l&cat=p&typeid=i","cat":289558},{"id":178878,"n":"AOC Crémant d'Alsace blanc demi-sec Ice Bestheim - 75cl","p":8.68,"u":"11,57 €/L","img":"https://fd3-photos.leclercdrive.fr/image.ashx?id=2322073&use=l&cat=p&typeid=i","cat":289557},{"id":178897,"n":"Bière rouge Kwak 8% - 75cl","p":4.6,"u":"6,13 €/L","img":"https://fd3-photos.leclercdrive.fr/image.ashx?id=2548318&use=l&cat=p&typeid=i","cat":334872},{"id":178898,"n":"Bière ambrée Ch'ti  6x25cl","p":4.87,"u":"3,25 €/L","img":"https://fd3-photos.leclercdrive.fr/image.ashx?id=2321292&use=l&cat=p&typeid=i","cat":334852},{"id":178899,"n":"Bière blonde Kwak 7,4% - 75cl","p":4.6,"u":"6,13 €/L","img":"https://fd3-photos.leclercdrive.fr/image.ashx?id=2548321&use=l&cat=p&typeid=i","cat":334872},{"id":178916,"n":"Sauce salade La Fraich'Touch Caesar - 350ml","p":3.95,"u":"11,29 €/L","img":"https://fd3-photos.leclercdrive.fr/image.ashx?id=2338246&use=l&cat=p&typeid=i","cat":284353},{"id":178917,"n":"Sauce salade La Fraich'Touch Crudités Bio - 350ml","p":2.57,"u":"7,34 €/L","img":"https://fd3-photos.leclercdrive.fr/image.ashx?id=2337693&use=l&cat=p&typeid=i","cat":284353},{"id":178948,"n":"Gâteau Savane Brossard Tout chocolat pocket x7 210g","p":2.47,"u":"11,76 €/KG","img":"https://fd3-photos.leclercdrive.fr/image.ashx?id=2870728&use=l&cat=p&typeid=i","cat":294776},{"id":178949,"n":"Gâteau Savane Brossard Max Barr' Pocket x7 - 210g","p":2.32,"u":"11,05 €/KG","img":"https://fd3-photos.leclercdrive.fr/image.ashx?id=2870731&use=l&cat=p&typeid=i","cat":294776},{"id":178951,"n":"Sacs poubelle Handy Bag   Ultra résistant 50L - x10","p":2.93,"u":"0,29 €/P","img":"https://fd3-photos.leclercdrive.fr/image.ashx?id=2918970&use=l&cat=p&typeid=i","cat":285168},{"id":178954,"n":"Mouchoirs Family Kleenex® Boîte x128","p":1.77,"u":"0,01 €/P","img":"https://fd3-photos.leclercdrive.fr/image.ashx?id=3009017&use=l&cat=p&typeid=i","cat":284638},{"id":178976,"n":"Beurre moulé Grand Fermage Sel de mer - 80% MG - 125g","p":1.75,"u":"14,00 €/KG","img":"https://fd3-photos.leclercdrive.fr/image.ashx?id=2985330&use=l&cat=p&typeid=i","cat":284379},{"id":178977,"n":"Bûche de Chèvre Soignon  120g","p":2.22,"u":"18,50 €/KG","img":"https://fd3-photos.leclercdrive.fr/image.ashx?id=2676717&use=l&cat=p&typeid=i","cat":314031},{"id":178981,"n":"Crème adhésive Fixodent Plus Barrière anti-particules - 40g","p":4.19,"u":"104,75 €/KG","img":"https://fd3-photos.leclercdrive.fr/image.ashx?id=2737513&use=l&cat=p&typeid=i","cat":285158},{"id":179001,"n":"Préservatifs Durex Nude Sans  Latex Sensation Peau à Peau x20","p":15.33,"u":"0,77 €/P","img":"https://fd3-photos.leclercdrive.fr/image.ashx?id=2730448&use=l&cat=p&typeid=i","cat":284631},{"id":179002,"n":"Préservatifs Durex Confort Essential Confiance x24","p":9.06,"u":"0,38 €/P","img":"https://fd3-photos.leclercdrive.fr/image.ashx?id=2962029&use=l&cat=p&typeid=i","cat":284631},{"id":179025,"n":"Sacs poubelle 30L Handy Bag Ultra résistant - x20","p":2.73,"u":"0,14 €/P","img":"https://fd3-photos.leclercdrive.fr/image.ashx?id=2603800&use=l&cat=p&typeid=i","cat":285168},{"id":179026,"n":"Sacs poubelle 50L Handy Bag Ultra résistant - x10","p":2.1,"u":"0,21 €/P","img":"https://fd3-photos.leclercdrive.fr/image.ashx?id=2906730&use=l&cat=p&typeid=i","cat":285168},{"id":179027,"n":"Sacs poubelle 30L Handy Bag Ultra résistant - x15","p":2.87,"u":"0,19 €/P","img":"https://fd3-photos.leclercdrive.fr/image.ashx?id=2992278&use=l&cat=p&typeid=i","cat":285168},{"id":179028,"n":"Gel douche Sanex zéro 0% Peaux normales - 725ml","p":4.61,"u":"6,36 €/L","img":"https://fd3-photos.leclercdrive.fr/image.ashx?id=2685540&use=l&cat=p&typeid=i","cat":284594},{"id":179029,"n":"Sacs poubelle 30L Handy Bag Dévor odeur Ultra Résistant-x12","p":4.11,"img":"https://fd3-photos.leclercdrive.fr/image.ashx?id=2906724&use=l&cat=p&typeid=i","cat":285168},{"id":179030,"n":"Sacs poubelle 30L Handy Bag Ultra résistant - x15","p":3.23,"u":"0,22 €/P","img":"https://fd3-photos.leclercdrive.fr/image.ashx?id=2633145&use=l&cat=p&typeid=i","cat":285168},{"id":179031,"n":"Gel douche Sanex zéro 0% Peaux normales - 475ml","p":3.17,"u":"6,67 €/L","img":"https://fd3-photos.leclercdrive.fr/image.ashx?id=2648851&use=l&cat=p&typeid=i","cat":284594},{"id":179034,"n":"Sacs poubelle 5L Handy Bag Salle de bain - à liens - x35","p":1.69,"img":"https://fd3-photos.leclercdrive.fr/image.ashx?id=2906733&use=l&cat=p&typeid=i","cat":285168},{"id":179039,"n":"Film fraîcheur Albal 30m","p":2.37,"img":"https://fd3-photos.leclercdrive.fr/image.ashx?id=2929056&use=l&cat=p&typeid=i","cat":334134},{"id":179041,"n":"Ultra ZIP moyen modèle Albal  15 sacs","p":3.24,"img":"https://fd3-photos.leclercdrive.fr/image.ashx?id=2929068&use=l&cat=p&typeid=i","cat":334134},{"id":179049,"n":"Complément alimentaire Zohi Sommeil 30 jours - 180g","p":12.53,"u":"69,61 €/KG","img":"https://fd3-photos.leclercdrive.fr/image.ashx?id=2985366&use=l&cat=p&typeid=i","cat":313217},{"id":179056,"n":"Dentifrice Signal Integral 8  Fraîcheur et détox -75ml","p":2.06,"u":"27,47 €/L","img":"https://fd3-photos.leclercdrive.fr/image.ashx?id=2960228&use=l&cat=p&typeid=i","cat":284612},{"id":179058,"n":"Complément alimentaire Zohi Cheveux 30 jours - 180g","p":12.53,"u":"69,61 €/KG","img":"https://fd3-photos.leclercdrive.fr/image.ashx?id=2657541&use=l&cat=p&typeid=i","cat":313217},{"id":179064,"n":"Crème adhésive Fixodent  extra forte - 47g","p":4.47,"u":"95,11 €/KG","img":"https://fd3-photos.leclercdrive.fr/image.ashx?id=2741554&use=l&cat=p&typeid=i","cat":285158},{"id":179074,"n":"L'esprit Spritz Arthur Metz - 75cl","p":7.93,"u":"10,57 €/L","img":"https://fd3-photos.leclercdrive.fr/image.ashx?id=2770726&use=l&cat=p&typeid=i","cat":284913},{"id":179075,"n":"Smoothie Yellow True Fruits 75cl","p":4.95,"u":"6,60 €/L","img":"https://fd3-photos.leclercdrive.fr/image.ashx?id=2871082&use=l&cat=p&typeid=i","cat":285435},{"id":179081,"n":"Le Maïs Bonduelle 3x285g","p":2.87,"u":"3,36 €/KG","img":"https://fd3-photos.leclercdrive.fr/image.ashx?id=2746202&use=l&cat=p&typeid=i","cat":312611},{"id":179088,"n":"Liquide Vaisselle Paic Citron Vert - 750ml","p":2.06,"u":"2,75 €/L","img":"https://fd3-photos.leclercdrive.fr/image.ashx?id=2322838&use=l&cat=p&typeid=i","cat":284655},{"id":179121,"n":"Yaourt brassé Savoie Yaourt Nature - 6x125g","p":2.23,"u":"2,97 €/KG","img":"https://fd3-photos.leclercdrive.fr/image.ashx?id=2504740&use=l&cat=p&typeid=i","cat":284409},{"id":179194,"n":"Gâteau Ciambella Citron - 400g","p":2.75,"u":"6,88 €/KG","img":"https://fd3-photos.leclercdrive.fr/image.ashx?id=2324330&use=l&cat=p&typeid=i","cat":293600},{"id":179196,"n":"Gâteau Ciambella Bicolore - 400g","p":2.75,"u":"6,88 €/KG","img":"https://fd3-photos.leclercdrive.fr/image.ashx?id=2324327&use=l&cat=p&typeid=i","cat":293600},{"id":179197,"n":"Gâteau Ciambella Yaourt - 400g","p":2.75,"u":"6,88 €/KG","img":"https://fd3-photos.leclercdrive.fr/image.ashx?id=2323913&use=l&cat=p&typeid=i","cat":293600},{"id":179256,"n":"Jus Ocean Spray Classic  Cranberry - 1L","p":1.95,"u":"1,95 €/L","img":"https://fd3-photos.leclercdrive.fr/image.ashx?id=2324021&use=l&cat=p&typeid=i","cat":284915},{"id":179263,"n":"Sérum de nuit L'Oréal Paris Age Perfect anti-âge - 30ml","p":11.97,"pp":7.9,"u":"263,33 €/L","img":"https://fd3-photos.leclercdrive.fr/image.ashx?id=2867536&use=l&cat=p&typeid=i","cat":325345},{"id":179264,"n":"Sérum repulpant L'Oréal Paris Revitalift anti-rides - 20ml","p":14.96,"u":"748,00 €/L","img":"https://fd3-photos.leclercdrive.fr/image.ashx?id=2867539&use=l&cat=p&typeid=i","cat":325345},{"id":179265,"n":"Crème de Jour L'Oréal Paris Age Perfect SPF30 - 50ml","p":14.5,"u":"290,00 €/L","img":"https://fd3-photos.leclercdrive.fr/image.ashx?id=2887968&use=l&cat=p&typeid=i","cat":325345},{"id":179297,"n":"Crème adhésive Fixodent extra forte Fixatifs neutral -47g","p":4.15,"u":"88,30 €/KG","img":"https://fd3-photos.leclercdrive.fr/image.ashx?id=2872201&use=l&cat=p&typeid=i","cat":285158},{"id":179299,"n":"Lait bébé Candia Baby  croissance 3ème âge - 6x1L","p":11.77,"u":"1,96 €/L","img":"https://fd3-photos.leclercdrive.fr/image.ashx?id=2963349&use=l&cat=p&typeid=i","cat":284728},{"id":179300,"n":"Lait bébé Candia Baby 4ème âge - 6x1L","p":11.38,"u":"1,90 €/L","img":"https://fd3-photos.leclercdrive.fr/image.ashx?id=2963358&use=l&cat=p&typeid=i","cat":284728},{"id":179301,"n":"Eau Micellaire Garnier Peaux Sèches, Sensibles - 400ml","p":2.86,"u":"7,15 €/L","img":"https://fd3-photos.leclercdrive.fr/image.ashx?id=2323637&use=l&cat=p&typeid=i","cat":284603},{"id":179326,"n":"Gel douche Sanex Zéro 0% Peaux sèches - 475ml","p":3.17,"u":"6,67 €/L","img":"https://fd3-photos.leclercdrive.fr/image.ashx?id=2692857&use=l&cat=p&typeid=i","cat":284594},{"id":179339,"n":"Dettol Spray Hydroalcoolique  désinfectant Mains+Surface 90ml","p":2.96,"u":"32,89 €/L","img":"https://fd3-photos.leclercdrive.fr/image.ashx?id=2543034&use=l&cat=p&typeid=i","cat":null},{"id":179352,"n":"Eco recharge gel douche Sanex 0% Peaux sèches - 500ml","p":3.05,"u":"6,10 €/L","img":"https://fd3-photos.leclercdrive.fr/image.ashx?id=2866199&use=l&cat=p&typeid=i","cat":284594},{"id":179355,"n":"Eco recharge gel douche Sanex Zéro 0% famille hydratant - 1L","p":7.67,"u":"7,67 €/L","img":"https://fd3-photos.leclercdrive.fr/image.ashx?id=2676927&use=l&cat=p&typeid=i","cat":284594},{"id":179356,"n":"Gel douche Sanex Zéro 0% Peaux sèches - 725ml","p":4.15,"u":"5,72 €/L","img":"https://fd3-photos.leclercdrive.fr/image.ashx?id=2738392&use=l&cat=p&typeid=i","cat":284594},{"id":179379,"n":"Capsules de café Arabica x40 - 280g","p":4.81,"u":"23,13 €/KG","img":"https://fd3-photos.leclercdrive.fr/image.ashx?id=2873652&use=l&cat=p&typeid=i","cat":284749},{"id":179382,"n":"Crème nutritive SO'BiO étic bio Argan Peaux matures - 50ml","p":12.81,"u":"256,20 €/L","img":"https://fd3-photos.leclercdrive.fr/image.ashx?id=2775628&use=l&cat=p&typeid=i","cat":325345},{"id":179384,"n":"Pâte à tartiner Eco+ 750g - aux noissettes","p":2.47,"u":"3,29 €/KG","img":"https://fd3-photos.leclercdrive.fr/image.ashx?id=2841148&use=l&cat=p&typeid=i","cat":284481},{"id":179397,"n":"Dentifrice Colgate Soin complet - 75ml","p":1.99,"u":"26,53 €/L","img":"https://fd3-photos.leclercdrive.fr/image.ashx?id=2625269&use=l&cat=p&typeid=i","cat":284612},{"id":179398,"n":"Dentifrice Colgate Total  Blancheur naturelle - 75ml","p":2.23,"u":"29,73 €/L","img":"https://fd3-photos.leclercdrive.fr/image.ashx?id=2745424&use=l&cat=p&typeid=i","cat":284612},{"id":179409,"n":"Sacs poubelle 20/30L Handy Bag Poubelle haute - x15","p":3.7,"u":"0,25 €/P","img":"https://fd3-photos.leclercdrive.fr/image.ashx?id=2617066&use=l&cat=p&typeid=i","cat":285168},{"id":179413,"n":"Piles Alcalines Energizer Max 9V - pack de 2","p":8.87,"img":"https://fd3-photos.leclercdrive.fr/image.ashx?id=2850713&use=l&cat=p&typeid=i","cat":300572},{"id":179415,"n":"Pile Alcalines Energizer Max Plus AA/LR6 - x4","p":6.49,"img":"https://fd3-photos.leclercdrive.fr/image.ashx?id=2393365&use=l&cat=p&typeid=i","cat":300572},{"id":179416,"n":"Pile Alcalines Energizer Max Plus AAA/LR03 - x4","p":6.49,"img":"https://fd3-photos.leclercdrive.fr/image.ashx?id=2393368&use=l&cat=p&typeid=i","cat":300572},{"id":179417,"n":"Pile Alcalines Energizer  Max AA/LR6 - x6","p":7.25,"img":"https://fd3-photos.leclercdrive.fr/image.ashx?id=2737198&use=l&cat=p&typeid=i","cat":300572},{"id":179418,"n":"Pile Alcalines Energizer Max AAA/LR03 - x6","p":7.25,"img":"https://fd3-photos.leclercdrive.fr/image.ashx?id=2850722&use=l&cat=p&typeid=i","cat":300572},{"id":179432,"n":"Brioches Pitch Fraise x8 - 300g","p":1.85,"u":"6,17 €/KG","img":"https://fd3-photos.leclercdrive.fr/image.ashx?id=2452116&use=l&cat=p&typeid=i","cat":293505},{"id":179435,"n":"Brioche Pitch Chocolat x12 - 450g","p":3.44,"u":"7,64 €/KG","img":"https://fd3-photos.leclercdrive.fr/image.ashx?id=2452110&use=l&cat=p&typeid=i","cat":293505},{"id":179437,"n":"Brioches Pitch Pépites chocolat x8 - 300g","p":2.15,"u":"7,17 €/KG","img":"https://fd3-photos.leclercdrive.fr/image.ashx?id=2452107&use=l&cat=p&typeid=i","cat":293505},{"id":179438,"n":"Brioche Pitch Pépites de chocolat x12 - 450g","p":3.55,"u":"7,89 €/KG","img":"https://fd3-photos.leclercdrive.fr/image.ashx?id=2452104&use=l&cat=p&typeid=i","cat":293505},{"id":179439,"n":"Brioches Pitch Choco barre noir x8-  300g","p":3.2,"u":"10,67 €/KG","img":"https://fd3-photos.leclercdrive.fr/image.ashx?id=2452101&use=l&cat=p&typeid=i","cat":293505},{"id":179443,"n":"Brioches Pitch Crousti x8 - 300g","p":2.78,"u":"9,27 €/KG","img":"https://fd3-photos.leclercdrive.fr/image.ashx?id=2454109&use=l&cat=p&typeid=i","cat":293505},{"id":179487,"n":"Gel douche Sanex Zéro 0% Peaux sèches - 2x475ml","p":5.59,"u":"5,88 €/L","img":"https://fd3-photos.leclercdrive.fr/image.ashx?id=2676921&use=l&cat=p&typeid=i","cat":284594},{"id":179488,"n":"Gel douche Sanex Zéro 0% Peaux normales - 2x475ml","p":5.61,"u":"5,91 €/L","img":"https://fd3-photos.leclercdrive.fr/image.ashx?id=2676924&use=l&cat=p&typeid=i","cat":284594},{"id":179533,"n":"Soda Fanta citron  bouteille - 1.25L","p":1.68,"u":"1,34 €/L","img":"https://fd3-photos.leclercdrive.fr/image.ashx?id=2659394&use=l&cat=p&typeid=i","cat":284532},{"id":179558,"n":"Coloration Olia Blond clair  radieux - x2","p":25.54,"u":"12,77 €/P","img":"https://fd3-photos.leclercdrive.fr/image.ashx?id=2520437&use=l&cat=p&typeid=i","cat":288899},{"id":179603,"n":"Bonbons Tic Tac  49g - Framboise myrtille","p":1.59,"u":"32,45 €/KG","img":"https://fd3-photos.leclercdrive.fr/image.ashx?id=2479492&use=l&cat=p&typeid=i","cat":304256},{"id":179645,"n":"Limonade double zest Lorina Bouteille - 1,25L","p":1.29,"u":"1,03 €/L","img":"https://fd3-photos.leclercdrive.fr/image.ashx?id=2723836&use=l&cat=p&typeid=i","cat":284531},{"id":179657,"n":"Capsules Café Carte Noire  Arabica Intense n°9 x10 - 55g","p":3.37,"u":"61,27 €/KG","img":"https://fd3-photos.leclercdrive.fr/image.ashx?id=2872961&use=l&cat=p&typeid=i","cat":284749},{"id":179658,"n":"Capsules Café Carte Noire  Arabica Classique n°7 x10 - 55g","p":3.46,"u":"62,91 €/KG","img":"https://fd3-photos.leclercdrive.fr/image.ashx?id=2878387&use=l&cat=p&typeid=i","cat":284749},{"id":179661,"n":"Capsules Café Carte Noire  Arabica Lungo n°6 x10 - 56g","p":3.48,"u":"62,14 €/KG","img":"https://fd3-photos.leclercdrive.fr/image.ashx?id=2872967&use=l&cat=p&typeid=i","cat":284749},{"id":179673,"n":"Blocs WC Ball Syphon Tropical - x2","p":2.32,"u":"1,16 €/P","img":"https://fd3-photos.leclercdrive.fr/image.ashx?id=2925723&use=l&cat=p&typeid=i","cat":284662},{"id":179789,"n":"Plaisir Caramel et Beurre salé Recette Lenôtre - 410g","p":7.51,"u":"18,32 €/KG","img":"https://fd3-photos.leclercdrive.fr/image.ashx?id=2807753&use=l&cat=p&typeid=i","cat":284267},{"id":179833,"n":"Bâtonnets Manger Main Bio Yooji Maïs et semoule - 225g","p":3.09,"u":"13,73 €/KG","img":"https://fd3-photos.leclercdrive.fr/image.ashx?id=2529033&use=l&cat=p&typeid=i","cat":290631},{"id":179852,"n":"Super smoothie Innocent defense - 750ml","p":3.58,"u":"4,77 €/L","img":"https://fd3-photos.leclercdrive.fr/image.ashx?id=2329136&use=l&cat=p&typeid=i","cat":285435},{"id":179858,"n":"Mini bâtonnets Trium  Rocher Coco x4 - 202g","p":3.22,"u":"15,94 €/KG","img":"https://fd3-photos.leclercdrive.fr/image.ashx?id=2911708&use=l&cat=p&typeid=i","cat":284265},{"id":179859,"n":"Mini bâtonnets Trium  Rocher Chocolat x4 - 204g","p":3.05,"u":"14,95 €/KG","img":"https://fd3-photos.leclercdrive.fr/image.ashx?id=2911711&use=l&cat=p&typeid=i","cat":284265},{"id":179881,"n":"Crème glacée Ben & Jerry's Cookie Vermont-Ster - 324g","p":5.43,"u":"16,76 €/KG","img":"https://fd3-photos.leclercdrive.fr/image.ashx?id=2793044&use=l&cat=p&typeid=i","cat":284725},{"id":179892,"n":"Glace à l'eau Max Buzz l'éclair citron ananas fruits x6 -342g","p":2.73,"u":"7,98 €/KG","img":"https://fd3-photos.leclercdrive.fr/image.ashx?id=2651257&use=l&cat=p&typeid=i","cat":285250},{"id":179896,"n":"Cône Max Elsa vanille  Reine des neiges x4 - 152g","p":3.9,"u":"25,66 €/KG","img":"https://fd3-photos.leclercdrive.fr/image.ashx?id=2651263&use=l&cat=p&typeid=i","cat":285250},{"id":179934,"n":"Chips bio Jardin Bio Nature - 125g","p":2.84,"u":"22,72 €/KG","img":"https://fd3-photos.leclercdrive.fr/image.ashx?id=2792642&use=l&cat=p&typeid=i","cat":284447},{"id":179939,"n":"Bâtonnets Trium vanille choco blanc fruits rouges x4 - 274g","p":2.69,"u":"9,82 €/KG","img":"https://fd3-photos.leclercdrive.fr/image.ashx?id=2758312&use=l&cat=p&typeid=i","cat":284265},{"id":179940,"n":"Crousti apéro bio Jardin Bio Cacahuètes - 85g","p":2.05,"u":"24,12 €/KG","img":"https://fd3-photos.leclercdrive.fr/image.ashx?id=2329239&use=l&cat=p&typeid=i","cat":284449},{"id":179946,"n":"Croques bistrot Coté table  jambon emmental - 2x150g","p":2.99,"u":"9,97 €/KG","img":"https://fd3-photos.leclercdrive.fr/image.ashx?id=2819953&use=l&cat=p&typeid=i","cat":333671},{"id":179951,"n":"Ravioles Bio Village bio - 240g","p":2.89,"u":"12,04 €/KG","img":"https://fd3-photos.leclercdrive.fr/image.ashx?id=2346101&use=l&cat=p&typeid=i","cat":333682},{"id":179967,"n":"Beurre de cacahuete Jardin Bio Bio - Creamy - 500g","p":5.98,"u":"11,96 €/KG","img":"https://fd3-photos.leclercdrive.fr/image.ashx?id=2926503&use=l&cat=p&typeid=i","cat":284481},{"id":179972,"n":"Thé noir bio Jardin Bio Etic délicieuse vanille x20 - 28g","p":2.06,"u":"73,57 €/KG","img":"https://fd3-photos.leclercdrive.fr/image.ashx?id=2347924&use=l&cat=p&typeid=i","cat":293233},{"id":179973,"n":"Rosso  14,4% - 1L","p":3.47,"u":"3,47 €/L","img":"https://fd3-photos.leclercdrive.fr/image.ashx?id=2800228&use=l&cat=p&typeid=i","cat":284913},{"id":179974,"n":"Bianco 14,4% - 1L","p":3.5,"u":"3,50 €/L","img":"https://fd3-photos.leclercdrive.fr/image.ashx?id=2800231&use=l&cat=p&typeid=i","cat":284913},{"id":179976,"n":"Chocolat noir Lindt Excellence 28 bouchées - 154g","p":5.01,"u":"32,53 €/KG","img":"https://fd3-photos.leclercdrive.fr/image.ashx?id=2425592&use=l&cat=p&typeid=i","cat":284499},{"id":179978,"n":"Captain Morgan rhum blanc 37,5° - 70cl","p":17.78,"u":"25,40 €/L","img":"https://fd3-photos.leclercdrive.fr/image.ashx?id=2578322&use=l&cat=p&typeid=i","cat":284550},{"id":179979,"n":"AOC Crémant d'Alsace brut 75cl","p":5.35,"u":"7,13 €/L","img":"https://fd3-photos.leclercdrive.fr/image.ashx?id=2888932&use=l&cat=p&typeid=i","cat":284545},{"id":179985,"n":"Bière ambrée Ch'ti   6,2°  -75cl","p":3.33,"u":"4,44 €/L","img":"https://fd3-photos.leclercdrive.fr/image.ashx?id=2329473&use=l&cat=p&typeid=i","cat":334852},{"id":180024,"n":"Tablette de chocolat noir Lindt Noisette caramel - 100g","p":2.36,"u":"23,60 €/KG","img":"https://fd3-photos.leclercdrive.fr/image.ashx?id=2881296&use=l&cat=p&typeid=i","cat":284956},{"id":180041,"n":"Chips Tuiles Pringles Paprika - 175g","p":1.73,"u":"9,89 €/KG","img":"https://fd3-photos.leclercdrive.fr/image.ashx?id=2902301&use=l&cat=p&typeid=i","cat":287899},{"id":180044,"n":"Filtres à café brun Melitta FSC 1x4 - 80 filtres","p":1.93,"u":"13,13 €/KG","img":"https://fd3-photos.leclercdrive.fr/image.ashx?id=2908276&use=l&cat=p&typeid=i","cat":284751},{"id":180056,"n":"Vinaigre balsamique Ponti de Modène IGP - 500 ml","p":2.77,"u":"5,54 €/L","img":"https://fd3-photos.leclercdrive.fr/image.ashx?id=2330191&use=l&cat=p&typeid=i","cat":298543},{"id":180061,"n":"Thé vert bio Bio village  36g","p":1.33,"u":"36,94 €/KG","img":"https://fd3-photos.leclercdrive.fr/image.ashx?id=2897910&use=l&cat=p&typeid=i","cat":293233},{"id":180065,"n":"Rillettes de thon Petit Navire 125g","p":1.97,"u":"15,76 €/KG","img":"https://fd3-photos.leclercdrive.fr/image.ashx?id=2533388&use=l&cat=p&typeid=i","cat":303867},{"id":180069,"n":"Rillettes au saumon  Petit Navire - 125g","p":1.64,"u":"13,12 €/KG","img":"https://fd3-photos.leclercdrive.fr/image.ashx?id=2533391&use=l&cat=p&typeid=i","cat":305147},{"id":180074,"n":"Fond de veau Maggi - 240g","p":3.44,"u":"14,33 €/KG","img":"https://fd3-photos.leclercdrive.fr/image.ashx?id=2918047&use=l&cat=p&typeid=i","cat":288379},{"id":180079,"n":"Biscuits chocolats Kinder Duo Chocolat blanc et lait - 150g","p":2.06,"u":"13,73 €/KG","img":"https://fd3-photos.leclercdrive.fr/image.ashx?id=2959127&use=l&cat=p&typeid=i","cat":284488},{"id":180081,"n":"Moulin 3 poivres Sainte Lucie - 44g","p":3.51,"u":"79,77 €/KG","img":"https://fd3-photos.leclercdrive.fr/image.ashx?id=2774457&use=l&cat=p&typeid=i","cat":284457},{"id":180083,"n":"Pastis Eco+ 40% - 1L","p":15.08,"u":"15,08 €/L","img":"https://fd3-photos.leclercdrive.fr/image.ashx?id=2637823&use=l&cat=p&typeid=i","cat":284548},{"id":180090,"n":"Baies de Genièvre Sainte Lucie - 30g","p":2.28,"u":"76,00 €/KG","img":"https://fd3-photos.leclercdrive.fr/image.ashx?id=2776130&use=l&cat=p&typeid=i","cat":298297},{"id":180110,"n":"Chocolat noir Lindt Excellence Fleur de sel et Lait x28 - 154g","p":5.22,"u":"33,90 €/KG","img":"https://fd3-photos.leclercdrive.fr/image.ashx?id=2329765&use=l&cat=p&typeid=i","cat":284499},{"id":180118,"n":"Mais d'aucy  Bio - 2x140g","p":2.05,"u":"7,32 €/KG","img":"https://fd3-photos.leclercdrive.fr/image.ashx?id=2651825&use=l&cat=p&typeid=i","cat":312611},{"id":180120,"n":"Shirataki de Konjac  Gayelord Hauser - 160g","p":1.87,"u":"11,69 €/KG","img":"https://fd3-photos.leclercdrive.fr/image.ashx?id=2941574&use=l&cat=p&typeid=i","cat":318652},{"id":180121,"n":"Riz curry et poulet individuel William Saurin - 300g","p":2.67,"u":"8,90 €/KG","img":"https://fd3-photos.leclercdrive.fr/image.ashx?id=2335184&use=l&cat=p&typeid=i","cat":284953},{"id":180122,"n":"Rhum Old Nick  Ambre des Iles - 40D - 70cl","p":14.17,"u":"20,24 €/L","img":"https://fd3-photos.leclercdrive.fr/image.ashx?id=2585447&use=l&cat=p&typeid=i","cat":284550},{"id":180128,"n":"Infusion à froid Tisea  Fruits rouges - 33g","p":1.89,"u":"57,27 €/KG","img":"https://fd3-photos.leclercdrive.fr/image.ashx?id=2897838&use=l&cat=p&typeid=i","cat":293234},{"id":180134,"n":"Armagnac saint Vivant 40° - 20cl","p":5.09,"u":"25,45 €/L","img":"https://fd3-photos.leclercdrive.fr/image.ashx?id=2555316&use=l&cat=p&typeid=i","cat":286032},{"id":180135,"n":"Vin de France Cambras Merlot  Cabernet Sauvignon Rosé 5L","p":12.31,"u":"246,20 €/L","img":"https://fd3-photos.leclercdrive.fr/image.ashx?id=2702810&use=l&cat=p&typeid=i","cat":289558},{"id":180150,"n":"Crème de coco - brique de 400ml","p":2.7,"u":"6,75 €/L","img":"https://fd3-photos.leclercdrive.fr/image.ashx?id=2906901&use=l&cat=p&typeid=i","cat":288992},{"id":180154,"n":"Chewing-gum Freedent Myrtille sans sucres 5x10 dragées -70g","p":2.27,"u":"32,43 €/KG","img":"https://fd3-photos.leclercdrive.fr/image.ashx?id=2330356&use=l&cat=p&typeid=i","cat":304251},{"id":180155,"n":"Chewing-gum Freedent White Fraise 5x10 dragées - 70g","p":2.83,"u":"40,43 €/KG","img":"https://fd3-photos.leclercdrive.fr/image.ashx?id=2330359&use=l&cat=p&typeid=i","cat":304251},{"id":180157,"n":"Gelée de Groseilles Bonne Maman - 370g","p":2.04,"u":"5,51 €/KG","img":"https://fd3-photos.leclercdrive.fr/image.ashx?id=2482975&use=l&cat=p&typeid=i","cat":284480},{"id":180175,"n":"Friandises chien Pedigree Rodeo poulet bacon x7 - 123g","p":1.89,"u":"15,37 €/KG","img":"https://fd3-photos.leclercdrive.fr/image.ashx?id=2937941&use=l&cat=p&typeid=i","cat":294527},{"id":180178,"n":"Quenelles de brochet  Petit Jean - 400g","p":2.18,"u":"5,45 €/KG","img":"https://fd3-photos.leclercdrive.fr/image.ashx?id=2677228&use=l&cat=p&typeid=i","cat":284441},{"id":180179,"n":"Sauce tomate aux champignons  Panzani Bolets et cèpes - 210g","p":1.65,"u":"7,86 €/KG","img":"https://fd3-photos.leclercdrive.fr/image.ashx?id=2880676&use=l&cat=p&typeid=i","cat":299047},{"id":180180,"n":"Ramen Tanoshi saveur boeuf nouilles japonaises - 360g","p":2.9,"u":"8,06 €/KG","img":"https://fd3-photos.leclercdrive.fr/image.ashx?id=2922974&use=l&cat=p&typeid=i","cat":288992},{"id":180181,"n":"Sardines à l'huile d'olive Connétable - 135g","p":2.97,"u":"22,00 €/KG","img":"https://fd3-photos.leclercdrive.fr/image.ashx?id=2762115&use=l&cat=p&typeid=i","cat":305146},{"id":180187,"n":"Sauce Pesto Tomates Basilic Panzani - 200G","p":1.96,"u":"9,80 €/KG","img":"https://fd3-photos.leclercdrive.fr/image.ashx?id=2977930&use=l&cat=p&typeid=i","cat":287599},{"id":180188,"n":"Sauce Charal Parmesan - 3x40g","p":3.03,"u":"25,25 €/KG","img":"https://fd3-photos.leclercdrive.fr/image.ashx?id=2330625&use=l&cat=p&typeid=i","cat":284382},{"id":180192,"n":"Sucre en grains Béghin Say doypack - 350g","p":2.67,"u":"7,63 €/KG","img":"https://fd3-photos.leclercdrive.fr/image.ashx?id=2866358&use=l&cat=p&typeid=i","cat":284502},{"id":180194,"n":"Tartinades de thon Petit Navire Tomates séchées thym - 125G","p":2.44,"u":"19,52 €/KG","img":"https://fd3-photos.leclercdrive.fr/image.ashx?id=2522566&use=l&cat=p&typeid=i","cat":303867},{"id":180196,"n":"Brioches Pitch  Pomme poire - x8 - 300g","p":2.69,"u":"8,97 €/KG","img":"https://fd3-photos.leclercdrive.fr/image.ashx?id=2454100&use=l&cat=p&typeid=i","cat":293505},{"id":180197,"n":"Langue Pik Haribo Sachet bonbons acidulés - 180g","p":1.6,"u":"8,89 €/KG","img":"https://fd3-photos.leclercdrive.fr/image.ashx?id=2984949&use=l&cat=p&typeid=i","cat":304250},{"id":180202,"n":"Purée de tomate Panzani Tomacouli ail & herbes - 500g","p":1.47,"u":"2,94 €/KG","img":"https://fd3-photos.leclercdrive.fr/image.ashx?id=2890610&use=l&cat=p&typeid=i","cat":288384},{"id":180204,"n":"Nouilles instantanées Tanoshi Blé bœuf - sachet 85g","p":0.6,"u":"7,06 €/KG","img":"https://fd3-photos.leclercdrive.fr/image.ashx?id=2955791&use=l&cat=p&typeid=i","cat":288992},{"id":180205,"n":"Bonbons Werther's Original  coeur caramel - 160g","p":1.81,"u":"11,31 €/KG","img":"https://fd3-photos.leclercdrive.fr/image.ashx?id=2660173&use=l&cat=p&typeid=i","cat":304252},{"id":180208,"n":"Quinoa bio Happy Bio - 500g","p":4.82,"u":"9,64 €/KG","img":"https://fd3-photos.leclercdrive.fr/image.ashx?id=2685018&use=l&cat=p&typeid=i","cat":284429},{"id":180220,"n":"Thon entier Saupiquet nature  MSC - 2x112g","p":3.64,"u":"1,63 €/L","img":"https://fd3-photos.leclercdrive.fr/image.ashx?id=2860877&use=l&cat=p&typeid=i","cat":303867},{"id":180221,"n":"Tortilla Pops Na! Finement salé - 80g","p":2.0,"u":"25,00 €/KG","img":"https://fd3-photos.leclercdrive.fr/image.ashx?id=2647844&use=l&cat=p&typeid=i","cat":287899},{"id":180225,"n":"Rice Crackers N.A Fromage - 85g","p":1.92,"u":"22,59 €/KG","img":"https://fd3-photos.leclercdrive.fr/image.ashx?id=2354923&use=l&cat=p&typeid=i","cat":297000},{"id":180229,"n":"Miettes de crabe Eco+ - 121g","p":1.63,"u":"13,47 €/KG","img":"https://fd3-photos.leclercdrive.fr/image.ashx?id=2690910&use=l&cat=p&typeid=i","cat":305147},{"id":180233,"n":"Crème de marrons vanille  Douceur du Verger - 500g","p":2.12,"u":"4,24 €/KG","img":"https://fd3-photos.leclercdrive.fr/image.ashx?id=2691471&use=l&cat=p&typeid=i","cat":284506},{"id":180240,"n":"Sucre roux de canne  Blonvilliers - 750g","p":2.83,"u":"3,77 €/KG","img":"https://fd3-photos.leclercdrive.fr/image.ashx?id=2460092&use=l&cat=p&typeid=i","cat":284502},{"id":180247,"n":"Double concentré de tomates  Eco+ - 440g","p":1.31,"u":"2,98 €/KG","img":"https://fd3-photos.leclercdrive.fr/image.ashx?id=2669648&use=l&cat=p&typeid=i","cat":288384},{"id":180248,"n":"Mini baguettes viennoises La Boulangère x6 - 330g","p":2.17,"u":"6,58 €/KG","img":"https://fd3-photos.leclercdrive.fr/image.ashx?id=2912422&use=l&cat=p&typeid=i","cat":284478},{"id":180274,"n":"Chips Vico Poulet rôti - 125g","p":1.23,"u":"9,84 €/KG","img":"https://fd3-photos.leclercdrive.fr/image.ashx?id=2921295&use=l&cat=p&typeid=i","cat":284447},{"id":180278,"n":"Sauce tomate pour pizza Zapetti - 300g","p":1.69,"u":"5,63 €/KG","img":"https://fd3-photos.leclercdrive.fr/image.ashx?id=2579990&use=l&cat=p&typeid=i","cat":288384},{"id":180280,"n":"Pain de mie complet bio La Boulangère Bio sans sucres-500g","p":2.74,"u":"5,48 €/KG","img":"https://fd3-photos.leclercdrive.fr/image.ashx?id=2912434&use=l&cat=p&typeid=i","cat":284477},{"id":180291,"n":"Complément alimentaire Juvamine Lutéine myrtille pour yeux -x40","p":4.77,"u":"0,12 €/P","img":"https://fd3-photos.leclercdrive.fr/image.ashx?id=2455918&use=l&cat=p&typeid=i","cat":284632},{"id":180301,"n":"Complément alimentaire Juvamine Thé vert Guarana - x30","p":3.06,"u":"0,10 €/P","img":"https://fd3-photos.leclercdrive.fr/image.ashx?id=2578079&use=l&cat=p&typeid=i","cat":284632},{"id":180302,"n":"Biscuits Palmier St Michel  au beurre - 87g","p":1.32,"u":"15,17 €/KG","img":"https://fd3-photos.leclercdrive.fr/image.ashx?id=2555379&use=l&cat=p&typeid=i","cat":284487},{"id":180303,"n":"Biscuits galettes St Michel au  beurre 1905 - 150g","p":1.62,"u":"10,80 €/KG","img":"https://fd3-photos.leclercdrive.fr/image.ashx?id=2937766&use=l&cat=p&typeid=i","cat":284487},{"id":180304,"n":"Semoule de couscous moyen Eco+ - 1kg","p":1.05,"u":"1,05 €/KG","img":"https://fd3-photos.leclercdrive.fr/image.ashx?id=2757906&use=l&cat=p&typeid=i","cat":284429},{"id":180305,"n":"Pâté de foie Eco+ x3 - 234g","p":1.33,"u":"5,68 €/KG","img":"https://fd3-photos.leclercdrive.fr/image.ashx?id=2852940&use=l&cat=p&typeid=i","cat":305149},{"id":180307,"n":"Patée pour chat Eco+ boeuf et à la carotte - 410g","p":0.96,"u":"2,34 €/KG","img":"https://fd3-photos.leclercdrive.fr/image.ashx?id=2690844&use=l&cat=p&typeid=i","cat":285601},{"id":180308,"n":"Spray Freeze Raid Essentials Anti Fourmis et Cafards - 350ml","p":4.96,"u":"14,17 €/L","img":"https://fd3-photos.leclercdrive.fr/image.ashx?id=2331020&use=l&cat=p&typeid=i","cat":298368},{"id":180309,"n":"Spray Raid Essentials Anti Moustiques 300ml","p":4.14,"u":"13,80 €/L","img":"https://fd3-photos.leclercdrive.fr/image.ashx?id=2331023&use=l&cat=p&typeid=i","cat":298368},{"id":180311,"n":"Double concentré de tomates  Eco+ - 200g","p":1.22,"u":"6,10 €/KG","img":"https://fd3-photos.leclercdrive.fr/image.ashx?id=2794820&use=l&cat=p&typeid=i","cat":288384},{"id":180313,"n":"Bouchées pour chat Eco+ Truite saumon et légumes - 410g","p":0.65,"u":"1,59 €/KG","img":"https://fd3-photos.leclercdrive.fr/image.ashx?id=2330897&use=l&cat=p&typeid=i","cat":285601},{"id":180317,"n":"Pistaches non salées Tokapi 125g","p":2.33,"u":"18,64 €/KG","img":"https://fd3-photos.leclercdrive.fr/image.ashx?id=2793302&use=l&cat=p&typeid=i","cat":284448},{"id":180327,"n":"Pâtée pour chats Eco+ poisson et à la carotte - 410g","p":0.71,"u":"1,73 €/KG","img":"https://fd3-photos.leclercdrive.fr/image.ashx?id=2606792&use=l&cat=p&typeid=i","cat":285601},{"id":180333,"n":"Grignot' cacahuètes Tokapi - 140g","p":0.99,"u":"7,07 €/KG","img":"https://fd3-photos.leclercdrive.fr/image.ashx?id=2331066&use=l&cat=p&typeid=i","cat":284449},{"id":180334,"n":"Spray Freeze Pyrel Fourmis et cafards - 350ml","p":4.93,"u":"14,09 €/L","img":"https://fd3-photos.leclercdrive.fr/image.ashx?id=2336419&use=l&cat=p&typeid=i","cat":298368},{"id":180335,"n":"Chocolat noir Poulain extra-fin à cuisiner - 2x180g","p":3.65,"u":"10,14 €/KG","img":"https://fd3-photos.leclercdrive.fr/image.ashx?id=2986672&use=l&cat=p&typeid=i","cat":284956},{"id":180336,"n":"Répulsif Corporel Spray Autan Anti Tiques - 100 ml","p":8.49,"u":"84,90 €/L","img":"https://fd3-photos.leclercdrive.fr/image.ashx?id=2791587&use=l&cat=p&typeid=i","cat":298368},{"id":180340,"n":"Lait bébé 1A GUIGOZ OPTIPRO  0-6 mois - 2x600g","p":20.67,"u":"17,23 €/KG","img":"https://fd3-photos.leclercdrive.fr/image.ashx?id=2846147&use=l&cat=p&typeid=i","cat":284726},{"id":180342,"n":"Muesli avoine amande chocolat  bio Terres et Céréales - 500g","p":3.64,"pp":2.55,"u":"5,10 €/KG","img":"https://fd3-photos.leclercdrive.fr/image.ashx?id=2471877&use=l&cat=p&typeid=i","cat":309512},{"id":180344,"n":"Fromage enfant Mini Babybel 6 portions goûter - 132g","p":2.29,"u":"17,35 €/KG","img":"https://fd3-photos.leclercdrive.fr/image.ashx?id=2970822&use=l&cat=p&typeid=i","cat":314030},{"id":180345,"n":"Fromage enfant Mini Babybel 12 portions goûter - 264g","p":4.32,"u":"16,36 €/KG","img":"https://fd3-photos.leclercdrive.fr/image.ashx?id=2970825&use=l&cat=p&typeid=i","cat":314030},{"id":180347,"n":"Chips Pom'lisse nature sans sel - 125g","p":1.19,"u":"9,52 €/KG","img":"https://fd3-photos.leclercdrive.fr/image.ashx?id=2919661&use=l&cat=p&typeid=i","cat":284447},{"id":180348,"n":"Rondelles de cornichons Rustica aigres doux - 185g","p":1.6,"u":"8,65 €/KG","img":"https://fd3-photos.leclercdrive.fr/image.ashx?id=2916725&use=l&cat=p&typeid=i","cat":284458},{"id":180350,"n":"Vinaigre d'alcool Bio Village  blanc 8% Bio - 1L","p":1.05,"u":"1,05 €/L","img":"https://fd3-photos.leclercdrive.fr/image.ashx?id=2869528&use=l&cat=p&typeid=i","cat":325365},{"id":180351,"n":"Friandises chat Sheba Creamy snacks poulet - 4x12g","p":3.23,"u":"67,29 €/KG","img":"https://fd3-photos.leclercdrive.fr/image.ashx?id=2331147&use=l&cat=p&typeid=i","cat":285285},{"id":180352,"n":"Friandises chat Sheba Creamy snacks saumon - 4x12g","p":2.88,"u":"60,00 €/KG","img":"https://fd3-photos.leclercdrive.fr/image.ashx?id=2331150&use=l&cat=p&typeid=i","cat":285285},{"id":180356,"n":"Muesli croustillant chocolat  bio Terres et Céréales-1kg","p":7.47,"u":"7,47 €/KG","img":"https://fd3-photos.leclercdrive.fr/image.ashx?id=2802458&use=l&cat=p&typeid=i","cat":309512},{"id":180360,"n":"Tablette de chocolat noir Lindt Sel rose de l'Himalaya - 100g","p":2.73,"u":"27,30 €/KG","img":"https://fd3-photos.leclercdrive.fr/image.ashx?id=2750393&use=l&cat=p&typeid=i","cat":284956},{"id":180362,"n":"Chocolat au lait Lindt Nougat amandes - 150g","p":4.84,"u":"32,27 €/KG","img":"https://fd3-photos.leclercdrive.fr/image.ashx?id=2331165&use=l&cat=p&typeid=i","cat":284497},{"id":180366,"n":"Pâte à tartiner NRT Noisettes - 400g","p":4.67,"u":"11,68 €/KG","img":"https://fd3-photos.leclercdrive.fr/image.ashx?id=2791123&use=l&cat=p&typeid=i","cat":284481},{"id":180367,"n":"Chocolat au lait Tablette d'or éclats de caramel - 3x100g","p":3.68,"u":"12,27 €/KG","img":"https://fd3-photos.leclercdrive.fr/image.ashx?id=2741634&use=l&cat=p&typeid=i","cat":284497},{"id":180369,"n":"Chocolat noir Lindt extra-fin   à pâtisser - 2x200g","p":5.88,"u":"14,70 €/KG","img":"https://fd3-photos.leclercdrive.fr/image.ashx?id=2331111&use=l&cat=p&typeid=i","cat":284956},{"id":180370,"n":"Tablette de chocolat Lindt Orange sanguine de Sicile 100g","p":2.73,"u":"27,30 €/KG","img":"https://fd3-photos.leclercdrive.fr/image.ashx?id=2689508&use=l&cat=p&typeid=i","cat":284956},{"id":180376,"n":"Chocolat au lait Bio Village Patissier Bio - 200g","p":3.71,"u":"18,55 €/KG","img":"https://fd3-photos.leclercdrive.fr/image.ashx?id=2776517&use=l&cat=p&typeid=i","cat":285562},{"id":180378,"n":"Chocolat au lait Bio Village  Noisettes Bio - 200g","p":3.55,"u":"17,75 €/KG","img":"https://fd3-photos.leclercdrive.fr/image.ashx?id=2649677&use=l&cat=p&typeid=i","cat":284497},{"id":180391,"n":"Bonbons Lutti Fili Dooo XL Fraise - 180g","p":1.82,"u":"10,11 €/KG","img":"https://fd3-photos.leclercdrive.fr/image.ashx?id=2817449&use=l&cat=p&typeid=i","cat":304250},{"id":180395,"n":"Dragées M&M'S chocolat caramel salé - 176g","p":2.57,"u":"14,60 €/KG","img":"https://fd3-photos.leclercdrive.fr/image.ashx?id=2331267&use=l&cat=p&typeid=i","cat":304238},{"id":180397,"n":"Barres Chocolatées KINDER BUENO  Chocolat au Lait x3 - 129g","p":2.22,"u":"17,21 €/KG","img":"https://fd3-photos.leclercdrive.fr/image.ashx?id=2762295&use=l&cat=p&typeid=i","cat":284498},{"id":180401,"n":"Mayonnaise Bénédicta Nature - 255g","p":1.8,"u":"7,06 €/KG","img":"https://fd3-photos.leclercdrive.fr/image.ashx?id=2658734&use=l&cat=p&typeid=i","cat":298295},{"id":180405,"n":"Thon au Naturel Petit Navire 2x112g","p":3.97,"u":"17,72 €/KG","img":"https://fd3-photos.leclercdrive.fr/image.ashx?id=2944618&use=l&cat=p&typeid=i","cat":303867},{"id":180410,"n":"Savane Brossard Pocket max pépites chocolat x7 - 210g","p":2.56,"u":"12,19 €/KG","img":"https://fd3-photos.leclercdrive.fr/image.ashx?id=2870734&use=l&cat=p&typeid=i","cat":294776},{"id":180414,"n":"Chips Tuiles Pringles Pizza - 175g","p":2.47,"u":"14,11 €/KG","img":"https://fd3-photos.leclercdrive.fr/image.ashx?id=2661748&use=l&cat=p&typeid=i","cat":287899},{"id":180418,"n":"Pois chiches Sultanines 530g","p":1.51,"u":"2,85 €/KG","img":"https://fd3-photos.leclercdrive.fr/image.ashx?id=2331363&use=l&cat=p&typeid=i","cat":312609},{"id":180421,"n":"Bûchettes de sucre Saint Louis 4g x 125 - coffret de 500g","p":3.09,"u":"6,18 €/KG","img":"https://fd3-photos.leclercdrive.fr/image.ashx?id=2331387&use=l&cat=p&typeid=i","cat":284502},{"id":180429,"n":"Agar Bio Village  Bio - 8g","p":2.09,"u":"261,25 €/KG","img":"https://fd3-photos.leclercdrive.fr/image.ashx?id=2343225&use=l&cat=p&typeid=i","cat":284504},{"id":180432,"n":"Thé noir Twinings vanille x20 - 32g","p":2.57,"u":"80,31 €/KG","img":"https://fd3-photos.leclercdrive.fr/image.ashx?id=2893057&use=l&cat=p&typeid=i","cat":293233},{"id":180433,"n":"Sérum Physiologique  Mercurochrome 30x5ml","p":3.77,"u":"25,13 €/L","img":"https://fd3-photos.leclercdrive.fr/image.ashx?id=2731474&use=l&cat=p&typeid=i","cat":284741},{"id":180453,"n":"Thé glacé Fuze Tea  Pêche Intense - 6x33cl","p":4.8,"u":"2,42 €/L","img":"https://fd3-photos.leclercdrive.fr/image.ashx?id=2940405&use=l&cat=p&typeid=i","cat":295019},{"id":180458,"n":"Amandes en poudre Vahiné 125g","p":2.97,"u":"23,76 €/KG","img":"https://fd3-photos.leclercdrive.fr/image.ashx?id=2785934&use=l&cat=p&typeid=i","cat":284504},{"id":180464,"n":"Caramels tendres Werthers 165g","p":2.32,"u":"14,06 €/KG","img":"https://fd3-photos.leclercdrive.fr/image.ashx?id=2660164&use=l&cat=p&typeid=i","cat":304252},{"id":180465,"n":"Eau gazeuse aromatisée Carola Mûre Myrtille - 1.25L","p":0.98,"u":"0,78 €/L","img":"https://fd3-photos.leclercdrive.fr/image.ashx?id=2660781&use=l&cat=p&typeid=i","cat":284536},{"id":180466,"n":"Crème glacée Erhard Vanille - 450g","p":4.99,"u":"11,09 €/KG","img":"https://fd3-photos.leclercdrive.fr/image.ashx?id=2332420&use=l&cat=p&typeid=i","cat":284263},{"id":180467,"n":"Crème glacée Erhard Yaourt de St-Malo - 450g","p":5.38,"u":"11,96 €/KG","img":"https://fd3-photos.leclercdrive.fr/image.ashx?id=2332441&use=l&cat=p&typeid=i","cat":284263},{"id":180468,"n":"Crème glacée Erhard Café de Colombie - 450g","p":4.33,"u":"9,62 €/KG","img":"https://fd3-photos.leclercdrive.fr/image.ashx?id=2332414&use=l&cat=p&typeid=i","cat":284263},{"id":180469,"n":"Sorbet Plein Fruit Erhard Citron de Sicile - 488g","p":4.33,"u":"8,87 €/KG","img":"https://fd3-photos.leclercdrive.fr/image.ashx?id=2332423&use=l&cat=p&typeid=i","cat":284263},{"id":180470,"n":"Sorbet Plein Fruit Erhard Mangue - 488g","p":4.99,"u":"10,23 €/KG","img":"https://fd3-photos.leclercdrive.fr/image.ashx?id=2332426&use=l&cat=p&typeid=i","cat":284263},{"id":180471,"n":"Sorbet Plein Fruit Erhard Clémentine - 488g","p":4.33,"u":"8,87 €/KG","img":"https://fd3-photos.leclercdrive.fr/image.ashx?id=2338324&use=l&cat=p&typeid=i","cat":284263},{"id":180472,"n":"Sorbet Plein Fruit Erhard Banane - 488g","p":4.33,"u":"8,87 €/KG","img":"https://fd3-photos.leclercdrive.fr/image.ashx?id=2332429&use=l&cat=p&typeid=i","cat":284263},{"id":180473,"n":"Sorbet Plein Fruit Erhard Orange Sanguine Sicile - 488g","p":4.4,"u":"9,02 €/KG","img":"https://fd3-photos.leclercdrive.fr/image.ashx?id=2332438&use=l&cat=p&typeid=i","cat":284263},{"id":180475,"n":"Crème glacée Erhard Noisettes Sauce Chocolat - 450g","p":7.87,"u":"17,49 €/KG","img":"https://fd3-photos.leclercdrive.fr/image.ashx?id=2332435&use=l&cat=p&typeid=i","cat":284263},{"id":180476,"n":"Crème glacée Erhard Crème Brûlée - 450g","p":4.33,"u":"9,62 €/KG","img":"https://fd3-photos.leclercdrive.fr/image.ashx?id=2338333&use=l&cat=p&typeid=i","cat":284263},{"id":180478,"n":"Sorbet Plein Fruit Erhard Mirabelles de Lorraine - 488g","p":4.99,"u":"10,23 €/KG","img":"https://fd3-photos.leclercdrive.fr/image.ashx?id=2338330&use=l&cat=p&typeid=i","cat":284263},{"id":180479,"n":"Crème glacée Erhard Réglisse - 450g","p":7.87,"u":"17,49 €/KG","img":"https://fd3-photos.leclercdrive.fr/image.ashx?id=2332417&use=l&cat=p&typeid=i","cat":284263},{"id":180480,"n":"Crème glacée Erhard  Tiramisu - 450g","p":5.48,"u":"12,18 €/KG","img":"https://fd3-photos.leclercdrive.fr/image.ashx?id=2338339&use=l&cat=p&typeid=i","cat":284263},{"id":180482,"n":"Crème glacée Erhard Citron Limoncello - 488g","p":7.87,"u":"16,13 €/KG","img":"https://fd3-photos.leclercdrive.fr/image.ashx?id=2338342&use=l&cat=p&typeid=i","cat":284263},{"id":180486,"n":"Vin mousseux Kriter brut 6x75cl","p":27.9,"u":"6,20 €/L","img":"https://fd3-photos.leclercdrive.fr/image.ashx?id=2826675&use=l&cat=p&typeid=i","cat":284544},{"id":180498,"n":"Chips ancienne nature Lay's Sel - 155g","p":1.26,"u":"8,13 €/KG","img":"https://fd3-photos.leclercdrive.fr/image.ashx?id=2996596&use=l&cat=p&typeid=i","cat":284447},{"id":180500,"n":"Muesli bio protéine Happy Bio 375g","p":2.98,"u":"7,95 €/KG","img":"https://fd3-photos.leclercdrive.fr/image.ashx?id=2971011&use=l&cat=p&typeid=i","cat":309512},{"id":180519,"n":"Bière aromatisée Corona Sunset 5,9% - 6x33cl","p":10.23,"u":"5,17 €/L","img":"https://fd3-photos.leclercdrive.fr/image.ashx?id=2564749&use=l&cat=p&typeid=i","cat":334878},{"id":180543,"n":"Blocs WC Ball Activ'Effect Floral - x1","p":2.36,"img":"https://fd3-photos.leclercdrive.fr/image.ashx?id=2683574&use=l&cat=p&typeid=i","cat":284662},{"id":180545,"n":"Serviettes hygiéniques Nana Ultra - Régulier+ - x14","p":2.07,"u":"0,15 €/P","img":"https://fd3-photos.leclercdrive.fr/image.ashx?id=3011881&use=l&cat=p&typeid=i","cat":284624},{"id":180546,"n":"Serviettes Ultra Régulier+ Nana Deo Ailettes Flux modéré - x14","p":2.12,"u":"0,15 €/P","img":"https://fd3-photos.leclercdrive.fr/image.ashx?id=2767225&use=l&cat=p&typeid=i","cat":284624},{"id":180547,"n":"Serviettes hygiéniques Nana Ultra - Régulier- x16","p":2.05,"u":"0,13 €/P","img":"https://fd3-photos.leclercdrive.fr/image.ashx?id=3000860&use=l&cat=p&typeid=i","cat":284624},{"id":180549,"n":"Serviettes Ultra Régulier Nana Deo Ailettes Flux modéré - x28","p":3.93,"u":"0,14 €/P","img":"https://fd3-photos.leclercdrive.fr/image.ashx?id=3005299&use=l&cat=p&typeid=i","cat":284624},{"id":180550,"n":"Serviettes hygiéniques Nana Ultra - Spécial Nuit - x10","p":2.0,"u":"0,20 €/P","img":"https://fd3-photos.leclercdrive.fr/image.ashx?id=2944990&use=l&cat=p&typeid=i","cat":284624},{"id":180551,"n":"Serviettes hygiéniques Nana Ultra - Spécial Nuit - x20","p":3.16,"u":"0,16 €/P","img":"https://fd3-photos.leclercdrive.fr/image.ashx?id=2756401&use=l&cat=p&typeid=i","cat":284624},{"id":180554,"n":"Sirop de cassis Bio Village Bio - 50cl","p":2.98,"u":"5,96 €/L","img":"https://fd3-photos.leclercdrive.fr/image.ashx?id=2873201&use=l&cat=p&typeid=i","cat":295020},{"id":180556,"n":"Sirop de Citron Bio Village Bio - 50cl","p":2.29,"u":"4,58 €/L","img":"https://fd3-photos.leclercdrive.fr/image.ashx?id=2873192&use=l&cat=p&typeid=i","cat":295020},{"id":180563,"n":"Viande des Grisons Aoste 10 Tranches - 70g","p":4.55,"u":"65,00 €/KG","img":"https://fd3-photos.leclercdrive.fr/image.ashx?id=2939838&use=l&cat=p&typeid=i","cat":316007},{"id":180617,"n":"Sauce à dipper La Fraich'Touch Ail - 125g","p":1.99,"u":"15,92 €/KG","img":"https://fd3-photos.leclercdrive.fr/image.ashx?id=2338252&use=l&cat=p&typeid=i","cat":284382},{"id":180618,"n":"Sauce à dipper La Fraich'Touch Fines Herbes - 125g","p":1.99,"u":"15,92 €/KG","img":"https://fd3-photos.leclercdrive.fr/image.ashx?id=2338255&use=l&cat=p&typeid=i","cat":284382},{"id":180619,"n":"Sauce à dipper La Fraich'Touch Curry - 125g","p":1.99,"u":"15,92 €/KG","img":"https://fd3-photos.leclercdrive.fr/image.ashx?id=2338258&use=l&cat=p&typeid=i","cat":316001},{"id":180621,"n":"Sauce à dipper La Fraich'Touch Tartare - 125g","p":1.99,"u":"15,92 €/KG","img":"https://fd3-photos.leclercdrive.fr/image.ashx?id=2338249&use=l&cat=p&typeid=i","cat":316001},{"id":180797,"n":"Mouchoirs UltraSoft Kleenex® Boîte x64","p":1.51,"img":"https://fd3-photos.leclercdrive.fr/image.ashx?id=2853350&use=l&cat=p&typeid=i","cat":284638},{"id":180840,"n":"Confiture Extra Clémentines - Beyer - 370g","p":2.61,"u":"7,05 €/KG","img":"https://fd3-photos.leclercdrive.fr/image.ashx?id=2340521&use=l&cat=p&typeid=i","cat":284480},{"id":180844,"n":"AOC Vin Rouge Côtes du Rhône Croix de Bonpas - 75cl","p":7.8,"u":"10,40 €/L","img":"https://fd3-photos.leclercdrive.fr/image.ashx?id=2340506&use=l&cat=p&typeid=i","cat":289556},{"id":180870,"n":"Nettoyant Multi-Usages Carolin Bicarbonate - 1L","p":2.66,"u":"2,66 €/L","img":"https://fd3-photos.leclercdrive.fr/image.ashx?id=2340524&use=l&cat=p&typeid=i","cat":284907},{"id":180872,"n":"Miettes de thon huile d'olive 2x160g","p":6.88,"u":"21,50 €/KG","img":"https://fd3-photos.leclercdrive.fr/image.ashx?id=2340509&use=l&cat=p&typeid=i","cat":303867},{"id":181724,"n":"Chips Bret's Cheddar oignons - 125g","p":1.57,"u":"12,56 €/KG","img":"https://fd3-photos.leclercdrive.fr/image.ashx?id=2341582&use=l&cat=p&typeid=i","cat":284447},{"id":181747,"n":"Recharge Diffuseur Glade Aromathérapie \"Calm\"","p":3.68,"img":"https://fd3-photos.leclercdrive.fr/image.ashx?id=2867713&use=l&cat=p&typeid=i","cat":311629},{"id":181748,"n":"Recharge Diffuseur Glade Aromathérapie \"Pure Happiness\"","p":3.39,"img":"https://fd3-photos.leclercdrive.fr/image.ashx?id=2867716&use=l&cat=p&typeid=i","cat":311629},{"id":181749,"n":"Recharge Diffuseur Glade Aromathérapie \"Moment Of Zen\"","p":5.07,"img":"https://fd3-photos.leclercdrive.fr/image.ashx?id=2867719&use=l&cat=p&typeid=i","cat":311629},{"id":181752,"n":"Complément alimentaire Draineur Queues de Cerise - Gelules 17g","p":5.01,"u":"294,71 €/KG","img":"https://fd3-photos.leclercdrive.fr/image.ashx?id=2342343&use=l&cat=p&typeid=i","cat":284632},{"id":181755,"n":"Complément alimentaire  Confort Urinaire  Pépins courge","p":4.5,"u":"118,42 €/KG","img":"https://fd3-photos.leclercdrive.fr/image.ashx?id=2341489&use=l&cat=p&typeid=i","cat":313217},{"id":181962,"n":"Lave glace été Eco+ 5 L","p":1.97,"u":"0,39 €/L","img":"https://fd3-photos.leclercdrive.fr/image.ashx?id=2499519&use=l&cat=p&typeid=i","cat":298252},{"id":182013,"n":"Café Moulu  Espresso - Méo - 1kg","p":15.25,"u":"15,25 €/KG","img":"https://fd3-photos.leclercdrive.fr/image.ashx?id=2571293&use=l&cat=p&typeid=i","cat":284750},{"id":182047,"n":"Jambon de Bayonne Saint Azay 6 tranches - 150g","p":3.72,"u":"24,80 €/KG","img":"https://fd3-photos.leclercdrive.fr/image.ashx?id=2342190&use=l&cat=p&typeid=i","cat":316007},{"id":182063,"n":"Dessert liégeois VIENNOIS Panaché vanille chocolat 8x100g","p":3.27,"u":"4,09 €/KG","img":"https://fd3-photos.leclercdrive.fr/image.ashx?id=2628179&use=l&cat=p&typeid=i","cat":285042},{"id":182071,"n":"Croquettes chien Ultima Mini Adulte poulet - 1.35kg","p":5.53,"u":"4,10 €/KG","img":"https://fd3-photos.leclercdrive.fr/image.ashx?id=2926645&use=l&cat=p&typeid=i","cat":294526},{"id":182098,"n":"Panés Mozzarella Grand Fermage 100g","p":1.69,"u":"16,90 €/KG","img":"https://fd3-photos.leclercdrive.fr/image.ashx?id=2645209&use=l&cat=p&typeid=i","cat":314027},{"id":182107,"n":"DOC Prosecco Perlino vin Pétillant rosé - 75cl","p":6.4,"u":"8,53 €/L","img":"https://fd3-photos.leclercdrive.fr/image.ashx?id=2612784&use=l&cat=p&typeid=i","cat":289461},{"id":182111,"n":"DOC Prosecco perlino Vin pétillant 37.5cl","p":4.0,"u":"10,67 €/L","img":"https://fd3-photos.leclercdrive.fr/image.ashx?id=2955513&use=l&cat=p&typeid=i","cat":284544},{"id":182152,"n":"Emmental râpé fondant Président 350g","p":3.93,"u":"11,23 €/KG","img":"https://fd3-photos.leclercdrive.fr/image.ashx?id=2490599&use=l&cat=p&typeid=i","cat":314035},{"id":182157,"n":"Dentifrice enfants Bionaia Bio - 50ml","p":1.15,"u":"23,00 €/L","img":"https://fd3-photos.leclercdrive.fr/image.ashx?id=2498837&use=l&cat=p&typeid=i","cat":288898},{"id":182158,"n":"Galettes Normandes NRT Caramel - 100g","p":1.69,"u":"16,90 €/KG","img":"https://fd3-photos.leclercdrive.fr/image.ashx?id=2704915&use=l&cat=p&typeid=i","cat":284487},{"id":182159,"n":"Recharge gel lavant Bionaia Bio - abricot - 250ml","p":0.9,"u":"3,60 €/L","img":"https://fd3-photos.leclercdrive.fr/image.ashx?id=2949424&use=l&cat=p&typeid=i","cat":284597},{"id":182180,"n":"Sirop de Grenadine Bio Village Bio - 50cl","p":2.45,"u":"4,90 €/L","img":"https://fd3-photos.leclercdrive.fr/image.ashx?id=2931947&use=l&cat=p&typeid=i","cat":295020},{"id":182181,"n":"Sirop de Menthe Bio Village Bio - 50cl","p":2.45,"u":"4,90 €/L","img":"https://fd3-photos.leclercdrive.fr/image.ashx?id=2873189&use=l&cat=p&typeid=i","cat":295020},{"id":182183,"n":"Infusion bio Pagès Menthe x20 - 30g","p":3.24,"u":"108,00 €/KG","img":"https://fd3-photos.leclercdrive.fr/image.ashx?id=2751120&use=l&cat=p&typeid=i","cat":293234},{"id":182185,"n":"Infusion bio Pagès Verveine x20 - 30g","p":3.24,"u":"108,00 €/KG","img":"https://fd3-photos.leclercdrive.fr/image.ashx?id=2751114&use=l&cat=p&typeid=i","cat":293234},{"id":182212,"n":"Semoule moyenne panzani 500g","p":1.42,"u":"2,84 €/KG","img":"https://fd3-photos.leclercdrive.fr/image.ashx?id=2745562&use=l&cat=p&typeid=i","cat":284429},{"id":182218,"n":"Chips paysanne nature Lay's Sel - 155g","p":1.22,"u":"7,87 €/KG","img":"https://fd3-photos.leclercdrive.fr/image.ashx?id=2818602&use=l&cat=p&typeid=i","cat":284447},{"id":182259,"n":"Chips ancienne nature Lay's Sel format familial - 295g","p":2.24,"u":"7,59 €/KG","img":"https://fd3-photos.leclercdrive.fr/image.ashx?id=2999243&use=l&cat=p&typeid=i","cat":284447},{"id":182260,"n":"Chips paysanne nature Lay's Sel format familial - 295g","p":2.32,"u":"7,86 €/KG","img":"https://fd3-photos.leclercdrive.fr/image.ashx?id=2848716&use=l&cat=p&typeid=i","cat":284447},{"id":182266,"n":"Shampooing sec Batiste Original - 200ml","p":3.4,"u":"17,00 €/L","img":"https://fd3-photos.leclercdrive.fr/image.ashx?id=2344046&use=l&cat=p&typeid=i","cat":289143},{"id":182267,"n":"Shampooing sec Batiste Blush - 200ml","p":3.27,"u":"16,35 €/L","img":"https://fd3-photos.leclercdrive.fr/image.ashx?id=2630454&use=l&cat=p&typeid=i","cat":289143},{"id":182315,"n":"Rillettes de thon Petit Navire Olives vertes - 125g","p":1.97,"u":"15,76 €/KG","img":"https://fd3-photos.leclercdrive.fr/image.ashx?id=2523924&use=l&cat=p&typeid=i","cat":303867},{"id":182318,"n":"Pulpe de tomate Polpa Rustica  Mutti - 690g","p":2.13,"u":"3,09 €/KG","img":"https://fd3-photos.leclercdrive.fr/image.ashx?id=2813056&use=l&cat=p&typeid=i","cat":288384},{"id":182340,"n":"Lait en poudre Guigoz Optipro 2ème âge - 6-12 mois - 830g","p":15.26,"u":"18,39 €/KG","img":"https://fd3-photos.leclercdrive.fr/image.ashx?id=2737747&use=l&cat=p&typeid=i","cat":284727},{"id":182342,"n":"Lait bébé en poudre Guigoz Gest 2ème âge - 6-12 mois - 830g","p":17.75,"u":"21,39 €/KG","img":"https://fd3-photos.leclercdrive.fr/image.ashx?id=2469478&use=l&cat=p&typeid=i","cat":284727},{"id":182345,"n":"Margarine Fruit d'Or Oméga 3&6 Sel de mer - 450g","p":2.2,"u":"4,89 €/KG","img":"https://fd3-photos.leclercdrive.fr/image.ashx?id=2347407&use=l&cat=p&typeid=i","cat":315229},{"id":182356,"n":"AOP Vin Rouge Languedoc Mythique - 75cl","p":5.55,"u":"7,40 €/L","img":"https://fd3-photos.leclercdrive.fr/image.ashx?id=2580002&use=l&cat=p&typeid=i","cat":289556},{"id":182371,"n":"Mayonnaise bio Bio Village 238g","p":2.05,"u":"8,61 €/KG","img":"https://fd3-photos.leclercdrive.fr/image.ashx?id=2664872&use=l&cat=p&typeid=i","cat":298295},{"id":182373,"n":"Skyr Siggi's  Mangue Passion - 2x140g","p":2.42,"u":"8,64 €/KG","img":"https://fd3-photos.leclercdrive.fr/image.ashx?id=2792027&use=l&cat=p&typeid=i","cat":315000},{"id":182402,"n":"Sirop de fraise Bio Village Bio - 50cl","p":2.55,"u":"5,10 €/L","img":"https://fd3-photos.leclercdrive.fr/image.ashx?id=2873195&use=l&cat=p&typeid=i","cat":295020},{"id":182465,"n":"Bière sans alcool Tourtel Twist Ananas 0,0° - 6x27,5cl","p":4.68,"u":"2,84 €/L","img":"https://fd3-photos.leclercdrive.fr/image.ashx?id=2684925&use=l&cat=p&typeid=i","cat":334877},{"id":182479,"n":"Huile d'Olive Tramier Vierge  Extra Sans Pesticides 75cl","p":7.37,"u":"9,83 €/L","img":"https://fd3-photos.leclercdrive.fr/image.ashx?id=2647188&use=l&cat=p&typeid=i","cat":284453},{"id":182480,"n":"Lait bébé en poudre Guigoz Gest 1er âge - 0-6 mois - 830g","p":18.43,"u":"22,20 €/KG","img":"https://fd3-photos.leclercdrive.fr/image.ashx?id=2895047&use=l&cat=p&typeid=i","cat":284726},{"id":182481,"n":"Lait bébé Guigoz Pelargon  Poudre- 1er âge- 0-6 mois -780g","p":18.71,"u":"23,99 €/KG","img":"https://fd3-photos.leclercdrive.fr/image.ashx?id=2961308&use=l&cat=p&typeid=i","cat":284726},{"id":182490,"n":"Lait bébé Guigoz Pelargon Poudre- 2e âge- 6-12 mois -780g","p":18.0,"u":"23,08 €/KG","img":"https://fd3-photos.leclercdrive.fr/image.ashx?id=2347386&use=l&cat=p&typeid=i","cat":284727},{"id":182507,"n":"Chocolat noir Bio Ethiquable  100% Pérou - 100g","p":2.94,"u":"29,40 €/KG","img":"https://fd3-photos.leclercdrive.fr/image.ashx?id=2870971&use=l&cat=p&typeid=i","cat":284956},{"id":182508,"n":"AOC Crémant d'Alsace Rosé Ice Petite Folie - 75cl","p":8.15,"u":"10,87 €/L","img":"https://fd3-photos.leclercdrive.fr/image.ashx?id=2347732&use=l&cat=p&typeid=i","cat":284545},{"id":182509,"n":"AOC Crémant d'Alsace Blanc Ice Petite Folie - 75cl","p":7.58,"u":"10,11 €/L","img":"https://fd3-photos.leclercdrive.fr/image.ashx?id=2347735&use=l&cat=p&typeid=i","cat":284545},{"id":182519,"n":"Croquettes petit chien Ultima  Adulte bœuf - 1,35kg","p":5.53,"u":"4,10 €/KG","img":"https://fd3-photos.leclercdrive.fr/image.ashx?id=2921909&use=l&cat=p&typeid=i","cat":294526},{"id":182524,"n":"Brioch' Bagel La Fournée Dorée x4 - 300g","p":2.43,"u":"8,10 €/KG","img":"https://fd3-photos.leclercdrive.fr/image.ashx?id=2479300&use=l&cat=p&typeid=i","cat":284985},{"id":182542,"n":"Céréales Oreo 350g","p":4.32,"u":"12,34 €/KG","img":"https://fd3-photos.leclercdrive.fr/image.ashx?id=2764583&use=l&cat=p&typeid=i","cat":309513},{"id":182599,"n":"AOP Saint-Mont Gueules de Saint Gueules de Saint Mont - 75cl","p":7.28,"u":"9,71 €/L","img":"https://fd3-photos.leclercdrive.fr/image.ashx?id=2360689&use=l&cat=p&typeid=i","cat":289556},{"id":182654,"n":"Beurre Le Campagnou  Demi-sel - 250g","p":2.38,"u":"9,52 €/KG","img":"https://fd3-photos.leclercdrive.fr/image.ashx?id=2467910&use=l&cat=p&typeid=i","cat":284379},{"id":182656,"n":"Beurre Le Campagnou Doux  - 250g","p":3.36,"u":"13,44 €/KG","img":"https://fd3-photos.leclercdrive.fr/image.ashx?id=2561140&use=l&cat=p&typeid=i","cat":284379},{"id":182692,"n":"Nappage Caramel Vahiné 200g","p":1.9,"u":"9,50 €/KG","img":"https://fd3-photos.leclercdrive.fr/image.ashx?id=2833336&use=l&cat=p&typeid=i","cat":284504},{"id":182713,"n":"IGP Pommes Alpes Haute Durance Nos Régions ont du Talent x4","p":2.49,"u":"0,62 €/P","img":"https://fd3-photos.leclercdrive.fr/image.ashx?id=2934850&use=l&cat=p&typeid=i","cat":284356},{"id":182791,"n":"Croquettes chiens adultes Poulet - 7kg","p":21.88,"u":"3,13 €/KG","img":"https://fd3-photos.leclercdrive.fr/image.ashx?id=2894968&use=l&cat=p&typeid=i","cat":294526},{"id":182792,"n":"Croquettes Ultima Junior Petit chien - 1.35kg","p":5.07,"u":"3,76 €/KG","img":"https://fd3-photos.leclercdrive.fr/image.ashx?id=2928903&use=l&cat=p&typeid=i","cat":294526},{"id":182808,"n":"Croquettes chiens Ultima Mini Senior Agevital - 1.35kg","p":5.55,"u":"4,11 €/KG","img":"https://fd3-photos.leclercdrive.fr/image.ashx?id=2921918&use=l&cat=p&typeid=i","cat":294526},{"id":182814,"n":"Prosecco Perlino Bio Extra Dry - 75cl","p":7.58,"u":"10,11 €/L","img":"https://fd3-photos.leclercdrive.fr/image.ashx?id=2612781&use=l&cat=p&typeid=i","cat":289461},{"id":182820,"n":"Céréales Weetabix original  430g","p":2.67,"u":"6,21 €/KG","img":"https://fd3-photos.leclercdrive.fr/image.ashx?id=2853347&use=l&cat=p&typeid=i","cat":309512},{"id":182826,"n":"Madeleines longues Le Ster Marbrées chocolat x30 - 375g","p":2.07,"u":"5,52 €/KG","img":"https://fd3-photos.leclercdrive.fr/image.ashx?id=2962572&use=l&cat=p&typeid=i","cat":284492},{"id":182855,"n":"Saucisse de Strasbourg  Tradilège x10 - 350g","p":1.89,"u":"5,40 €/KG","img":"https://fd3-photos.leclercdrive.fr/image.ashx?id=2349382&use=l&cat=p&typeid=i","cat":316012},{"id":182856,"n":"Saucisse de Strasbourg Tradilège x6 - 210g","p":1.4,"u":"6,67 €/KG","img":"https://fd3-photos.leclercdrive.fr/image.ashx?id=2349379&use=l&cat=p&typeid=i","cat":316012},{"id":182858,"n":"Muesli protéines noisettes bio  Terres et Céréales -500g","p":3.98,"u":"7,96 €/KG","img":"https://fd3-photos.leclercdrive.fr/image.ashx?id=2349451&use=l&cat=p&typeid=i","cat":309512},{"id":182859,"n":"Muesli protéines chocolat bio  Terres et Céréales -500g","p":4.83,"u":"9,66 €/KG","img":"https://fd3-photos.leclercdrive.fr/image.ashx?id=2349448&use=l&cat=p&typeid=i","cat":309512},{"id":182887,"n":"Fromage à tartiner Boursin Ail & fines herbes - 150g","p":2.16,"u":"14,40 €/KG","img":"https://fd3-photos.leclercdrive.fr/image.ashx?id=2964449&use=l&cat=p&typeid=i","cat":314029},{"id":182888,"n":"Lait bébé poudre Guigoz Optipro 1er âge - 0-6mois - 830g","p":16.36,"u":"19,71 €/KG","img":"https://fd3-photos.leclercdrive.fr/image.ashx?id=2806423&use=l&cat=p&typeid=i","cat":284726},{"id":182894,"n":"Epice Sainte Lucie mélange italien  - 30g","p":1.68,"u":"56,00 €/KG","img":"https://fd3-photos.leclercdrive.fr/image.ashx?id=2975170&use=l&cat=p&typeid=i","cat":298297},{"id":182895,"n":"Badiane Sainte Lucie 15g","p":3.4,"u":"226,67 €/KG","img":"https://fd3-photos.leclercdrive.fr/image.ashx?id=2349782&use=l&cat=p&typeid=i","cat":298297},{"id":182905,"n":"Piment oiseaux Sainte Lucie 15g","p":1.97,"u":"131,33 €/KG","img":"https://fd3-photos.leclercdrive.fr/image.ashx?id=2974321&use=l&cat=p&typeid=i","cat":298297},{"id":182910,"n":"Curry thai bio Céréal Bio  Lentilles repas express - 240g","p":2.49,"u":"10,38 €/KG","img":"https://fd3-photos.leclercdrive.fr/image.ashx?id=2664079&use=l&cat=p&typeid=i","cat":287600},{"id":182912,"n":"Yakisoba Céréal Bio   Bio légumes repas express 240g","p":2.37,"u":"9,88 €/KG","img":"https://fd3-photos.leclercdrive.fr/image.ashx?id=2665628&use=l&cat=p&typeid=i","cat":287600},{"id":182928,"n":"Papier cuisson Alfapac 15 feuilles","p":2.14,"img":"https://fd3-photos.leclercdrive.fr/image.ashx?id=2887740&use=l&cat=p&typeid=i","cat":334134},{"id":182938,"n":"Sauce crudités Caesar Amora 380ml","p":2.76,"u":"7,26 €/L","img":"https://fd3-photos.leclercdrive.fr/image.ashx?id=2655223&use=l&cat=p&typeid=i","cat":284456},{"id":182939,"n":"Chips Tuiles Pringles Barbecue - 175g","p":2.19,"u":"12,51 €/KG","img":"https://fd3-photos.leclercdrive.fr/image.ashx?id=2662502&use=l&cat=p&typeid=i","cat":287899},{"id":182940,"n":"Café Soluble Carte Noire  Sticks Maxi Format - x80 - 55g","p":8.36,"u":"58,06 €/KG","img":"https://fd3-photos.leclercdrive.fr/image.ashx?id=2866100&use=l&cat=p&typeid=i","cat":284843},{"id":182963,"n":"Glace Trium Vanille - x4 - 294g","p":3.27,"u":"11,12 €/KG","img":"https://fd3-photos.leclercdrive.fr/image.ashx?id=2911714&use=l&cat=p&typeid=i","cat":284265},{"id":182966,"n":"Mini bâtonnets Trium Vanille Caramel beurre salé x8 - 294g","p":2.99,"u":"10,17 €/KG","img":"https://fd3-photos.leclercdrive.fr/image.ashx?id=2791347&use=l&cat=p&typeid=i","cat":284265},{"id":183000,"n":"AOP Côtes du Jura Marcel Cabelier  - 37,5 cl","p":26.47,"u":"70,59 €/L","img":"https://fd3-photos.leclercdrive.fr/image.ashx?id=2886999&use=l&cat=p&typeid=i","cat":289557},{"id":183047,"n":"IGP Pays d'Oc rouge Le gros rouge qui tâche - 75cl","p":8.7,"u":"11,60 €/L","img":"https://fd3-photos.leclercdrive.fr/image.ashx?id=2377907&use=l&cat=p&typeid=i","cat":289556},{"id":183049,"n":"Masque Tissu Skinactive Garnier Booster d'éclat Vitamine C","p":2.19,"img":"https://fd3-photos.leclercdrive.fr/image.ashx?id=2849100&use=l&cat=p&typeid=i","cat":325346},{"id":183104,"n":"Nutella Biscuit pâte à tartiner Cacao Noisettes - 207g","p":2.5,"u":"12,08 €/KG","img":"https://fd3-photos.leclercdrive.fr/image.ashx?id=2834035&use=l&cat=p&typeid=i","cat":284488},{"id":183106,"n":"Eau gazeuse San Pellegrino Essenza sanguine - 6x33cl","p":3.67,"u":"1,85 €/L","img":"https://fd3-photos.leclercdrive.fr/image.ashx?id=2852010&use=l&cat=p&typeid=i","cat":284536},{"id":183124,"n":"AOC Bordeaux blanc HVE Mission Saint Vincent - 75cl","p":4.22,"u":"5,63 €/L","img":"https://fd3-photos.leclercdrive.fr/image.ashx?id=2902750&use=l&cat=p&typeid=i","cat":289557},{"id":183129,"n":"Epinards Légumes Findus branches à la crème - 480g","p":3.07,"u":"6,40 €/KG","img":"https://fd3-photos.leclercdrive.fr/image.ashx?id=2937349&use=l&cat=p&typeid=i","cat":319805},{"id":183134,"n":"Muffins complet Jacquet x4 - 245g","p":2.06,"u":"8,41 €/KG","img":"https://fd3-photos.leclercdrive.fr/image.ashx?id=2894791&use=l&cat=p&typeid=i","cat":284477},{"id":183172,"n":"Emietté de thon Petit Navire Vinaigre balsamique - 110g","p":2.18,"u":"19,82 €/KG","img":"https://fd3-photos.leclercdrive.fr/image.ashx?id=2682860&use=l&cat=p&typeid=i","cat":303867},{"id":183175,"n":"Isey Skyr Framboise Myrtille - 400g","p":2.94,"u":"7,35 €/KG","img":"https://fd3-photos.leclercdrive.fr/image.ashx?id=2598612&use=l&cat=p&typeid=i","cat":315000},{"id":183190,"n":"Pile alcaline Varta Longlife Power C - x2","p":4.94,"u":"2,47 €/P","img":"https://fd3-photos.leclercdrive.fr/image.ashx?id=2354950&use=l&cat=p&typeid=i","cat":300572},{"id":183193,"n":"Pile alcaline Varta  Longlife power 9V 6LR61 - x2","p":8.13,"u":"4,07 €/P","img":"https://fd3-photos.leclercdrive.fr/image.ashx?id=2353821&use=l&cat=p&typeid=i","cat":300572},{"id":183242,"n":"Eau aromatisée Carola Gazeuse Pamplemousse 6x50cl","p":3.72,"u":"1,24 €/L","img":"https://fd3-photos.leclercdrive.fr/image.ashx?id=2660751&use=l&cat=p&typeid=i","cat":284537},{"id":183244,"n":"Eau aromatisée Carola Citron 6x50cl","p":3.54,"u":"1,18 €/L","img":"https://fd3-photos.leclercdrive.fr/image.ashx?id=2660763&use=l&cat=p&typeid=i","cat":284537},{"id":183247,"n":"Crème glacée Erhard  Violette - 450g","p":5.48,"u":"12,18 €/KG","img":"https://fd3-photos.leclercdrive.fr/image.ashx?id=2354887&use=l&cat=p&typeid=i","cat":284263},{"id":183248,"n":"Sorbet Plein Fruit Erhard  Fruit de la Passion - 488g","p":4.99,"u":"10,23 €/KG","img":"https://fd3-photos.leclercdrive.fr/image.ashx?id=2354893&use=l&cat=p&typeid=i","cat":284263},{"id":183250,"n":"Sorbet Plein Fruit Erhard Citron Vert - 488g","p":4.99,"u":"10,23 €/KG","img":"https://fd3-photos.leclercdrive.fr/image.ashx?id=2359498&use=l&cat=p&typeid=i","cat":284263},{"id":183257,"n":"Skinactive Body Garnier  Body Food All Uses - 380ml","p":6.0,"u":"15,79 €/L","img":"https://fd3-photos.leclercdrive.fr/image.ashx?id=2371209&use=l&cat=p&typeid=i","cat":325350},{"id":183260,"n":"Crème corps hydratant Superfood Peaux très sèches - 380ml","p":5.28,"u":"13,89 €/L","img":"https://fd3-photos.leclercdrive.fr/image.ashx?id=2360812&use=l&cat=p&typeid=i","cat":325350},{"id":183262,"n":"Sérum Éclat Vitamine C Garnier Anti-taches - 30ml","p":8.67,"u":"289,00 €/L","img":"https://fd3-photos.leclercdrive.fr/image.ashx?id=2908180&use=l&cat=p&typeid=i","cat":325345},{"id":183342,"n":"Sorbet Plein Fruit Erhard Fraise - 488g","p":7.87,"u":"16,13 €/KG","img":"https://fd3-photos.leclercdrive.fr/image.ashx?id=2355734&use=l&cat=p&typeid=i","cat":284263},{"id":183343,"n":"Sorbet Plein Fruit Erhard Pamplemousse - 488g","p":7.87,"u":"16,13 €/KG","img":"https://fd3-photos.leclercdrive.fr/image.ashx?id=2355737&use=l&cat=p&typeid=i","cat":284263},{"id":183344,"n":"Crème glacée Erhard Caramel - 450g","p":7.87,"u":"17,49 €/KG","img":"https://fd3-photos.leclercdrive.fr/image.ashx?id=2359492&use=l&cat=p&typeid=i","cat":284263},{"id":183354,"n":"Cubis IGP Vin Rosé Rosé Du Gard - 5L","p":12.76,"u":"2,55 €/L","img":"https://fd3-photos.leclercdrive.fr/image.ashx?id=2355728&use=l&cat=p&typeid=i","cat":289558},{"id":183356,"n":"AOP Bordeaux rouge Carmenère - 75cl","p":4.83,"u":"6,44 €/L","img":"https://fd3-photos.leclercdrive.fr/image.ashx?id=2355650&use=l&cat=p&typeid=i","cat":289556},{"id":183375,"n":"Minis brownies choc au lait Brossard - 240g","p":3.42,"u":"14,25 €/KG","img":"https://fd3-photos.leclercdrive.fr/image.ashx?id=2977498&use=l&cat=p&typeid=i","cat":294776},{"id":183391,"n":"Fraisoo' bool 200g","p":1.77,"u":"8,85 €/KG","img":"https://fd3-photos.leclercdrive.fr/image.ashx?id=2454172&use=l&cat=p&typeid=i","cat":304250},{"id":183392,"n":"Bonbons Cara' bool 200g","p":1.77,"u":"8,85 €/KG","img":"https://fd3-photos.leclercdrive.fr/image.ashx?id=2454169&use=l&cat=p&typeid=i","cat":304250},{"id":183395,"n":"Huile d'olive Puget 75cl","p":8.95,"u":"11,93 €/L","img":"https://fd3-photos.leclercdrive.fr/image.ashx?id=2460925&use=l&cat=p&typeid=i","cat":284453},{"id":183411,"n":"Olives vertes  La Ciota Dénoyautées - 135g","p":2.14,"u":"15,85 €/KG","img":"https://fd3-photos.leclercdrive.fr/image.ashx?id=2399261&use=l&cat=p&typeid=i","cat":284458},{"id":183414,"n":"Croquettes Ultima Light Petit chien - 1,35kg","p":5.56,"u":"4,12 €/KG","img":"https://fd3-photos.leclercdrive.fr/image.ashx?id=2921912&use=l&cat=p&typeid=i","cat":294526},{"id":183418,"n":"AOP Bourgogne Pinot Noir Rouge Domaine de Rochebin - 75cl","p":11.85,"u":"15,80 €/L","img":"https://fd3-photos.leclercdrive.fr/image.ashx?id=2390047&use=l&cat=p&typeid=i","cat":289556},{"id":183485,"n":"Crème glacée Noisette IGP Tradizioni d'Italia - 300g","p":5.15,"u":"17,17 €/KG","img":"https://fd3-photos.leclercdrive.fr/image.ashx?id=2356400&use=l&cat=p&typeid=i","cat":284725},{"id":183495,"n":"Fruit Shoot Tropical Teisseire 4x20cl","p":2.19,"u":"2,74 €/L","img":"https://fd3-photos.leclercdrive.fr/image.ashx?id=2923630&use=l&cat=p&typeid=i","cat":295018},{"id":183496,"n":"Brocolis fleurette Notre Jardin 900g","p":1.99,"u":"2,21 €/KG","img":"https://fd3-photos.leclercdrive.fr/image.ashx?id=2873168&use=l&cat=p&typeid=i","cat":319805},{"id":183512,"n":"Crème hydratante La Provençale Bio - 50ml","p":7.56,"u":"151,20 €/L","img":"https://fd3-photos.leclercdrive.fr/image.ashx?id=2357356&use=l&cat=p&typeid=i","cat":null},{"id":183520,"n":"Déodorant Spray Rexona Anti- Transpirant 72H Invisible 200ml","p":2.94,"u":"14,70 €/L","img":"https://fd3-photos.leclercdrive.fr/image.ashx?id=2850306&use=l&cat=p&typeid=i","cat":284595},{"id":183523,"n":"Rexona Déodorant Femme Spray   72H Musc 200ml","p":3.66,"u":"18,30 €/L","img":"https://fd3-photos.leclercdrive.fr/image.ashx?id=2850312&use=l&cat=p&typeid=i","cat":284595},{"id":183526,"n":"Rexona Déodorant Femme Spray Anti-Transpirant 72H","p":2.94,"u":"14,70 €/L","img":"https://fd3-photos.leclercdrive.fr/image.ashx?id=2850309&use=l&cat=p&typeid=i","cat":284595},{"id":183610,"n":"San Marco Intenso Grain N°9 500G","p":11.46,"u":"22,92 €/KG","img":"https://fd3-photos.leclercdrive.fr/image.ashx?id=2463501&use=l&cat=p&typeid=i","cat":293237},{"id":183667,"n":"Vin rosé Cabane du Pyla Bordeaux - BIB 3L","p":10.05,"u":"13,40 €/L","img":"https://fd3-photos.leclercdrive.fr/image.ashx?id=2358608&use=l&cat=p&typeid=i","cat":289558},{"id":183846,"n":"Gel WC Canard Vague Océane - 750ml","p":2.29,"u":"3,05 €/L","img":"https://fd3-photos.leclercdrive.fr/image.ashx?id=2746310&use=l&cat=p&typeid=i","cat":284662},{"id":183849,"n":"Déodorant L'Arbre Vert Argan   Hamamélis - 50ml","p":3.06,"u":"61,20 €/L","img":"https://fd3-photos.leclercdrive.fr/image.ashx?id=2862491&use=l&cat=p&typeid=i","cat":284595},{"id":183854,"n":"Déodorant Rexona Men anti transpirant Cobalt Dry - 200ml","p":3.52,"u":"17,60 €/L","img":"https://fd3-photos.leclercdrive.fr/image.ashx?id=2858711&use=l&cat=p&typeid=i","cat":284618},{"id":183856,"n":"Yaourt Gourmand Mamie Nova Mandarine Citron x2 - 300g","p":1.47,"u":"4,90 €/KG","img":"https://fd3-photos.leclercdrive.fr/image.ashx?id=2879053&use=l&cat=p&typeid=i","cat":284410},{"id":183857,"n":"Gel Douche Le Petit Marseillais  Lait d'amande douce - 650ml","p":3.19,"u":"4,91 €/L","img":"https://fd3-photos.leclercdrive.fr/image.ashx?id=2684197&use=l&cat=p&typeid=i","cat":284594},{"id":183860,"n":"Gel Douche Le Petit Marseillais  Eco recharge vanille - 1L","p":5.11,"u":"5,11 €/L","img":"https://fd3-photos.leclercdrive.fr/image.ashx?id=2544882&use=l&cat=p&typeid=i","cat":284594},{"id":183862,"n":"Bloc WC Bref Brilliant Gel Toilettes propres - 42g x1","p":2.37,"u":"56,43 €/KG","img":"https://fd3-photos.leclercdrive.fr/image.ashx?id=2976782&use=l&cat=p&typeid=i","cat":284662},{"id":183866,"n":"Dentifrice blancheur Colgate Max white one - 75ml","p":1.95,"u":"26,00 €/L","img":"https://fd3-photos.leclercdrive.fr/image.ashx?id=2767255&use=l&cat=p&typeid=i","cat":284612},{"id":183873,"n":"Détachant poudre Vanish  Stop Odeurs - 470g","p":5.55,"u":"11,81 €/KG","img":"https://fd3-photos.leclercdrive.fr/image.ashx?id=2679936&use=l&cat=p&typeid=i","cat":284651},{"id":183874,"n":"Gel douche solide Sanex  BiomeProtect - 100g","p":3.85,"u":"38,50 €/KG","img":"https://fd3-photos.leclercdrive.fr/image.ashx?id=2690177&use=l&cat=p&typeid=i","cat":284594},{"id":183877,"n":"Désodorisant diffuseur Airwick  Electrique Vanille - 19ml","p":3.6,"u":"189,47 €/L","img":"https://fd3-photos.leclercdrive.fr/image.ashx?id=2768237&use=l&cat=p&typeid=i","cat":311629},{"id":183885,"n":"AOP Saint-Nicolas de Bourgueil  Dumnacus -75cl","p":6.1,"u":"8,13 €/L","img":"https://fd3-photos.leclercdrive.fr/image.ashx?id=2398478&use=l&cat=p&typeid=i","cat":289556},{"id":183888,"n":"Bière blonde Corona Cero 0,0% - 6x33cl","p":7.5,"u":"3,79 €/L","img":"https://fd3-photos.leclercdrive.fr/image.ashx?id=2526496&use=l&cat=p&typeid=i","cat":334877},{"id":183910,"n":"Perles de Cire Chaude Expert  Veet A la Cire d'abeille 250ml","p":5.27,"u":"22,91 €/KG","img":"https://fd3-photos.leclercdrive.fr/image.ashx?id=2960678&use=l&cat=p&typeid=i","cat":325351},{"id":183915,"n":"Shampooing Nat&Nove Bio Nutrition cheveux secs - 250 ml","p":4.79,"u":"19,16 €/L","img":"https://fd3-photos.leclercdrive.fr/image.ashx?id=2583153&use=l&cat=p&typeid=i","cat":284606},{"id":183937,"n":"Sachets armoire Soupline Grand  air - x3","p":3.16,"u":"1,05 €/P","img":"https://fd3-photos.leclercdrive.fr/image.ashx?id=2944470&use=l&cat=p&typeid=i","cat":325302},{"id":183997,"n":"Crème gel N.A.E. bio hydratation éclat - 50ml","p":10.81,"u":"216,20 €/L","img":"https://fd3-photos.leclercdrive.fr/image.ashx?id=2358405&use=l&cat=p&typeid=i","cat":325345},{"id":184009,"n":"Gel WC Canard Forêt Aquatique - 750ml","p":2.29,"u":"3,05 €/L","img":"https://fd3-photos.leclercdrive.fr/image.ashx?id=2746313&use=l&cat=p&typeid=i","cat":284662},{"id":184022,"n":"Les Savoureuses du Jura Fumées au bois Clavière - 275g","p":5.67,"u":"20,62 €/KG","img":"https://fd3-photos.leclercdrive.fr/image.ashx?id=2359258&use=l&cat=p&typeid=i","cat":316012},{"id":184027,"n":"Cassolette merlu blanc saumon D'Aucy - 300g","p":2.62,"u":"8,73 €/KG","img":"https://fd3-photos.leclercdrive.fr/image.ashx?id=2358357&use=l&cat=p&typeid=i","cat":284953},{"id":184056,"n":"Cacahuètes enrobées Salées -  Menguy's - 170g","p":1.32,"u":"7,76 €/KG","img":"https://fd3-photos.leclercdrive.fr/image.ashx?id=2762154&use=l&cat=p&typeid=i","cat":284448},{"id":184057,"n":"Cacahuètes enrobées Wasabi -  Menguy's - 170g","p":1.32,"u":"7,76 €/KG","img":"https://fd3-photos.leclercdrive.fr/image.ashx?id=2762579&use=l&cat=p&typeid=i","cat":284448},{"id":184112,"n":"Bonbons Ricola Sève de pin sans sucres - 50g","p":1.54,"u":"30,80 €/KG","img":"https://fd3-photos.leclercdrive.fr/image.ashx?id=2382195&use=l&cat=p&typeid=i","cat":304252},{"id":184117,"n":"Kleenex Mouchoirs boîte Balsam - Lot de 3+1 offerte","p":6.04,"u":"0,02 €/P","img":"https://fd3-photos.leclercdrive.fr/image.ashx?id=2664533&use=l&cat=p&typeid=i","cat":284638},{"id":184119,"n":"Kleenex Mouchoirs boîte Ultra soft - Lot de 3+1 offerte","p":5.95,"u":"0,02 €/P","img":"https://fd3-photos.leclercdrive.fr/image.ashx?id=2679338&use=l&cat=p&typeid=i","cat":284638},{"id":184137,"n":"Café dosettes Tassimo Espresso Classique x21","p":6.14,"u":"48,73 €/KG","img":"https://fd3-photos.leclercdrive.fr/image.ashx?id=2360239&use=l&cat=p&typeid=i","cat":293240},{"id":184140,"n":"Café dosettes Tassimo Café Long Classique x21","p":5.83,"u":"41,35 €/KG","img":"https://fd3-photos.leclercdrive.fr/image.ashx?id=2360242&use=l&cat=p&typeid=i","cat":293240},{"id":184141,"n":"Desserts Lactés P'TIT BRASSE Mangue 6M+ - 4x90g","p":2.09,"u":"5,81 €/KG","img":"https://fd3-photos.leclercdrive.fr/image.ashx?id=2594226&use=l&cat=p&typeid=i","cat":312392},{"id":184142,"n":"Desserts Lactés P'TIT BRASSE Fruits rouges 6M+ - 4x90g","p":2.21,"u":"6,14 €/KG","img":"https://fd3-photos.leclercdrive.fr/image.ashx?id=2599943&use=l&cat=p&typeid=i","cat":312392},{"id":184143,"n":"Desserts Lactés P'TIT BRASSE Fraise banane 6M+ - 4x90g","p":1.97,"u":"5,47 €/KG","img":"https://fd3-photos.leclercdrive.fr/image.ashx?id=2594229&use=l&cat=p&typeid=i","cat":312392},{"id":184148,"n":"Biscuits croquants Délichoc Chocolat au lait - 150g","p":2.11,"u":"14,07 €/KG","img":"https://fd3-photos.leclercdrive.fr/image.ashx?id=2867365&use=l&cat=p&typeid=i","cat":284488},{"id":184181,"n":"Purée mangue bébé Good Goût bio - 120g - dès 4 mois","p":1.57,"u":"13,08 €/KG","img":"https://fd3-photos.leclercdrive.fr/image.ashx?id=2640707&use=l&cat=p&typeid=i","cat":312387},{"id":184182,"n":"Purée poire bébé Good Goût bio - 120g - dès 4 mois","p":1.57,"u":"13,08 €/L","img":"https://fd3-photos.leclercdrive.fr/image.ashx?id=2640043&use=l&cat=p&typeid=i","cat":312387},{"id":184198,"n":"Complément alimentaire Vitea Multi'Vit énergie - x30","p":4.72,"u":"0,16 €/P","img":"https://fd3-photos.leclercdrive.fr/image.ashx?id=2369472&use=l&cat=p&typeid=i","cat":284632},{"id":184206,"n":"Mayonnaise Rustica au citron - 235g","p":1.49,"u":"6,34 €/KG","img":"https://fd3-photos.leclercdrive.fr/image.ashx?id=2509116&use=l&cat=p&typeid=i","cat":298295},{"id":184207,"n":"Lait de suite Hipp Biologique  Bio 600g - 10 mois à 3 ans","p":11.63,"u":"19,38 €/KG","img":"https://fd3-photos.leclercdrive.fr/image.ashx?id=2926825&use=l&cat=p&typeid=i","cat":290219},{"id":184208,"n":"Echalote Ducros  1ère Saveur - 10g","p":2.37,"u":"237,00 €/KG","img":"https://fd3-photos.leclercdrive.fr/image.ashx?id=2490506&use=l&cat=p&typeid=i","cat":298297},{"id":184234,"n":"Ampoule Led Flamme Philips 40W - E14 blanc chaud - x2","p":11.7,"u":"Dont 0,24 € d'éco-part.","img":"https://fd3-photos.leclercdrive.fr/image.ashx?id=2507494&use=l&cat=p&typeid=i","cat":300573},{"id":184297,"n":"AOP Côtes du Rhône Villages  Vaison la Romaine - 75cl","p":5.92,"u":"7,89 €/L","img":"https://fd3-photos.leclercdrive.fr/image.ashx?id=2814049&use=l&cat=p&typeid=i","cat":289556},{"id":184307,"n":"Côtes de porc première L'Atelier Boucherie x2 - 300g","p":2.7,"u":"9,00 €/KG","img":"https://fd3-photos.leclercdrive.fr/image.ashx?id=2930552&use=l&cat=p&typeid=i","cat":284331},{"id":184308,"n":"Côtes de porc échine L'Atelier Boucherie x4 - 680g","p":5.14,"u":"7,56 €/KG","img":"https://fd3-photos.leclercdrive.fr/image.ashx?id=2930555&use=l&cat=p&typeid=i","cat":284331},{"id":184312,"n":"Faux-filet de boeuf*** L'Atelier Boucherie x1 - 180g","p":5.12,"u":"28,44 €/KG","img":"https://fd3-photos.leclercdrive.fr/image.ashx?id=2913784&use=l&cat=p&typeid=i","cat":284328},{"id":184316,"n":"Bavette d'Aloyau*** L'Atelier Boucherie x1 - 150g","p":4.95,"u":"33,00 €/KG","img":"https://fd3-photos.leclercdrive.fr/image.ashx?id=2930585&use=l&cat=p&typeid=i","cat":284328},{"id":184317,"n":"Rumsteck en tournedos*** L'Atelier Boucherie x2 - 280g","p":7.19,"u":"25,68 €/KG","img":"https://fd3-photos.leclercdrive.fr/image.ashx?id=2930588&use=l&cat=p&typeid=i","cat":284328},{"id":184319,"n":"Pièce à fondue / Brochette L'Atelier Boucherie - 500g","p":12.99,"u":"25,98 €/KG","img":"https://fd3-photos.leclercdrive.fr/image.ashx?id=2930594&use=l&cat=p&typeid=i","cat":284328},{"id":184320,"n":"Rôti de porc L'Atelier Boucherie - 600g","p":6.59,"u":"10,98 €/KG","img":"https://fd3-photos.leclercdrive.fr/image.ashx?id=2953749&use=l&cat=p&typeid=i","cat":284331},{"id":184321,"n":"Filet mignon de porc L'Atelier Boucherie x2 - 990g","p":13.59,"u":"13,73 €/KG","img":"https://fd3-photos.leclercdrive.fr/image.ashx?id=2932704&use=l&cat=p&typeid=i","cat":284331},{"id":184353,"n":"Soda Coca-Cola Vanille Canette - Pack 6x33CL","p":4.92,"u":"2,48 €/L","img":"https://fd3-photos.leclercdrive.fr/image.ashx?id=2997238&use=l&cat=p&typeid=i","cat":284530},{"id":184354,"n":"Boisson energisante Monster juiced Monarch 50cl","p":1.64,"u":"3,28 €/L","img":"https://fd3-photos.leclercdrive.fr/image.ashx?id=2759041&use=l&cat=p&typeid=i","cat":284533},{"id":184355,"n":"Boisson énergisante Red Bull  Goût Fruit du Dragon, 250ml","p":1.2,"u":"4,80 €/L","img":"https://fd3-photos.leclercdrive.fr/image.ashx?id=3011992&use=l&cat=p&typeid=i","cat":284533},{"id":184393,"n":"Gousses de vanille Vahiné En poudre sucrées - 8g","p":4.77,"u":"596,25 €/KG","img":"https://fd3-photos.leclercdrive.fr/image.ashx?id=2490587&use=l&cat=p&typeid=i","cat":284504},{"id":184396,"n":"Vanille en poudre Vahiné - 5g","p":8.26,"img":"https://fd3-photos.leclercdrive.fr/image.ashx?id=2559856&use=l&cat=p&typeid=i","cat":284504},{"id":184401,"n":"Bière black 8.6 50cl","p":2.03,"u":"4,06 €/L","img":"https://fd3-photos.leclercdrive.fr/image.ashx?id=2402071&use=l&cat=p&typeid=i","cat":334853},{"id":184403,"n":"Lait 2 Hipp Biologique Bio essentia 600g - dès 6 mois","p":9.12,"u":"15,20 €/KG","img":"https://fd3-photos.leclercdrive.fr/image.ashx?id=2926822&use=l&cat=p&typeid=i","cat":284727},{"id":184405,"n":"Bière blonde 3 Monts 50cl","p":2.53,"u":"5,06 €/L","img":"https://fd3-photos.leclercdrive.fr/image.ashx?id=2558577&use=l&cat=p&typeid=i","cat":334853},{"id":184411,"n":"Croquettes chiens Ultima mini stérilisé poulet - 1,35kg","p":5.07,"u":"3,76 €/KG","img":"https://fd3-photos.leclercdrive.fr/image.ashx?id=2902184&use=l&cat=p&typeid=i","cat":294526},{"id":184420,"n":"Sirop de citron Eco+ - 1L","p":1.66,"u":"1,66 €/L","img":"https://fd3-photos.leclercdrive.fr/image.ashx?id=2901416&use=l&cat=p&typeid=i","cat":295020},{"id":184426,"n":"Bière Desperados Virgin fresh berries - 00%vol - 3x33cl","p":4.23,"u":"4,27 €/L","img":"https://fd3-photos.leclercdrive.fr/image.ashx?id=2935927&use=l&cat=p&typeid=i","cat":334877},{"id":184427,"n":"Thé glacé Oasis Ice Tea Saveur Pêche - 1,5L","p":1.63,"u":"1,09 €/L","img":"https://fd3-photos.leclercdrive.fr/image.ashx?id=2688836&use=l&cat=p&typeid=i","cat":295019},{"id":184431,"n":"Boisson aux fruits Oasis Saveur Pomme Poire - 2L","p":2.5,"u":"1,25 €/L","img":"https://fd3-photos.leclercdrive.fr/image.ashx?id=3014455&use=l&cat=p&typeid=i","cat":295018},{"id":184432,"n":"Boisson orange brick Eco+ - 6x20cl","p":1.39,"u":"1,16 €/L","img":"https://fd3-photos.leclercdrive.fr/image.ashx?id=2863096&use=l&cat=p&typeid=i","cat":284521},{"id":184540,"n":"Fromage Fouetté Nature à tartiner Les Croisés - 150g","p":1.41,"u":"9,40 €/KG","img":"https://fd3-photos.leclercdrive.fr/image.ashx?id=2933452&use=l&cat=p&typeid=i","cat":314029},{"id":184548,"n":"Dessert Liégeois Délisse Café noisette - 4x100g","p":1.39,"u":"3,48 €/KG","img":"https://fd3-photos.leclercdrive.fr/image.ashx?id=2602370&use=l&cat=p&typeid=i","cat":285042},{"id":184551,"n":"Lessive en poudre Xeor fraîcheur x50 - 2.5kg","p":5.99,"u":"2,40 €/KG","img":"https://fd3-photos.leclercdrive.fr/image.ashx?id=2450101&use=l&cat=p&typeid=i","cat":284642},{"id":184553,"n":"Blocs WC Syphon fraîcheur marine x2 - 110g","p":2.0,"u":"18,18 €/KG","img":"https://fd3-photos.leclercdrive.fr/image.ashx?id=2670359&use=l&cat=p&typeid=i","cat":284662},{"id":184555,"n":"Blocs WC Syphon fraîcheur pin - x2","p":2.09,"u":"1,05 €/P","img":"https://fd3-photos.leclercdrive.fr/image.ashx?id=2670362&use=l&cat=p&typeid=i","cat":284662},{"id":184559,"n":"Liquide vaisselle Paic Eucalyptus - 750ml","p":2.33,"u":"3,11 €/L","img":"https://fd3-photos.leclercdrive.fr/image.ashx?id=2363243&use=l&cat=p&typeid=i","cat":284655},{"id":184561,"n":"Glaces Kinder Bueno x4 noisettes chocolat blanc - 248g","p":3.97,"u":"16,01 €/KG","img":"https://fd3-photos.leclercdrive.fr/image.ashx?id=2759071&use=l&cat=p&typeid=i","cat":284264},{"id":184566,"n":"Boisson végétale Bio Village Noisette bio - 1l","p":1.87,"u":"1,87 €/L","img":"https://fd3-photos.leclercdrive.fr/image.ashx?id=2362504&use=l&cat=p&typeid=i","cat":316067},{"id":184568,"n":"Muesli croustillant Bio village Bio Chocolat quinoa - 500g","p":4.2,"u":"8,40 €/KG","img":"https://fd3-photos.leclercdrive.fr/image.ashx?id=2720196&use=l&cat=p&typeid=i","cat":309512},{"id":184569,"n":"Muesli croustillant Bio Village Bio Chocolat - 500g","p":3.72,"u":"7,44 €/KG","img":"https://fd3-photos.leclercdrive.fr/image.ashx?id=2559984&use=l&cat=p&typeid=i","cat":309512},{"id":184570,"n":"Muesli croustillant Bio village 3 noix Bio - 500g","p":3.36,"u":"6,72 €/KG","img":"https://fd3-photos.leclercdrive.fr/image.ashx?id=2591488&use=l&cat=p&typeid=i","cat":309512},{"id":184571,"n":"Sauce barbecue Amora 285g","p":1.93,"u":"6,77 €/KG","img":"https://fd3-photos.leclercdrive.fr/image.ashx?id=3004447&use=l&cat=p&typeid=i","cat":318431},{"id":184572,"n":"Huile Oméga 3 Tramier  3 Huiles de graines 1l","p":3.5,"u":"3,50 €/L","img":"https://fd3-photos.leclercdrive.fr/image.ashx?id=2901154&use=l&cat=p&typeid=i","cat":284453},{"id":184583,"n":"Brumisateur Evian - 150ml","p":2.95,"u":"19,67 €/L","img":"https://fd3-photos.leclercdrive.fr/image.ashx?id=2862500&use=l&cat=p&typeid=i","cat":290295},{"id":184584,"n":"Brumisateur Evian - 400ml","p":4.13,"u":"10,33 €/L","img":"https://fd3-photos.leclercdrive.fr/image.ashx?id=2363431&use=l&cat=p&typeid=i","cat":290295},{"id":184620,"n":"AOP Gewurztraminer blanc Arthur Metz - 75cl","p":7.59,"u":"10,12 €/L","img":"https://fd3-photos.leclercdrive.fr/image.ashx?id=2376866&use=l&cat=p&typeid=i","cat":289557},{"id":184683,"n":"Caprice des Dieux Lot de 2x200g","p":4.35,"u":"10,88 €/KG","img":"https://fd3-photos.leclercdrive.fr/image.ashx?id=2367283&use=l&cat=p&typeid=i","cat":314033},{"id":184828,"n":"Persillade Ducros Première saveur 19g","p":3.07,"u":"161,58 €/KG","img":"https://fd3-photos.leclercdrive.fr/image.ashx?id=2559502&use=l&cat=p&typeid=i","cat":298297},{"id":184829,"n":"Fines herbes Ducros Première saveur - 16g","p":3.03,"u":"189,38 €/KG","img":"https://fd3-photos.leclercdrive.fr/image.ashx?id=2486626&use=l&cat=p&typeid=i","cat":298297},{"id":184830,"n":"Persillade provençale Ducros Première saveur 19g","p":3.4,"u":"178,95 €/KG","img":"https://fd3-photos.leclercdrive.fr/image.ashx?id=2486629&use=l&cat=p&typeid=i","cat":298297},{"id":184834,"n":"Macédoine fruits confits Vahiné 150g","p":2.8,"u":"18,67 €/KG","img":"https://fd3-photos.leclercdrive.fr/image.ashx?id=2490569&use=l&cat=p&typeid=i","cat":284504},{"id":184926,"n":"Sugo alla bolognese 340g","p":2.75,"u":"8,09 €/KG","img":"https://fd3-photos.leclercdrive.fr/image.ashx?id=2840022&use=l&cat=p&typeid=i","cat":287599},{"id":184928,"n":"Sauce Tradizioni d'Italia Arrabbiata - 340g","p":1.86,"u":"5,47 €/KG","img":"https://fd3-photos.leclercdrive.fr/image.ashx?id=2840031&use=l&cat=p&typeid=i","cat":288384},{"id":184955,"n":"Eau Aromatisée Vittel Aro Fruit Exotique - 1L","p":1.17,"u":"1,17 €/L","img":"https://fd3-photos.leclercdrive.fr/image.ashx?id=2737135&use=l&cat=p&typeid=i","cat":284537},{"id":184959,"n":"Moules du Pacifique ASC Costa 800g","p":7.93,"u":"9,91 €/KG","img":"https://fd3-photos.leclercdrive.fr/image.ashx?id=2741135&use=l&cat=p&typeid=i","cat":319787},{"id":184966,"n":"Cônes pâtissiers 3 Toques x12","p":1.82,"u":"12,13 €/KG","img":"https://fd3-photos.leclercdrive.fr/image.ashx?id=2375160&use=l&cat=p&typeid=i","cat":284487},{"id":184987,"n":"Truite fumée des Pyrénées Pêcheries Basques - 110g","p":6.46,"u":"58,73 €/KG","img":"https://fd3-photos.leclercdrive.fr/image.ashx?id=2372778&use=l&cat=p&typeid=i","cat":285188},{"id":184996,"n":"Infusion verveine Elephant Menthe, bio - x20","p":2.0,"u":"76,92 €/KG","img":"https://fd3-photos.leclercdrive.fr/image.ashx?id=2507578&use=l&cat=p&typeid=i","cat":293234},{"id":184997,"n":"Infusion bio Elephant Detox - x20","p":1.78,"u":"52,35 €/KG","img":"https://fd3-photos.leclercdrive.fr/image.ashx?id=2507566&use=l&cat=p&typeid=i","cat":293234},{"id":184998,"n":"Infusion Bio Elephant Gingembre Citron - 20 Sachets","p":1.84,"u":"54,12 €/KG","img":"https://fd3-photos.leclercdrive.fr/image.ashx?id=2507575&use=l&cat=p&typeid=i","cat":293234},{"id":184999,"n":"Infusion bio Elephant Relax - x20","p":2.07,"u":"79,62 €/KG","img":"https://fd3-photos.leclercdrive.fr/image.ashx?id=2507572&use=l&cat=p&typeid=i","cat":293234},{"id":185000,"n":"Infusion Bio Eléphant Menthe Thym - x20 sachets","p":1.98,"u":"76,15 €/KG","img":"https://fd3-photos.leclercdrive.fr/image.ashx?id=2507563&use=l&cat=p&typeid=i","cat":293234},{"id":185003,"n":"Infusion Eléphant Douce Nuit x20- 32g","p":2.44,"u":"76,25 €/KG","img":"https://fd3-photos.leclercdrive.fr/image.ashx?id=2507569&use=l&cat=p&typeid=i","cat":293234},{"id":185004,"n":"Infusion Bio Elephant Verveine - x20 sachets","p":2.52,"u":"96,92 €/KG","img":"https://fd3-photos.leclercdrive.fr/image.ashx?id=2520755&use=l&cat=p&typeid=i","cat":293234},{"id":185031,"n":"Dentifrice blancheur Colgate Max White Optic - 2x75ml","p":5.78,"u":"38,53 €/L","img":"https://fd3-photos.leclercdrive.fr/image.ashx?id=2369246&use=l&cat=p&typeid=i","cat":284612},{"id":185032,"n":"Dentifrice blancheur Colgate Max White One - 2x75ml","p":5.74,"u":"38,27 €/L","img":"https://fd3-photos.leclercdrive.fr/image.ashx?id=2369249&use=l&cat=p&typeid=i","cat":284612},{"id":185033,"n":"Rasoir rechargeable Bic Click  Soleil 5 - 1 rasoir + 2 lames","p":6.89,"u":"3,45 €/P","img":"https://fd3-photos.leclercdrive.fr/image.ashx?id=2768520&use=l&cat=p&typeid=i","cat":325352},{"id":185095,"n":"Bière Blonde Bisontine Bio Gangloff - 75cl 5% vol.","p":5.97,"u":"7,96 €/L","img":"https://fd3-photos.leclercdrive.fr/image.ashx?id=2370840&use=l&cat=p&typeid=i","cat":334873},{"id":185096,"n":"Bière Blanche Bisontine Bio Gangloff - 75cl 5% vol.","p":5.97,"u":"7,96 €/L","img":"https://fd3-photos.leclercdrive.fr/image.ashx?id=2370843&use=l&cat=p&typeid=i","cat":334878},{"id":185097,"n":"Bière Rousse Bisontine Bio Gangloff - 75cl 5% vol.","p":5.97,"u":"7,96 €/L","img":"https://fd3-photos.leclercdrive.fr/image.ashx?id=2370846&use=l&cat=p&typeid=i","cat":334852},{"id":185098,"n":"Bière Blonde Bisontine Bio Classique Gangloff  75cl 5%vol.","p":5.97,"u":"7,96 €/L","img":"https://fd3-photos.leclercdrive.fr/image.ashx?id=2370849&use=l&cat=p&typeid=i","cat":334873},{"id":185099,"n":"Bière Comtoise Bio Gangloff - 75cl 5%vol.","p":5.97,"u":"7,96 €/L","img":"https://fd3-photos.leclercdrive.fr/image.ashx?id=2370852&use=l&cat=p&typeid=i","cat":334872},{"id":185185,"n":"Barre Chocolat au Lait KitKat Chunky x4 barres - 160g","p":2.18,"u":"13,63 €/KG","img":"https://fd3-photos.leclercdrive.fr/image.ashx?id=2985453&use=l&cat=p&typeid=i","cat":284498},{"id":185230,"n":"Pavé de saumon fumé ASC Mowi Norvège - 125g","p":5.99,"u":"47,92 €/KG","img":"https://fd3-photos.leclercdrive.fr/image.ashx?id=2750075&use=l&cat=p&typeid=i","cat":284342},{"id":185244,"n":"Sucre Pure Via roux 220g","p":4.97,"u":"22,59 €/KG","img":"https://fd3-photos.leclercdrive.fr/image.ashx?id=2805384&use=l&cat=p&typeid=i","cat":324846},{"id":185264,"n":"Piles Energizer AA - x10","p":9.88,"u":"0,99 €/P","img":"https://fd3-photos.leclercdrive.fr/image.ashx?id=2850719&use=l&cat=p&typeid=i","cat":300572},{"id":185265,"n":"Piles Energizer AAA - x10","p":9.88,"u":"0,99 €/P","img":"https://fd3-photos.leclercdrive.fr/image.ashx?id=2850725&use=l&cat=p&typeid=i","cat":300572},{"id":185269,"n":"Vin d'Espagne rosé  Cepage Grenache - 5L","p":10.55,"u":"2,11 €/L","img":"https://fd3-photos.leclercdrive.fr/image.ashx?id=2549732&use=l&cat=p&typeid=i","cat":289558},{"id":185274,"n":"Chips Tuiles Pringles Bacon - 175g","p":2.09,"u":"11,94 €/KG","img":"https://fd3-photos.leclercdrive.fr/image.ashx?id=2661754&use=l&cat=p&typeid=i","cat":287899},{"id":185280,"n":"Cup nouilles Tanoshi Corée Poulet Gochugaru - 65g","p":1.43,"u":"22,00 €/KG","img":"https://fd3-photos.leclercdrive.fr/image.ashx?id=2732266&use=l&cat=p&typeid=i","cat":288992},{"id":185282,"n":"Nouilles Ramen Tanoshi Japon Nature Bio - 340g","p":2.53,"u":"7,44 €/KG","img":"https://fd3-photos.leclercdrive.fr/image.ashx?id=2906241&use=l&cat=p&typeid=i","cat":288992},{"id":185288,"n":"Crème fouettée Président Extra  Vanille Bourbon - 250g","p":3.5,"u":"14,00 €/KG","img":"https://fd3-photos.leclercdrive.fr/image.ashx?id=2799374&use=l&cat=p&typeid=i","cat":284382},{"id":185443,"n":"Thé vert citron Yate x25 - 37,5g","p":0.79,"u":"20,79 €/KG","img":"https://fd3-photos.leclercdrive.fr/image.ashx?id=2646008&use=l&cat=p&typeid=i","cat":293233},{"id":185460,"n":"Crème dessert La Laitière  Frais Fondant vanille - 4x115g","p":2.31,"u":"5,02 €/KG","img":"https://fd3-photos.leclercdrive.fr/image.ashx?id=2674548&use=l&cat=p&typeid=i","cat":285041},{"id":185461,"n":"Crème dessert La Laitière  Frais Fondant caramel - 4x115g","p":2.11,"u":"4,59 €/KG","img":"https://fd3-photos.leclercdrive.fr/image.ashx?id=2742794&use=l&cat=p&typeid=i","cat":285041},{"id":185464,"n":"AOC Vin Rosé Cabernet d'Anjou Château de Cosses - 75cl","p":4.75,"u":"6,33 €/L","img":"https://fd3-photos.leclercdrive.fr/image.ashx?id=2374492&use=l&cat=p&typeid=i","cat":289558},{"id":185494,"n":"Herbes de provence Ducros 35g","p":3.19,"u":"91,14 €/KG","img":"https://fd3-photos.leclercdrive.fr/image.ashx?id=2559505&use=l&cat=p&typeid=i","cat":298297},{"id":185495,"n":"Persillade de France Ducros 25g","p":1.78,"u":"71,20 €/KG","img":"https://fd3-photos.leclercdrive.fr/image.ashx?id=2374713&use=l&cat=p&typeid=i","cat":298297},{"id":185508,"n":"Biscuits fourrés BN  Vanille - 285g","p":1.17,"u":"4,11 €/KG","img":"https://fd3-photos.leclercdrive.fr/image.ashx?id=2475005&use=l&cat=p&typeid=i","cat":284488},{"id":185567,"n":"Liniment oléo-calcaire Biolane  700 ml","p":7.0,"u":"10,00 €/L","img":"https://fd3-photos.leclercdrive.fr/image.ashx?id=2586864&use=l&cat=p&typeid=i","cat":284741},{"id":185568,"n":"Gel Lavant Biolane Corps et cheveux 750 ml","p":5.77,"u":"7,69 €/L","img":"https://fd3-photos.leclercdrive.fr/image.ashx?id=2586867&use=l&cat=p&typeid=i","cat":284740},{"id":185571,"n":"Eau pure H2O Biolane 750 ml","p":5.42,"u":"7,23 €/L","img":"https://fd3-photos.leclercdrive.fr/image.ashx?id=2733247&use=l&cat=p&typeid=i","cat":284741},{"id":185574,"n":"Confitures Léonce Blanc 70% Mangues - 320g","p":2.7,"u":"8,44 €/KG","img":"https://fd3-photos.leclercdrive.fr/image.ashx?id=2504191&use=l&cat=p&typeid=i","cat":284480},{"id":185598,"n":"Lave-glace L'Arbre Vert Toutes saisons -15°C - 5L","p":5.99,"u":"1,20 €/L","img":"https://fd3-photos.leclercdrive.fr/image.ashx?id=2739288&use=l&cat=p&typeid=i","cat":298252},{"id":185634,"n":"Pain Bruschetta Florelli à l'huile d'olive - 400g","p":2.67,"u":"6,68 €/KG","img":"https://fd3-photos.leclercdrive.fr/image.ashx?id=3012206&use=l&cat=p&typeid=i","cat":289010},{"id":185649,"n":"AOP Coteaux Varois Rosé Révélation Bio - 75cl","p":8.07,"u":"10,76 €/L","img":"https://fd3-photos.leclercdrive.fr/image.ashx?id=2871874&use=l&cat=p&typeid=i","cat":289558},{"id":185742,"n":"AOP Côtes-du-Rhône Villages La Pierradière - 75cl","p":5.69,"u":"7,59 €/L","img":"https://fd3-photos.leclercdrive.fr/image.ashx?id=2506191&use=l&cat=p&typeid=i","cat":289556},{"id":185744,"n":"AOP Mâcon-Villages Blason de Bourgogne - 75cl","p":6.2,"u":"8,27 €/L","img":"https://fd3-photos.leclercdrive.fr/image.ashx?id=2377544&use=l&cat=p&typeid=i","cat":289557},{"id":185768,"n":"Riz forestière individuel William Saurin - 300g","p":2.67,"u":"8,90 €/KG","img":"https://fd3-photos.leclercdrive.fr/image.ashx?id=2528726&use=l&cat=p&typeid=i","cat":284953},{"id":185831,"n":"Préparation Gâteau alsa Moelleux Marbré - 435g","p":2.19,"u":"5,03 €/KG","img":"https://fd3-photos.leclercdrive.fr/image.ashx?id=2996428&use=l&cat=p&typeid=i","cat":284505},{"id":185835,"n":"Amandes grillées salées Tokapi 150g","p":2.19,"u":"14,60 €/KG","img":"https://fd3-photos.leclercdrive.fr/image.ashx?id=2793308&use=l&cat=p&typeid=i","cat":284448},{"id":185837,"n":"Bonbon à sucer Ricola Douceur de miel - 50g","p":2.17,"u":"43,40 €/KG","img":"https://fd3-photos.leclercdrive.fr/image.ashx?id=2382198&use=l&cat=p&typeid=i","cat":304252},{"id":185842,"n":"Soufflés Snack's Tokapi  Cacahuète - 160g","p":0.72,"u":"4,50 €/KG","img":"https://fd3-photos.leclercdrive.fr/image.ashx?id=2864942&use=l&cat=p&typeid=i","cat":284449},{"id":185854,"n":"Bière blonde Tripel Karmeliet 8,4% - 12x25cl","p":15.9,"pp":11.93,"u":"3,98 €/L","img":"https://fd3-photos.leclercdrive.fr/image.ashx?id=2457485&use=l&cat=p&typeid=i","cat":334872},{"id":185932,"n":"Muesli céréales anciennes Bio 3 Noix & Graines Bjorg - 375g","p":3.43,"u":"9,15 €/KG","img":"https://fd3-photos.leclercdrive.fr/image.ashx?id=2986329&use=l&cat=p&typeid=i","cat":309512},{"id":185933,"n":"Croustillant chocolat noisette  Bio Bjorg - 450g","p":3.8,"u":"8,44 €/KG","img":"https://fd3-photos.leclercdrive.fr/image.ashx?id=2906238&use=l&cat=p&typeid=i","cat":309512},{"id":185935,"n":"Muesli céréales anciennes Bio Chocolat Fèves cacao Bjorg 375g","p":4.13,"u":"11,01 €/KG","img":"https://fd3-photos.leclercdrive.fr/image.ashx?id=2960291&use=l&cat=p&typeid=i","cat":309512},{"id":185950,"n":"Cristaline fontaine 8L","p":2.51,"u":"0,31 €/L","img":"https://fd3-photos.leclercdrive.fr/image.ashx?id=2418891&use=l&cat=p&typeid=i","cat":284535},{"id":185999,"n":"Boisson végétale Bio Village Riz nature bio - 1l","p":1.65,"u":"1,65 €/L","img":"https://fd3-photos.leclercdrive.fr/image.ashx?id=2381581&use=l&cat=p&typeid=i","cat":316067},{"id":186002,"n":"Porto blanc Dorrao 18%vol - 75cl","p":6.07,"u":"8,09 €/L","img":"https://fd3-photos.leclercdrive.fr/image.ashx?id=2869880&use=l&cat=p&typeid=i","cat":284913},{"id":186043,"n":"Lardons Nature Herta  Sans nitrite - 2x75g","p":1.9,"u":"12,67 €/KG","img":"https://fd3-photos.leclercdrive.fr/image.ashx?id=2785802&use=l&cat=p&typeid=i","cat":316011},{"id":186048,"n":"Masque 2 en 1 Energie Fruit Sans silicone Monoi - 300ml","p":4.45,"u":"14,83 €/L","img":"https://fd3-photos.leclercdrive.fr/image.ashx?id=2795878&use=l&cat=p&typeid=i","cat":284608},{"id":186055,"n":"Boisson énergisante Red Bull Goût Pastèque, 250ml","p":1.25,"u":"5,00 €/L","img":"https://fd3-photos.leclercdrive.fr/image.ashx?id=2471655&use=l&cat=p&typeid=i","cat":284533},{"id":186056,"n":"Boisson énergisante Red Bull Goût Coco-Acaï, 250ml","p":1.23,"u":"4,92 €/L","img":"https://fd3-photos.leclercdrive.fr/image.ashx?id=2471658&use=l&cat=p&typeid=i","cat":284533},{"id":186078,"n":"Tartinade de thon Petit Navire Tomates séchées et Thym 2x125g","p":3.97,"u":"15,88 €/KG","img":"https://fd3-photos.leclercdrive.fr/image.ashx?id=2835845&use=l&cat=p&typeid=i","cat":303867},{"id":186108,"n":"Savon solide Bio Mots d'enfants 100g","p":1.29,"u":"12,90 €/KG","img":"https://fd3-photos.leclercdrive.fr/image.ashx?id=3015126&use=l&cat=p&typeid=i","cat":284740},{"id":186202,"n":"Mozzarella Les Croisés Tranchettes - 200g","p":1.99,"u":"9,95 €/KG","img":"https://fd3-photos.leclercdrive.fr/image.ashx?id=2383094&use=l&cat=p&typeid=i","cat":314026},{"id":186231,"n":"Thé vert jasmin Bio Ethiquable Vietnam  - 36g","p":2.64,"u":"73,33 €/KG","img":"https://fd3-photos.leclercdrive.fr/image.ashx?id=2870923&use=l&cat=p&typeid=i","cat":293233},{"id":186258,"n":"Lessive Capsules Tout-en-1 Skip Fraîcheur Intense x26 Capsules","p":10.33,"u":"18,75 €/KG","img":"https://fd3-photos.leclercdrive.fr/image.ashx?id=2978934&use=l&cat=p&typeid=i","cat":284641},{"id":186262,"n":"Lessive Capsules Tout-en-1 Skip Peaux Sensibles & Bébé x26","p":12.17,"u":"22,09 €/KG","img":"https://fd3-photos.leclercdrive.fr/image.ashx?id=2790816&use=l&cat=p&typeid=i","cat":284641},{"id":186263,"n":"Lessive Capsules Tout-en-1 Skip Fraîcheur Intense 38 Lavages","p":15.27,"u":"18,95 €/KG","img":"https://fd3-photos.leclercdrive.fr/image.ashx?id=2929236&use=l&cat=p&typeid=i","cat":284641},{"id":186267,"n":"Lingettes bébé visage et mains Biolane - 64 lingettes","p":2.43,"u":"0,04 €/P","img":"https://fd3-photos.leclercdrive.fr/image.ashx?id=2876539&use=l&cat=p&typeid=i","cat":284738},{"id":186292,"n":"Nettoyant jantes gel Tech9 500ml","p":5.49,"u":"10,98 €/L","img":"https://fd3-photos.leclercdrive.fr/image.ashx?id=2527340&use=l&cat=p&typeid=i","cat":298252},{"id":186293,"n":"Répare crevaison Tech9 400ml","p":5.19,"u":"12,98 €/L","img":"https://fd3-photos.leclercdrive.fr/image.ashx?id=2527337&use=l&cat=p&typeid=i","cat":298252},{"id":186296,"n":"Lessive Capsules Skip Tout-en-1 Active Clean x38","p":15.27,"u":"18,95 €/KG","img":"https://fd3-photos.leclercdrive.fr/image.ashx?id=2757114&use=l&cat=p&typeid=i","cat":284641},{"id":186306,"n":"Liniment oléo-calcaire Biolane 300ml","p":3.63,"u":"12,10 €/L","img":"https://fd3-photos.leclercdrive.fr/image.ashx?id=2586861&use=l&cat=p&typeid=i","cat":284741},{"id":186310,"n":"Gel WC Désinfectant Canard Action Intense Fresh - 750ml","p":1.81,"u":"2,41 €/L","img":"https://fd3-photos.leclercdrive.fr/image.ashx?id=2488013&use=l&cat=p&typeid=i","cat":284662},{"id":186314,"n":"Brosse à dent enfant Dentamyl Bambou - x1","p":0.99,"img":"https://fd3-photos.leclercdrive.fr/image.ashx?id=2384710&use=l&cat=p&typeid=i","cat":288897},{"id":186322,"n":"Lingettes pour bébé Pampers Harmonie Aqua - 3x48","p":6.08,"u":"0,04 €/P","img":"https://fd3-photos.leclercdrive.fr/image.ashx?id=2903809&use=l&cat=p&typeid=i","cat":284738},{"id":186357,"n":"Jeu vidéo : FIFA 23 Plateforme : PS5","p":22.99,"img":"https://fd3-photos.leclercdrive.fr/image.ashx?id=2384866&use=l&cat=p&typeid=i","cat":300553},{"id":186393,"n":"Felix Naturally Delicious Poulet - 100g","p":2.67,"u":"26,70 €/KG","img":"https://fd3-photos.leclercdrive.fr/image.ashx?id=2617477&use=l&cat=p&typeid=i","cat":285285},{"id":186394,"n":"Felix Naturally Delicious Saumon - 100g","p":2.57,"u":"25,70 €/KG","img":"https://fd3-photos.leclercdrive.fr/image.ashx?id=2447214&use=l&cat=p&typeid=i","cat":285285},{"id":186460,"n":"Pâtes Pipe Rigate Panzani 500g","p":1.24,"u":"2,48 €/KG","img":"https://fd3-photos.leclercdrive.fr/image.ashx?id=2902954&use=l&cat=p&typeid=i","cat":284427},{"id":186462,"n":"Ciboulette lyophilisée Ducros 3g","p":2.07,"u":"690,00 €/KG","img":"https://fd3-photos.leclercdrive.fr/image.ashx?id=2486620&use=l&cat=p&typeid=i","cat":298297},{"id":186466,"n":"Mayonnaise citron Bénédicta Bocal - 255g","p":2.18,"u":"8,55 €/KG","img":"https://fd3-photos.leclercdrive.fr/image.ashx?id=2828148&use=l&cat=p&typeid=i","cat":298295},{"id":186467,"n":"Mayonnaise Comme à la maison Bénédicta - Bocal - 255g","p":2.04,"u":"8,00 €/KG","img":"https://fd3-photos.leclercdrive.fr/image.ashx?id=2629265&use=l&cat=p&typeid=i","cat":298295},{"id":186468,"n":"Pulpe de tomates Cirio 680g","p":2.14,"u":"3,15 €/KG","img":"https://fd3-photos.leclercdrive.fr/image.ashx?id=2857830&use=l&cat=p&typeid=i","cat":288384},{"id":186470,"n":"Sauce tomates cuisinées Mutti 400g","p":1.93,"u":"4,83 €/KG","img":"https://fd3-photos.leclercdrive.fr/image.ashx?id=2854774&use=l&cat=p&typeid=i","cat":288384},{"id":186471,"n":"Gousses de vanille Madagascar Sainte Lucie - 5.4g","p":5.39,"img":"https://fd3-photos.leclercdrive.fr/image.ashx?id=2386569&use=l&cat=p&typeid=i","cat":284504},{"id":186486,"n":"Ananas en morceaux au jus Rochefontaine - 340g","p":2.28,"u":"6,71 €/KG","img":"https://fd3-photos.leclercdrive.fr/image.ashx?id=2624278&use=l&cat=p&typeid=i","cat":284507},{"id":186488,"n":"Purée de pomme et clémentines Babybio - 260g","p":2.86,"u":"11,00 €/KG","img":"https://fd3-photos.leclercdrive.fr/image.ashx?id=2838341&use=l&cat=p&typeid=i","cat":312388},{"id":186495,"n":"Capsules café L'Or Espresso Chocolat x10","p":4.17,"u":"80,19 €/KG","img":"https://fd3-photos.leclercdrive.fr/image.ashx?id=2387043&use=l&cat=p&typeid=i","cat":284749},{"id":186531,"n":"Lot de 3 culottes menstruelles  Feel Natural - x1","p":12.24,"img":"https://fd3-photos.leclercdrive.fr/image.ashx?id=2608250&use=l&cat=p&typeid=i","cat":284624},{"id":186549,"n":"Bière Blonde De Garde - Meteor  75cl 7.2%vol","p":2.97,"u":"3,96 €/L","img":"https://fd3-photos.leclercdrive.fr/image.ashx?id=2896159&use=l&cat=p&typeid=i","cat":334873},{"id":186568,"n":"Smoothie Green True Fruits - 75cl","p":4.97,"u":"6,63 €/L","img":"https://fd3-photos.leclercdrive.fr/image.ashx?id=3008999&use=l&cat=p&typeid=i","cat":285435},{"id":186569,"n":"Calamars Romana MSC Escal - 700g","p":9.88,"u":"14,11 €/KG","img":"https://fd3-photos.leclercdrive.fr/image.ashx?id=2833447&use=l&cat=p&typeid=i","cat":319788},{"id":186632,"n":"Gants de Protection Taille S - Mapa 80+20 offerts","p":10.98,"u":"0,11 €/P","img":"https://fd3-photos.leclercdrive.fr/image.ashx?id=2388703&use=l&cat=p&typeid=i","cat":284668},{"id":186634,"n":"Gants de Protection Taille L - Mapa 80+20 offerts","p":11.62,"u":"0,12 €/P","img":"https://fd3-photos.leclercdrive.fr/image.ashx?id=2388709&use=l&cat=p&typeid=i","cat":284668},{"id":186640,"n":"Galettes Epeautre Bio Nappées Chocolat - 150g","p":2.06,"u":"13,73 €/KG","img":"https://fd3-photos.leclercdrive.fr/image.ashx?id=2816880&use=l&cat=p&typeid=i","cat":284487},{"id":186652,"n":"Boisson végétale soja Alpro  macchiato - 1L","p":2.93,"u":"2,93 €/L","img":"https://fd3-photos.leclercdrive.fr/image.ashx?id=2981665&use=l&cat=p&typeid=i","cat":316067},{"id":186657,"n":"Crème dessert Delisse Chocolat - 6x125g","p":1.42,"u":"1,89 €/KG","img":"https://fd3-photos.leclercdrive.fr/image.ashx?id=2441492&use=l&cat=p&typeid=i","cat":285041},{"id":186660,"n":"Dessert végétal soja Alpro  Citron et Citron Vert - 500g","p":2.18,"u":"4,36 €/KG","img":"https://fd3-photos.leclercdrive.fr/image.ashx?id=2977678&use=l&cat=p&typeid=i","cat":316071},{"id":186686,"n":"Déodorant stick Homme Mennen Marine Sans Alcool - 60ml","p":3.19,"u":"53,17 €/L","img":"https://fd3-photos.leclercdrive.fr/image.ashx?id=2869107&use=l&cat=p&typeid=i","cat":284618},{"id":186688,"n":"Déodorant stick Homme Mennen Sans Alcool Anti-Traces - 60ml","p":3.18,"u":"53,00 €/L","img":"https://fd3-photos.leclercdrive.fr/image.ashx?id=2869110&use=l&cat=p&typeid=i","cat":284618},{"id":186710,"n":"Boisson Végétale Alpro Avoine - 1L","p":2.54,"u":"2,54 €/L","img":"https://fd3-photos.leclercdrive.fr/image.ashx?id=2790264&use=l&cat=p&typeid=i","cat":316067},{"id":186711,"n":"Boisson Végétale Alpro Soja Nature Protéiné - 1L","p":2.74,"u":"0,69 €/L","img":"https://fd3-photos.leclercdrive.fr/image.ashx?id=2981674&use=l&cat=p&typeid=i","cat":316067},{"id":186758,"n":"Tablette Chocolat Noir Lindt Noisettes Caramel Lot 2x100g","p":3.81,"u":"19,05 €/KG","img":"https://fd3-photos.leclercdrive.fr/image.ashx?id=2388487&use=l&cat=p&typeid=i","cat":284956},{"id":186784,"n":"Tarte Flambée Tradition - 4x260g","p":7.64,"u":"7,35 €/KG","img":"https://fd3-photos.leclercdrive.fr/image.ashx?id=2389785&use=l&cat=p&typeid=i","cat":284257},{"id":186844,"n":"AOP Champagne premier cru Brut Gaston Dericbourg - 75cl","p":22.59,"u":"30,12 €/L","img":"https://fd3-photos.leclercdrive.fr/image.ashx?id=2535037&use=l&cat=p&typeid=i","cat":289557},{"id":186853,"n":"Lessive Capsules Tout-en-1 Skip Touche de Cajoline 24 Lavages","p":11.33,"u":"22,26 €/KG","img":"https://fd3-photos.leclercdrive.fr/image.ashx?id=2956688&use=l&cat=p&typeid=i","cat":284641},{"id":186856,"n":"Lessive Capsules Skip Tout-en-1 Extra Détachant x24","p":11.15,"u":"21,91 €/KG","img":"https://fd3-photos.leclercdrive.fr/image.ashx?id=2956691&use=l&cat=p&typeid=i","cat":284641},{"id":186857,"n":"Lessive Capsules Skip Tout-en-1 Cajoline 36 Lavages","p":13.31,"u":"17,44 €/KG","img":"https://fd3-photos.leclercdrive.fr/image.ashx?id=2929239&use=l&cat=p&typeid=i","cat":284641},{"id":186870,"n":"Préparation pour moelleux Tablier Blanc citron - 435g","p":1.97,"u":"4,53 €/KG","img":"https://fd3-photos.leclercdrive.fr/image.ashx?id=2487497&use=l&cat=p&typeid=i","cat":284504},{"id":186920,"n":"Tuiles Monster Munch Crazy Original - 150g","p":1.85,"u":"12,33 €/KG","img":"https://fd3-photos.leclercdrive.fr/image.ashx?id=2921735&use=l&cat=p&typeid=i","cat":287899},{"id":186923,"n":"Tuiles Monster Munch  Crazy crème oignon - 150g","p":1.9,"u":"12,67 €/KG","img":"https://fd3-photos.leclercdrive.fr/image.ashx?id=2916881&use=l&cat=p&typeid=i","cat":287899},{"id":186926,"n":"Tuiles Monster Munch Crazy paprika - 150g","p":1.9,"u":"12,67 €/KG","img":"https://fd3-photos.leclercdrive.fr/image.ashx?id=2955339&use=l&cat=p&typeid=i","cat":287899},{"id":186946,"n":"Mouliné Bio Village Bio - légumes variés  - 2x30cl","p":1.69,"u":"5,63 €/L","img":"https://fd3-photos.leclercdrive.fr/image.ashx?id=2404157&use=l&cat=p&typeid=i","cat":284462},{"id":187025,"n":"Lessive Feuilles Magiques Dr Beckmann l'Eclatante x25","p":4.37,"u":"0,17 €/P","img":"https://fd3-photos.leclercdrive.fr/image.ashx?id=3011800&use=l&cat=p&typeid=i","cat":284644},{"id":187027,"n":"Shampooing sec Batiste Cheveux bruns - 200ml","p":5.54,"u":"27,70 €/L","img":"https://fd3-photos.leclercdrive.fr/image.ashx?id=2975963&use=l&cat=p&typeid=i","cat":289143},{"id":187029,"n":"Coton-tiges ouatés Inell Boîte - x300 bâtonnets","p":0.73,"img":"https://fd3-photos.leclercdrive.fr/image.ashx?id=2824301&use=l&cat=p&typeid=i","cat":284636},{"id":187105,"n":"Trousse marqueurs Pintor Pilot Moyen - Couleurs froides - x10","p":17.9,"u":"1,79 €/P","img":"https://fd3-photos.leclercdrive.fr/image.ashx?id=2731228&use=l&cat=p&typeid=i","cat":284696},{"id":187106,"n":"Trousse marqueurs Pintor Pilot Moyen - Couleurs chaudes - x10","p":15.26,"u":"1,53 €/P","img":"https://fd3-photos.leclercdrive.fr/image.ashx?id=2935990&use=l&cat=p&typeid=i","cat":284696},{"id":187126,"n":"Crunch Chocolat Noël Moulage Renne - 88g","p":3.37,"u":"38,30 €/KG","img":"https://fd3-photos.leclercdrive.fr/image.ashx?id=2394096&use=l&cat=p&typeid=i","cat":327592},{"id":187198,"n":"Pain de mie 100% Mie Harrys Tranches épaisses Nature - 500g","p":2.33,"u":"4,66 €/KG","img":"https://fd3-photos.leclercdrive.fr/image.ashx?id=2686783&use=l&cat=p&typeid=i","cat":284477},{"id":187238,"n":"Savon Le Petit Marseillais  Solide chevrefeuile-4x100g","p":2.19,"u":"5,48 €/KG","img":"https://fd3-photos.leclercdrive.fr/image.ashx?id=2684200&use=l&cat=p&typeid=i","cat":284597},{"id":187241,"n":"Savon Le Petit Marseillais  Solide amande douce - 2x100g","p":1.86,"u":"9,30 €/KG","img":"https://fd3-photos.leclercdrive.fr/image.ashx?id=2684203&use=l&cat=p&typeid=i","cat":284597},{"id":187247,"n":"Serviettes hygiéniques Always Cotton Protection Long - x9","p":3.2,"u":"0,36 €/P","img":"https://fd3-photos.leclercdrive.fr/image.ashx?id=2910225&use=l&cat=p&typeid=i","cat":284624},{"id":187261,"n":"Culottes fuites urinaires Plus Always Discreet - M - x9","p":7.09,"u":"0,79 €/P","img":"https://fd3-photos.leclercdrive.fr/image.ashx?id=2737525&use=l&cat=p&typeid=i","cat":284628},{"id":187270,"n":"Multipack création assortiment gelée 6 x 85 g Poésie","p":4.58,"u":"8,98 €/KG","img":"https://fd3-photos.leclercdrive.fr/image.ashx?id=2396827&use=l&cat=p&typeid=i","cat":285286},{"id":187272,"n":"Physyo croquettes pour chien maintenance 2kg","p":9.24,"u":"4,62 €/KG","img":"https://fd3-photos.leclercdrive.fr/image.ashx?id=2735923&use=l&cat=p&typeid=i","cat":294526},{"id":187277,"n":"Biscuits familial Oreo x2 - 440g","p":5.73,"u":"6,51 €/KG","img":"https://fd3-photos.leclercdrive.fr/image.ashx?id=2601214&use=l&cat=p&typeid=i","cat":284488},{"id":187280,"n":"Biscuits Oréo pocket 3x246g","p":6.27,"u":"8,50 €/KG","img":"https://fd3-photos.leclercdrive.fr/image.ashx?id=2601217&use=l&cat=p&typeid=i","cat":284488},{"id":187282,"n":"Biscuits Oreo  3x246g","p":6.04,"u":"8,18 €/KG","img":"https://fd3-photos.leclercdrive.fr/image.ashx?id=2525735&use=l&cat=p&typeid=i","cat":284488},{"id":187330,"n":"Porto Tawny Dorrao 18°C - 75cl","p":6.35,"u":"8,47 €/L","img":"https://fd3-photos.leclercdrive.fr/image.ashx?id=2869877&use=l&cat=p&typeid=i","cat":284913},{"id":187342,"n":"Bûche Nestlé 3 Chocolats 540g","p":6.78,"u":"12,56 €/KG","img":"https://fd3-photos.leclercdrive.fr/image.ashx?id=2936713&use=l&cat=p&typeid=i","cat":284266},{"id":187343,"n":"Bûche Pilpa Exquise 3 Chocolats - 535g","p":5.27,"u":"9,85 €/KG","img":"https://fd3-photos.leclercdrive.fr/image.ashx?id=2751027&use=l&cat=p&typeid=i","cat":284266},{"id":187344,"n":"Bûche Pilpa Caramel beurre salé - 535g","p":5.27,"u":"9,85 €/KG","img":"https://fd3-photos.leclercdrive.fr/image.ashx?id=2751036&use=l&cat=p&typeid=i","cat":284266},{"id":187345,"n":"Bûche Nestlé Délice à l'Ancienne - 540g","p":7.43,"u":"13,76 €/KG","img":"https://fd3-photos.leclercdrive.fr/image.ashx?id=2749982&use=l&cat=p&typeid=i","cat":284266},{"id":187352,"n":"Bûche Pilpa Caprices des Îles - 564g","p":5.27,"u":"9,34 €/KG","img":"https://fd3-photos.leclercdrive.fr/image.ashx?id=2749961&use=l&cat=p&typeid=i","cat":284266},{"id":187355,"n":"Bûche Signature Eskiss Nougat - 487g","p":5.59,"u":"11,48 €/KG","img":"https://fd3-photos.leclercdrive.fr/image.ashx?id=2791365&use=l&cat=p&typeid=i","cat":284266},{"id":187356,"n":"Bûche Signature Eskiss Coco Mangue - 476g","p":5.59,"u":"11,74 €/KG","img":"https://fd3-photos.leclercdrive.fr/image.ashx?id=2974825&use=l&cat=p&typeid=i","cat":284266},{"id":187357,"n":"Bûche Signature Eskiss Vanille Caramel - 490g","p":5.59,"u":"11,41 €/KG","img":"https://fd3-photos.leclercdrive.fr/image.ashx?id=2974828&use=l&cat=p&typeid=i","cat":284266},{"id":187358,"n":"Bûche Signature Eskiss Façon rocher - 501g","p":5.59,"u":"11,16 €/KG","img":"https://fd3-photos.leclercdrive.fr/image.ashx?id=2791374&use=l&cat=p&typeid=i","cat":284266},{"id":187365,"n":"Desserts Lactés P'TIT BRASSE Nature 6M+ - 4x90g","p":2.14,"u":"5,94 €/KG","img":"https://fd3-photos.leclercdrive.fr/image.ashx?id=2594223&use=l&cat=p&typeid=i","cat":312392},{"id":187379,"n":"Bûche glacée Erhard Vanille Caramel - 470g","p":9.97,"pp":6.98,"u":"14,85 €/KG","img":"https://fd3-photos.leclercdrive.fr/image.ashx?id=2395939&use=l&cat=p&typeid=i","cat":284266},{"id":187383,"n":"Fromage à tartiner Madame Loïk Fouetté Ail Fines Herbes - 275g","p":3.08,"u":"11,20 €/KG","img":"https://fd3-photos.leclercdrive.fr/image.ashx?id=2774619&use=l&cat=p&typeid=i","cat":314029},{"id":187387,"n":"Truite fumée de France Labeyrie 4 tranches - 120g","p":5.88,"u":"49,00 €/KG","img":"https://fd3-photos.leclercdrive.fr/image.ashx?id=2803535&use=l&cat=p&typeid=i","cat":285188},{"id":187388,"n":"Assortiment chocolats Côte d'Or Collection - 345g","p":13.65,"u":"39,57 €/KG","img":"https://fd3-photos.leclercdrive.fr/image.ashx?id=2494057&use=l&cat=p&typeid=i","cat":327595},{"id":187392,"n":"Tagliatelle Lustucru Selection  Basilic - 300g","p":2.16,"u":"7,20 €/KG","img":"https://fd3-photos.leclercdrive.fr/image.ashx?id=2939490&use=l&cat=p&typeid=i","cat":333682},{"id":187395,"n":"Tortellini Lustucru Selection  Poulet Crème 300g","p":2.59,"u":"8,63 €/KG","img":"https://fd3-photos.leclercdrive.fr/image.ashx?id=2975212&use=l&cat=p&typeid=i","cat":333682},{"id":187403,"n":"Feuilletés Jambon Fromage Eco+ x10 - 650g","p":2.63,"u":"4,05 €/KG","img":"https://fd3-photos.leclercdrive.fr/image.ashx?id=2814851&use=l&cat=p&typeid=i","cat":319776},{"id":187411,"n":"Sélection de gambas sauvages Pescanova - 800g","p":24.9,"pp":16.43,"u":"20,54 €/KG","img":"https://fd3-photos.leclercdrive.fr/image.ashx?id=2395948&use=l&cat=p&typeid=i","cat":319787},{"id":187448,"n":"Frites ondulées McCain Côté Burger - 650g","p":2.78,"u":"4,28 €/KG","img":"https://fd3-photos.leclercdrive.fr/image.ashx?id=2920027&use=l&cat=p&typeid=i","cat":319791},{"id":187453,"n":"Thé noir Lipton Yellow x100 sachets - 200g","p":4.28,"u":"21,40 €/KG","img":"https://fd3-photos.leclercdrive.fr/image.ashx?id=2517655&use=l&cat=p&typeid=i","cat":293233},{"id":187454,"n":"Crème dessert Sojasun Caramel pointe de sel - 4x100g","p":1.87,"u":"4,68 €/KG","img":"https://fd3-photos.leclercdrive.fr/image.ashx?id=2397349&use=l&cat=p&typeid=i","cat":316071},{"id":187460,"n":"Sous-vêtements de nuit Ninjamas Fille - T7 - x10","p":8.65,"u":"0,87 €/P","img":"https://fd3-photos.leclercdrive.fr/image.ashx?id=2507212&use=l&cat=p&typeid=i","cat":290633},{"id":187461,"n":"Préparation Tablier Blanc Fondant au chocolat - 320g","p":2.19,"u":"6,84 €/KG","img":"https://fd3-photos.leclercdrive.fr/image.ashx?id=2487500&use=l&cat=p&typeid=i","cat":284505},{"id":187462,"n":"Préparation Tablier Blanc Moelleux au chocolat - 435g","p":1.97,"u":"4,53 €/KG","img":"https://fd3-photos.leclercdrive.fr/image.ashx?id=2487503&use=l&cat=p&typeid=i","cat":284505},{"id":187471,"n":"Bûche glacée L'Angélys Chocolat Mandarine - 330g","p":7.47,"u":"22,64 €/KG","img":"https://fd3-photos.leclercdrive.fr/image.ashx?id=2902208&use=l&cat=p&typeid=i","cat":284266},{"id":187475,"n":"Dés de Chorizo Fleury Michon 120g","p":2.72,"u":"22,67 €/KG","img":"https://fd3-photos.leclercdrive.fr/image.ashx?id=2661196&use=l&cat=p&typeid=i","cat":316011},{"id":187478,"n":"Cordon bleu de poulet Eco+ 200g","p":1.45,"u":"7,25 €/KG","img":"https://fd3-photos.leclercdrive.fr/image.ashx?id=2758294&use=l&cat=p&typeid=i","cat":333683},{"id":187493,"n":"Brassés brebis Baby Bio Bio mirabelle - 260g","p":2.89,"u":"11,12 €/KG","img":"https://fd3-photos.leclercdrive.fr/image.ashx?id=2875393&use=l&cat=p&typeid=i","cat":312392},{"id":187547,"n":"Moutarde Fine & Forte AMORA Flacon Souple - 460g","p":2.38,"u":"5,17 €/KG","img":"https://fd3-photos.leclercdrive.fr/image.ashx?id=2877271&use=l&cat=p&typeid=i","cat":288850},{"id":187576,"n":"Pâtes Coquillette Panzani Complètement Bon - 500G","p":1.28,"u":"2,56 €/KG","img":"https://fd3-photos.leclercdrive.fr/image.ashx?id=2902960&use=l&cat=p&typeid=i","cat":284427},{"id":187578,"n":"Pâtes Torti Panzani Complètement Bon - 500G","p":1.28,"u":"2,56 €/KG","img":"https://fd3-photos.leclercdrive.fr/image.ashx?id=2902963&use=l&cat=p&typeid=i","cat":284427},{"id":187588,"n":"Dessert Sojasun Chocolat Noisette - 4x100g","p":2.01,"u":"5,03 €/KG","img":"https://fd3-photos.leclercdrive.fr/image.ashx?id=2398580&use=l&cat=p&typeid=i","cat":316071},{"id":187602,"n":"Gousses de vanille Vahiné x4 -","p":9.4,"u":"2,35 €/P","img":"https://fd3-photos.leclercdrive.fr/image.ashx?id=2569428&use=l&cat=p&typeid=i","cat":284504},{"id":187605,"n":"Brassé bio Baby Bio Chèvre abricot banane - 260g","p":2.77,"u":"10,65 €/KG","img":"https://fd3-photos.leclercdrive.fr/image.ashx?id=2858231&use=l&cat=p&typeid=i","cat":312392},{"id":187613,"n":"Petits pots bébé P'TITE RECETTE Poisson provençal 12M+ - 2x200g","p":2.2,"u":"5,50 €/KG","img":"https://fd3-photos.leclercdrive.fr/image.ashx?id=2737150&use=l&cat=p&typeid=i","cat":312237},{"id":187614,"n":"Thé Infuse à froid Lipton Pêche framboise x15 sachets 35g","p":2.64,"u":"75,43 €/KG","img":"https://fd3-photos.leclercdrive.fr/image.ashx?id=2398178&use=l&cat=p&typeid=i","cat":293233},{"id":187632,"n":"Boisson aux fruits Jafun Troipical - 1.5L","p":1.4,"u":"0,93 €/L","img":"https://fd3-photos.leclercdrive.fr/image.ashx?id=2956783&use=l&cat=p&typeid=i","cat":284916},{"id":187633,"n":"Boisson aux fruits Jafun Fruits du Verger - 1.5L","p":1.39,"u":"0,93 €/L","img":"https://fd3-photos.leclercdrive.fr/image.ashx?id=2956786&use=l&cat=p&typeid=i","cat":284917},{"id":187668,"n":"Boisson Pétillante Bio Tonic La French - 1L","p":2.38,"u":"2,38 €/L","img":"https://fd3-photos.leclercdrive.fr/image.ashx?id=2506345&use=l&cat=p&typeid=i","cat":284531},{"id":187672,"n":"Gel douche lait Cottage Framboise Bio - 550ml","p":3.71,"u":"6,75 €/L","img":"https://fd3-photos.leclercdrive.fr/image.ashx?id=2398880&use=l&cat=p&typeid=i","cat":284594},{"id":187684,"n":"AOP Vin Blanc Alsace Bio Pinot Blanc Dagobert - 75cl","p":6.24,"u":"8,32 €/L","img":"https://fd3-photos.leclercdrive.fr/image.ashx?id=2398952&use=l&cat=p&typeid=i","cat":289557},{"id":187706,"n":"Madeleine Bonne Maman Citron - 300g","p":3.58,"u":"11,93 €/KG","img":"https://fd3-photos.leclercdrive.fr/image.ashx?id=2936227&use=l&cat=p&typeid=i","cat":284492},{"id":187768,"n":"Brosse à dents électrique Oral-B Pro 3 Cross Action Noir","p":54.89,"img":"https://fd3-photos.leclercdrive.fr/image.ashx?id=2544940&use=l&cat=p&typeid=i","cat":297133},{"id":187926,"n":"Muesli Bio Village Crousti bio - Chocolat","p":2.9,"u":"5,80 €/KG","img":"https://fd3-photos.leclercdrive.fr/image.ashx?id=2598716&use=l&cat=p&typeid=i","cat":309512},{"id":187929,"n":"Nouilles Sautées Yakisoba Classique - 93g","p":2.19,"u":"23,55 €/KG","img":"https://fd3-photos.leclercdrive.fr/image.ashx?id=2536140&use=l&cat=p&typeid=i","cat":288992},{"id":187930,"n":"Nouilles Sautées Yakisoba Poulet - 93g","p":2.02,"u":"21,72 €/KG","img":"https://fd3-photos.leclercdrive.fr/image.ashx?id=2536143&use=l&cat=p&typeid=i","cat":288992},{"id":187932,"n":"Nouilles sautées Yakisoba Boeuf - 93g","p":2.28,"u":"24,52 €/KG","img":"https://fd3-photos.leclercdrive.fr/image.ashx?id=3004423&use=l&cat=p&typeid=i","cat":288992},{"id":187933,"n":"Nouilles sautées Yakisoba  BBQ - 93g","p":1.68,"u":"18,06 €/KG","img":"https://fd3-photos.leclercdrive.fr/image.ashx?id=2536152&use=l&cat=p&typeid=i","cat":288992},{"id":187934,"n":"Nouilles sautées Yakisoba Pad Thai - 93g","p":2.14,"u":"23,01 €/KG","img":"https://fd3-photos.leclercdrive.fr/image.ashx?id=2536155&use=l&cat=p&typeid=i","cat":288992},{"id":187986,"n":"Déodorant stick Mennen  Homme intraçable 72h - 60ml","p":4.1,"u":"68,33 €/L","img":"https://fd3-photos.leclercdrive.fr/image.ashx?id=2402346&use=l&cat=p&typeid=i","cat":284618},{"id":187987,"n":"Déodorant stick Homme Mennen 24H Musk Sans Alcool - 60ml","p":3.18,"u":"53,00 €/L","img":"https://fd3-photos.leclercdrive.fr/image.ashx?id=2869113&use=l&cat=p&typeid=i","cat":284618},{"id":187989,"n":"Lait corps hydratant Mixa Raffermissant  - 250ml","p":3.97,"u":"15,88 €/L","img":"https://fd3-photos.leclercdrive.fr/image.ashx?id=2402358&use=l&cat=p&typeid=i","cat":325349},{"id":187990,"n":"Lait Corps Réparateur Mixa Peau abîmée desséchée - 300ml","p":4.12,"u":"13,73 €/L","img":"https://fd3-photos.leclercdrive.fr/image.ashx?id=2908186&use=l&cat=p&typeid=i","cat":325349},{"id":187999,"n":"Lait Corps réparateur Mixa Peaux desséchées - 300ml","p":3.57,"u":"11,90 €/L","img":"https://fd3-photos.leclercdrive.fr/image.ashx?id=2402394&use=l&cat=p&typeid=i","cat":325349},{"id":188000,"n":"Epices curry Sainte Lucie 40g","p":2.37,"u":"59,25 €/KG","img":"https://fd3-photos.leclercdrive.fr/image.ashx?id=2996590&use=l&cat=p&typeid=i","cat":298297},{"id":188001,"n":"Gel coiffant Vivelle DOP Fixation Extrême - 190ml","p":3.63,"u":"19,11 €/L","img":"https://fd3-photos.leclercdrive.fr/image.ashx?id=2402403&use=l&cat=p&typeid=i","cat":284609},{"id":188002,"n":"Gingembre moulu Sainte Lucie 32g","p":2.88,"u":"90,00 €/KG","img":"https://fd3-photos.leclercdrive.fr/image.ashx?id=2774373&use=l&cat=p&typeid=i","cat":298297},{"id":188003,"n":"Gel Coiffant Béton Dop Vivelle Fixation 24h - 190ml","p":3.63,"u":"19,11 €/L","img":"https://fd3-photos.leclercdrive.fr/image.ashx?id=2402406&use=l&cat=p&typeid=i","cat":284609},{"id":188005,"n":"Quatre épices Sainte Lucie  35g","p":2.39,"u":"68,29 €/KG","img":"https://fd3-photos.leclercdrive.fr/image.ashx?id=2774436&use=l&cat=p&typeid=i","cat":298297},{"id":188008,"n":"Lait corps Mixa  Peaux extra sèches - 400ml","p":4.26,"u":"10,65 €/L","img":"https://fd3-photos.leclercdrive.fr/image.ashx?id=2402355&use=l&cat=p&typeid=i","cat":325349},{"id":188010,"n":"Lait corps nutritif Mixa A l'huile de karité - 250ml","p":3.89,"u":"15,56 €/L","img":"https://fd3-photos.leclercdrive.fr/image.ashx?id=2402361&use=l&cat=p&typeid=i","cat":325349},{"id":188011,"n":"Tablette de chocolat Lindt Lait noisettes - 2x100g","p":4.68,"u":"23,40 €/KG","img":"https://fd3-photos.leclercdrive.fr/image.ashx?id=2654614&use=l&cat=p&typeid=i","cat":284497},{"id":188013,"n":"Tablette de chocolat Lindt Lait extra fin - 3x100g","p":5.75,"u":"19,17 €/KG","img":"https://fd3-photos.leclercdrive.fr/image.ashx?id=2655853&use=l&cat=p&typeid=i","cat":284497},{"id":188015,"n":"Cœurs de palmier D'aucy  125g","p":4.23,"u":"19,23 €/KG","img":"https://fd3-photos.leclercdrive.fr/image.ashx?id=2401369&use=l&cat=p&typeid=i","cat":312611},{"id":188049,"n":"Couscous Royal cuisiné Semoule épicée - 300g","p":2.67,"u":"8,90 €/KG","img":"https://fd3-photos.leclercdrive.fr/image.ashx?id=2962383&use=l&cat=p&typeid=i","cat":284953},{"id":188059,"n":"Vin rouge IGP Pays-d'Oc Merlot by Haussman - BIB 3L","p":10.61,"u":"3,54 €/L","img":"https://fd3-photos.leclercdrive.fr/image.ashx?id=2480824&use=l&cat=p&typeid=i","cat":289560},{"id":188066,"n":"Sauce Tomate Cerise Parmesan Florelli - 250g","p":1.78,"u":"7,12 €/KG","img":"https://fd3-photos.leclercdrive.fr/image.ashx?id=2525204&use=l&cat=p&typeid=i","cat":299047},{"id":188067,"n":"Gressins au sésame Florelli - 250g","p":2.18,"u":"8,72 €/KG","img":"https://fd3-photos.leclercdrive.fr/image.ashx?id=2544449&use=l&cat=p&typeid=i","cat":289010},{"id":188149,"n":"Crème Dessert Sacré Willy Vanille - 2x125g","p":3.15,"u":"12,60 €/KG","img":"https://fd3-photos.leclercdrive.fr/image.ashx?id=2405049&use=l&cat=p&typeid=i","cat":285041},{"id":188151,"n":"Crème Dessert Sacré Willy Pistache - 2x125g","p":3.33,"u":"13,32 €/KG","img":"https://fd3-photos.leclercdrive.fr/image.ashx?id=2642693&use=l&cat=p&typeid=i","cat":285041},{"id":188152,"n":"Crème Dessert Sacré Willy Chocolat Noir - 2x125g","p":3.45,"u":"13,80 €/KG","img":"https://fd3-photos.leclercdrive.fr/image.ashx?id=2406175&use=l&cat=p&typeid=i","cat":285041},{"id":188160,"n":"Whisky Roe & Co  45% vol. - 70cl","p":26.63,"u":"38,04 €/L","img":"https://fd3-photos.leclercdrive.fr/image.ashx?id=2525405&use=l&cat=p&typeid=i","cat":284547},{"id":188164,"n":"Adoucissant concentré Soupline Lavande - 56 lavages - 1,3L","p":5.09,"u":"3,92 €/L","img":"https://fd3-photos.leclercdrive.fr/image.ashx?id=2454583&use=l&cat=p&typeid=i","cat":284650},{"id":188168,"n":"Féta AOP Salakis Fromage brebis et chèvre - 150g","p":3.16,"u":"21,07 €/KG","img":"https://fd3-photos.leclercdrive.fr/image.ashx?id=2879128&use=l&cat=p&typeid=i","cat":314026},{"id":188205,"n":"Lait bébé Candia Baby croissance 3ème âge - 1L","p":2.05,"u":"2,05 €/L","img":"https://fd3-photos.leclercdrive.fr/image.ashx?id=2963337&use=l&cat=p&typeid=i","cat":284728},{"id":188271,"n":"Matière grasse doux Astra  À tartiner à cuire 70%MG - 500g","p":2.54,"u":"5,08 €/KG","img":"https://fd3-photos.leclercdrive.fr/image.ashx?id=2406301&use=l&cat=p&typeid=i","cat":315229},{"id":188293,"n":"Moutarde Amora Mi-forte - 260g","p":2.19,"u":"8,42 €/KG","img":"https://fd3-photos.leclercdrive.fr/image.ashx?id=3005398&use=l&cat=p&typeid=i","cat":288850},{"id":188297,"n":"Jambon Le Bon Paris Herta À l'étouffée x8 - 340g","p":3.86,"u":"11,35 €/KG","img":"https://fd3-photos.leclercdrive.fr/image.ashx?id=2921519&use=l&cat=p&typeid=i","cat":316009},{"id":188382,"n":"Ail blanc bio Bio Village 250g","p":3.79,"u":"15,16 €/KG","img":"https://fd3-photos.leclercdrive.fr/image.ashx?id=2922457&use=l&cat=p&typeid=i","cat":284352},{"id":188418,"n":"Ail Eco+ Filet 250g","p":1.99,"u":"7,96 €/KG","img":"https://fd3-photos.leclercdrive.fr/image.ashx?id=2919586&use=l&cat=p&typeid=i","cat":284352},{"id":188718,"n":"Avocat Bio Bio Village En barquette x2","p":3.59,"u":"1,80 €/P","img":"https://fd3-photos.leclercdrive.fr/image.ashx?id=2551984&use=l&cat=p&typeid=i","cat":284352},{"id":188721,"n":"Avocats mûrs à point  Panier du Primeur x2","p":3.39,"u":"1,70 €/P","img":"https://fd3-photos.leclercdrive.fr/image.ashx?id=2373012&use=l&cat=p&typeid=i","cat":284352},{"id":188808,"n":"Banane Bio Max Havelaar  Bio Village x5","p":1.99,"u":"0,40 €/P","img":"https://fd3-photos.leclercdrive.fr/image.ashx?id=2323988&use=l&cat=p&typeid=i","cat":284356},{"id":189069,"n":"Carottes Eco+ Sachet de 2kg","p":1.89,"u":"0,95 €/KG","img":"https://fd3-photos.leclercdrive.fr/image.ashx?id=2922376&use=l&cat=p&typeid=i","cat":284352},{"id":189195,"n":"Blette 1 Botte","p":2.09,"img":"https://fd3-photos.leclercdrive.fr/image.ashx?id=1631403&use=l&cat=p&typeid=i","cat":284352},{"id":189333,"n":"Champignons de Paris blancs Bio Bio Village - 200g","p":2.39,"u":"11,95 €/KG","img":"https://fd3-photos.leclercdrive.fr/image.ashx?id=2960550&use=l&cat=p&typeid=i","cat":284352},{"id":189369,"n":"Champignons de Paris bruns bio Bio Village - Barquette 200g","p":2.49,"u":"12,45 €/KG","img":"https://fd3-photos.leclercdrive.fr/image.ashx?id=2960559&use=l&cat=p&typeid=i","cat":284352},{"id":189492,"n":"Chou romanesco 1p","p":3.79,"img":"https://fd3-photos.leclercdrive.fr/image.ashx?id=1631949&use=l&cat=p&typeid=i","cat":284352},{"id":189510,"n":"Chou rouge 1p","p":2.29,"img":"https://fd3-photos.leclercdrive.fr/image.ashx?id=560850&use=l&cat=p&typeid=i","cat":284352},{"id":189757,"n":"Citrons bio Bio Village Sachet x4","p":1.99,"u":"0,50 €/P","img":"https://fd3-photos.leclercdrive.fr/image.ashx?id=2805063&use=l&cat=p&typeid=i","cat":284356},{"id":189760,"n":"Citrons verts Panier du Primeur 500g","p":1.99,"u":"3,98 €/KG","img":"https://fd3-photos.leclercdrive.fr/image.ashx?id=2373018&use=l&cat=p&typeid=i","cat":284356},{"id":189761,"n":"Citrons verts Panier du Primeur 500g","p":1.99,"u":"3,98 €/KG","img":"https://fd3-photos.leclercdrive.fr/image.ashx?id=2373018&use=l&cat=p&typeid=i","cat":284356},{"id":189786,"n":"Citrons verts bio Bio Village Barquette x3","p":2.89,"u":"0,96 €/P","img":"https://fd3-photos.leclercdrive.fr/image.ashx?id=2552017&use=l&cat=p&typeid=i","cat":284356},{"id":189797,"n":"Citrons jaunes non traités Panier du Primeur Sachet x4","p":1.89,"u":"0,47 €/P","img":"https://fd3-photos.leclercdrive.fr/image.ashx?id=2930906&use=l&cat=p&typeid=i","cat":284356},{"id":189799,"n":"Citron à jus Filière Panier du Primeur Sachet 1kg","p":2.79,"u":"2,79 €/KG","img":"https://fd3-photos.leclercdrive.fr/image.ashx?id=2627667&use=l&cat=p&typeid=i","cat":284356},{"id":189904,"n":"Concombre Bio Bio Village x1","p":1.99,"img":"https://fd3-photos.leclercdrive.fr/image.ashx?id=2334257&use=l&cat=p&typeid=i","cat":284352},{"id":190263,"n":"Potimarron bio Bio Village 1p","p":2.69,"img":"https://fd3-photos.leclercdrive.fr/image.ashx?id=2645765&use=l&cat=p&typeid=i","cat":284352},{"id":190491,"n":"Echalotes Eco+ Filet 500g","p":1.19,"u":"2,38 €/KG","img":"https://fd3-photos.leclercdrive.fr/image.ashx?id=2777946&use=l&cat=p&typeid=i","cat":284352},{"id":190572,"n":"Endives jeunes pousses  Nos Régions ont du Talent x6","p":2.49,"u":"9,58 €/KG","img":"https://fd3-photos.leclercdrive.fr/image.ashx?id=2778099&use=l&cat=p&typeid=i","cat":284352},{"id":190899,"n":"Tomates rondes Eco+ Filet 1kg","p":1.89,"u":"1,89 €/KG","img":"https://fd3-photos.leclercdrive.fr/image.ashx?id=2769420&use=l&cat=p&typeid=i","cat":284352},{"id":191316,"n":"Kaki 1p","p":0.89,"img":"https://fd3-photos.leclercdrive.fr/image.ashx?id=1628367&use=l&cat=p&typeid=i","cat":284356},{"id":191590,"n":"Pomme de terre rouge Panier du Primeur - 2kg","p":2.29,"u":"1,15 €/KG","img":"https://fd3-photos.leclercdrive.fr/image.ashx?id=2757518&use=l&cat=p&typeid=i","cat":284352},{"id":191969,"n":"Pomme de terre de consommation Eco+ 5kg","p":2.99,"u":"0,60 €/KG","img":"https://fd3-photos.leclercdrive.fr/image.ashx?id=2888926&use=l&cat=p&typeid=i","cat":284352},{"id":192034,"n":"Pomme de terre Panier Primeur Micro-ondes - 750g","p":1.79,"u":"2,39 €/KG","img":"https://fd3-photos.leclercdrive.fr/image.ashx?id=2649903&use=l&cat=p&typeid=i","cat":284352},{"id":192122,"n":"Pommes de terre four purée  potage Panier du Primeur - 2kg","p":2.29,"u":"1,15 €/KG","img":"https://fd3-photos.leclercdrive.fr/image.ashx?id=2757500&use=l&cat=p&typeid=i","cat":284352},{"id":192136,"n":"Pommes de terre vapeur sautées Panier du Primeur - 2kg","p":2.29,"u":"1,15 €/KG","img":"https://fd3-photos.leclercdrive.fr/image.ashx?id=2757506&use=l&cat=p&typeid=i","cat":284352},{"id":192159,"n":"Pommes de terre Eco+ 1.5kg","p":0.99,"u":"0,66 €/KG","img":"https://fd3-photos.leclercdrive.fr/image.ashx?id=2282349&use=l&cat=p&typeid=i","cat":284352},{"id":192315,"n":"Pommes Pink Lady Barquette x6","p":3.19,"u":"0,53 €/P","img":"https://fd3-photos.leclercdrive.fr/image.ashx?id=2121671&use=l&cat=p&typeid=i","cat":284356},{"id":192641,"n":"Pommes bicolores Panier du Primeur Barquette x6","p":2.49,"u":"0,42 €/P","img":"https://fd3-photos.leclercdrive.fr/image.ashx?id=2553920&use=l&cat=p&typeid=i","cat":284356},{"id":192747,"n":"Pommes Bicolores Eco+ Sachet 2kg","p":2.99,"u":"1,50 €/KG","img":"https://fd3-photos.leclercdrive.fr/image.ashx?id=2537872&use=l&cat=p&typeid=i","cat":284356},{"id":192762,"n":"Pommes bicolores Panier Primeur HVE - Sachet 1.5kg","p":2.99,"u":"1,99 €/KG","img":"https://fd3-photos.leclercdrive.fr/image.ashx?id=2928279&use=l&cat=p&typeid=i","cat":284356},{"id":192879,"n":"Pomelo Bio Bio Village x1","p":0.99,"img":"https://fd3-photos.leclercdrive.fr/image.ashx?id=2231573&use=l&cat=p&typeid=i","cat":284356},{"id":192886,"n":"Pomelos Eco+ Filet x3","p":1.79,"u":"0,60 €/P","img":"https://fd3-photos.leclercdrive.fr/image.ashx?id=2680524&use=l&cat=p&typeid=i","cat":284356},{"id":193080,"n":"Poivrons bicolores Eco+ x2","p":0.99,"u":"0,50 €/P","img":"https://fd3-photos.leclercdrive.fr/image.ashx?id=2709716&use=l&cat=p&typeid=i","cat":284352},{"id":193282,"n":"Poires Panier du Primeur Mûre à point Filière x4","p":3.49,"u":"0,87 €/P","img":"https://fd3-photos.leclercdrive.fr/image.ashx?id=2955038&use=l&cat=p&typeid=i","cat":284356},{"id":193306,"n":"Poires Eco+ Barquette 1kg","p":2.49,"u":"2,49 €/KG","img":"https://fd3-photos.leclercdrive.fr/image.ashx?id=2909374&use=l&cat=p&typeid=i","cat":284356},{"id":193307,"n":"Poires Eco+ Barquette 1kg","p":2.49,"u":"2,49 €/KG","img":"https://fd3-photos.leclercdrive.fr/image.ashx?id=2909374&use=l&cat=p&typeid=i","cat":284356},{"id":193485,"n":"Haricot vert Panier du Primeur 500g","p":1.79,"u":"3,58 €/KG","img":"https://fd3-photos.leclercdrive.fr/image.ashx?id=2953641&use=l&cat=p&typeid=i","cat":284352},{"id":193533,"n":"Kiwis Bio Bio Village x6","p":3.99,"u":"0,67 €/P","img":"https://fd3-photos.leclercdrive.fr/image.ashx?id=2556443&use=l&cat=p&typeid=i","cat":284356},{"id":193565,"n":"Kiwi vert 1p","p":0.69,"img":"https://fd3-photos.leclercdrive.fr/image.ashx?id=2077670&use=l&cat=p&typeid=i","cat":284356},{"id":193606,"n":"Kiwi jaune 1p","p":0.79,"img":"https://fd3-photos.leclercdrive.fr/image.ashx?id=1633952&use=l&cat=p&typeid=i","cat":284356},{"id":193756,"n":"Myrtilles Panier du Primeur 125g","p":1.89,"u":"15,12 €/KG","img":"https://fd3-photos.leclercdrive.fr/image.ashx?id=2375773&use=l&cat=p&typeid=i","cat":284356},{"id":193764,"n":"Mûre Panier du Primeur 125g","p":3.49,"u":"27,92 €/KG","img":"https://fd3-photos.leclercdrive.fr/image.ashx?id=2414576&use=l&cat=p&typeid=i","cat":284356},{"id":193816,"n":"Mandarine Eco+ Filet 1kg","p":1.99,"u":"1,99 €/KG","img":"https://fd3-photos.leclercdrive.fr/image.ashx?id=2607993&use=l&cat=p&typeid=i","cat":284356},{"id":194071,"n":"Jambon Le Bon Paris Herta -25% de sel x2 - 70g","p":1.48,"u":"21,14 €/KG","img":"https://fd3-photos.leclercdrive.fr/image.ashx?id=2405899&use=l&cat=p&typeid=i","cat":316009},{"id":194089,"n":"Barquette chiot Edgar et Cooper Poulet/canard - 300g","p":2.87,"u":"9,57 €/KG","img":"https://fd3-photos.leclercdrive.fr/image.ashx?id=2406220&use=l&cat=p&typeid=i","cat":284673},{"id":194292,"n":"Croquette chien poulet Edgard et Cooper - 1kg","p":10.23,"u":"10,23 €/KG","img":"https://fd3-photos.leclercdrive.fr/image.ashx?id=2407964&use=l&cat=p&typeid=i","cat":284672},{"id":194293,"n":"Croquette chiot poulet Edgard et Cooper - 1kg","p":6.5,"u":"6,50 €/KG","img":"https://fd3-photos.leclercdrive.fr/image.ashx?id=2407967&use=l&cat=p&typeid=i","cat":284672},{"id":194296,"n":"Bloc de fromage Leerdammer Le Moelleux - 250g","p":4.07,"u":"16,28 €/KG","img":"https://fd3-photos.leclercdrive.fr/image.ashx?id=2421606&use=l&cat=p&typeid=i","cat":314034},{"id":194297,"n":"Tranches de fromage Leerdammer L'Original - 8 Tranches - 200g","p":2.7,"u":"13,50 €/KG","img":"https://fd3-photos.leclercdrive.fr/image.ashx?id=2489199&use=l&cat=p&typeid=i","cat":314028},{"id":194298,"n":"Tranches de fromage Leerdammer L'Original - 16 Tranches - 400g","p":4.55,"u":"11,38 €/KG","img":"https://fd3-photos.leclercdrive.fr/image.ashx?id=2489196&use=l&cat=p&typeid=i","cat":314028},{"id":194302,"n":"Tranches de fromage Leerdammer Le Moelleux - 6 Tranches - 150g","p":2.81,"u":"18,73 €/KG","img":"https://fd3-photos.leclercdrive.fr/image.ashx?id=2507590&use=l&cat=p&typeid=i","cat":314028},{"id":194310,"n":"Bonbons KINDER Schoko-Bons Chocolat blanc - 200G","p":3.67,"u":"18,35 €/KG","img":"https://fd3-photos.leclercdrive.fr/image.ashx?id=2406265&use=l&cat=p&typeid=i","cat":304238},{"id":194436,"n":"Bière de Noël Bio Brasserie Gangloff - 75cl","p":5.79,"u":"7,72 €/L","img":"https://fd3-photos.leclercdrive.fr/image.ashx?id=2407787&use=l&cat=p&typeid=i","cat":334872},{"id":194695,"n":"Infusion Bio Digestion Pagès Fenouil - 20 sachets","p":2.59,"u":"86,33 €/KG","img":"https://fd3-photos.leclercdrive.fr/image.ashx?id=2751072&use=l&cat=p&typeid=i","cat":293234},{"id":194699,"n":"Lait Corps Nourissant Mixa Effet Soleil - 250ml","p":4.58,"u":"18,32 €/L","img":"https://fd3-photos.leclercdrive.fr/image.ashx?id=2409379&use=l&cat=p&typeid=i","cat":325349},{"id":195919,"n":"Jambon Le Bon Paris Herta  sans nitrite x2 - 70g","p":1.99,"u":"28,43 €/KG","img":"https://fd3-photos.leclercdrive.fr/image.ashx?id=2413531&use=l&cat=p&typeid=i","cat":316009},{"id":195960,"n":"Coton-tiges bébé Mots d'Enfants Bio - x60","p":0.65,"u":"0,01 €/P","img":"https://fd3-photos.leclercdrive.fr/image.ashx?id=3015129&use=l&cat=p&typeid=i","cat":284739},{"id":195980,"n":"Liquide vaisselle Excel Paic Brillance actif à froid - 500ml","p":2.24,"u":"4,48 €/L","img":"https://fd3-photos.leclercdrive.fr/image.ashx?id=2413173&use=l&cat=p&typeid=i","cat":284655},{"id":195981,"n":"Liquide vaisselle Excel Paic Anti-odeur actif à froid -500ml","p":1.99,"u":"3,98 €/L","img":"https://fd3-photos.leclercdrive.fr/image.ashx?id=2413176&use=l&cat=p&typeid=i","cat":284655},{"id":196120,"n":"Jambon Le Bon Paris Herta Broche x4 - 140g","p":3.0,"u":"21,43 €/KG","img":"https://fd3-photos.leclercdrive.fr/image.ashx?id=3008158&use=l&cat=p&typeid=i","cat":316009},{"id":196175,"n":"Capsules Starbucks by Nespresso  House Blend Int 8 - x18","p":6.05,"u":"58,74 €/KG","img":"https://fd3-photos.leclercdrive.fr/image.ashx?id=3009113&use=l&cat=p&typeid=i","cat":284749},{"id":196176,"n":"Capsules Starbucks by Nespresso  Espresso Roast Int 11 - x18","p":6.05,"u":"58,74 €/KG","img":"https://fd3-photos.leclercdrive.fr/image.ashx?id=2737144&use=l&cat=p&typeid=i","cat":284749},{"id":196179,"n":"Brioches Pitch pâte à tartiner x7 - 262g","p":2.66,"u":"10,15 €/KG","img":"https://fd3-photos.leclercdrive.fr/image.ashx?id=2454097&use=l&cat=p&typeid=i","cat":293505},{"id":196241,"n":"Jambon supérieur Eco+ Sans couenne 4 tranches - 160g","p":1.38,"u":"8,63 €/KG","img":"https://fd3-photos.leclercdrive.fr/image.ashx?id=2744407&use=l&cat=p&typeid=i","cat":316009},{"id":196267,"n":"Mousse à Raser 0% Alcool Mennen Hypoallergénique - 250ml","p":2.25,"u":"9,00 €/L","img":"https://fd3-photos.leclercdrive.fr/image.ashx?id=2661736&use=l&cat=p&typeid=i","cat":284617},{"id":196278,"n":"Crème à récurer CIF Citron CleanBoost 101 Usages 750ml","p":2.66,"u":"3,55 €/L","img":"https://fd3-photos.leclercdrive.fr/image.ashx?id=2948540&use=l&cat=p&typeid=i","cat":325357},{"id":196319,"n":"Jambon supérieur Eco+ Avec couenne 4 tranches - 160g","p":1.43,"u":"8,94 €/KG","img":"https://fd3-photos.leclercdrive.fr/image.ashx?id=2706550&use=l&cat=p&typeid=i","cat":316009},{"id":196320,"n":"Jambon supérieur Eco+ Avec couenne 6 tranches - 240g","p":2.14,"u":"8,92 €/KG","img":"https://fd3-photos.leclercdrive.fr/image.ashx?id=2706553&use=l&cat=p&typeid=i","cat":316009},{"id":196321,"n":"Jambon supérieur Eco+ Sans couenne 6 tranches - 240g","p":2.09,"u":"8,71 €/KG","img":"https://fd3-photos.leclercdrive.fr/image.ashx?id=2706556&use=l&cat=p&typeid=i","cat":316009},{"id":196372,"n":"Boîte de chocolats Kinder Happy Moments - 231g","p":6.35,"u":"27,49 €/KG","img":"https://fd3-photos.leclercdrive.fr/image.ashx?id=3011899&use=l&cat=p&typeid=i","cat":327592},{"id":196374,"n":"Bueno eggs kinder Chocolat - 140g","p":5.35,"u":"38,21 €/KG","img":"https://fd3-photos.leclercdrive.fr/image.ashx?id=2764353&use=l&cat=p&typeid=i","cat":327592},{"id":196376,"n":"Mix boite sélection  Kinder Chocolat - 174g","p":6.85,"u":"39,37 €/KG","img":"https://fd3-photos.leclercdrive.fr/image.ashx?id=2799656&use=l&cat=p&typeid=i","cat":327592},{"id":196422,"n":"Mini roc  Côte d'Or Mix - 279g","p":10.45,"u":"37,46 €/KG","img":"https://fd3-photos.leclercdrive.fr/image.ashx?id=2792945&use=l&cat=p&typeid=i","cat":327595},{"id":196423,"n":"Mini roc Côte d'Or Mix - 195g","p":7.43,"u":"38,10 €/KG","img":"https://fd3-photos.leclercdrive.fr/image.ashx?id=2427491&use=l&cat=p&typeid=i","cat":327595},{"id":196431,"n":"Beurre Nature de Breton  Demi-sel - 80% MG - 250g","p":2.65,"u":"10,60 €/KG","img":"https://fd3-photos.leclercdrive.fr/image.ashx?id=2872042&use=l&cat=p&typeid=i","cat":284379},{"id":196439,"n":"Beurre Nature de Breton Doux - 82% MG - 250g","p":2.64,"u":"10,56 €/KG","img":"https://fd3-photos.leclercdrive.fr/image.ashx?id=2872039&use=l&cat=p&typeid=i","cat":284379},{"id":196454,"n":"Authentique Revillon  Noir - 360g","p":8.18,"u":"22,72 €/KG","img":"https://fd3-photos.leclercdrive.fr/image.ashx?id=2661997&use=l&cat=p&typeid=i","cat":327597},{"id":196500,"n":"Authentique Révillon Noir Lait et Blanc - 360g","p":8.7,"u":"24,17 €/KG","img":"https://fd3-photos.leclercdrive.fr/image.ashx?id=2661994&use=l&cat=p&typeid=i","cat":327597},{"id":196506,"n":"Nuggets Fish & Chips Findus Extra croustillant MSC - 490g","p":6.08,"u":"12,41 €/KG","img":"https://fd3-photos.leclercdrive.fr/image.ashx?id=2650705&use=l&cat=p&typeid=i","cat":319788},{"id":196525,"n":"Guimauves au chocolat Révillon  Noir & lait  - 300g","p":11.19,"u":"37,30 €/KG","img":"https://fd3-photos.leclercdrive.fr/image.ashx?id=2662119&use=l&cat=p&typeid=i","cat":327597},{"id":196526,"n":"Papillotes Révillon Pâtes de   fruits de nos région - 370g","p":11.54,"u":"31,19 €/KG","img":"https://fd3-photos.leclercdrive.fr/image.ashx?id=2662122&use=l&cat=p&typeid=i","cat":327597},{"id":196527,"n":"Papillotes Révillon Pâtes  d'Amandes Noir et Lait - 370g","p":11.57,"u":"31,27 €/KG","img":"https://fd3-photos.leclercdrive.fr/image.ashx?id=2661208&use=l&cat=p&typeid=i","cat":327597},{"id":196566,"n":"Fromage de Chèvre Chavroux Frais Nature - 150g","p":1.97,"u":"13,13 €/KG","img":"https://fd3-photos.leclercdrive.fr/image.ashx?id=2912161&use=l&cat=p&typeid=i","cat":314031},{"id":196604,"n":"Jeu vidéo : Pokémon Violet Console : SWITCH","p":44.16,"img":"https://fd3-photos.leclercdrive.fr/image.ashx?id=2422333&use=l&cat=p&typeid=i","cat":300553},{"id":196616,"n":"Déodorant bille 24h Adidas Instant cool - 50ml","p":3.84,"u":"76,80 €/L","img":"https://fd3-photos.leclercdrive.fr/image.ashx?id=2474644&use=l&cat=p&typeid=i","cat":284618},{"id":196617,"n":"Déodorant spray 24h Adidas Compressé - Instant cool -100ml","p":3.9,"u":"39,00 €/L","img":"https://fd3-photos.leclercdrive.fr/image.ashx?id=2474647&use=l&cat=p&typeid=i","cat":284618},{"id":196647,"n":"Spray dégraissant Chanteclair Universel Marseille - 600ml","p":2.15,"u":"3,58 €/L","img":"https://fd3-photos.leclercdrive.fr/image.ashx?id=2419743&use=l&cat=p&typeid=i","cat":325357},{"id":196648,"n":"Spray dégraissant Chanteclair Citron - 600ml","p":2.45,"u":"4,08 €/L","img":"https://fd3-photos.leclercdrive.fr/image.ashx?id=2419746&use=l&cat=p&typeid=i","cat":325357},{"id":196649,"n":"Spray dégraissant Chanteclair Bicarbonate - 600ml","p":2.26,"u":"3,77 €/L","img":"https://fd3-photos.leclercdrive.fr/image.ashx?id=2419749&use=l&cat=p&typeid=i","cat":325357},{"id":196651,"n":"Spray dégraissant Chanteclair Antibactérien - 600ml","p":2.53,"u":"4,22 €/L","img":"https://fd3-photos.leclercdrive.fr/image.ashx?id=2419740&use=l&cat=p&typeid=i","cat":325357},{"id":196663,"n":"Boisson énergisante Monster Nitro Superdry - 50cl","p":1.67,"u":"3,34 €/L","img":"https://fd3-photos.leclercdrive.fr/image.ashx?id=2419395&use=l&cat=p&typeid=i","cat":284533},{"id":196685,"n":"Pizza Numero Uno Italpizza Margherita - 410g","p":3.54,"u":"8,63 €/KG","img":"https://fd3-photos.leclercdrive.fr/image.ashx?id=2419752&use=l&cat=p&typeid=i","cat":284256},{"id":196686,"n":"Pizza Numero Uno Italpizza Prosciutto & Funghi - 440g","p":3.43,"u":"7,80 €/KG","img":"https://fd3-photos.leclercdrive.fr/image.ashx?id=2419758&use=l&cat=p&typeid=i","cat":284256},{"id":196687,"n":"Pizza Numero Uno Italpizza 5 Fromaggi - 410g","p":3.53,"u":"8,61 €/KG","img":"https://fd3-photos.leclercdrive.fr/image.ashx?id=2419761&use=l&cat=p&typeid=i","cat":284256},{"id":196688,"n":"Pizza Numero Uno Italpizza Salamino - 410g","p":3.68,"u":"8,98 €/KG","img":"https://fd3-photos.leclercdrive.fr/image.ashx?id=2419755&use=l&cat=p&typeid=i","cat":284256},{"id":196689,"n":"Pizza Numero Uno Italpizza Tonno e Cipolla - 410g","p":3.72,"u":"9,07 €/KG","img":"https://fd3-photos.leclercdrive.fr/image.ashx?id=2419764&use=l&cat=p&typeid=i","cat":284256},{"id":196744,"n":"Lait Bébé Candia Baby 3ème âge - 8x1L","p":13.96,"u":"1,75 €/L","img":"https://fd3-photos.leclercdrive.fr/image.ashx?id=2963352&use=l&cat=p&typeid=i","cat":284728},{"id":196768,"n":"Aligot à la Tome d'Aubrac NRT Saucisse de Toulouse - 320g","p":3.99,"u":"12,47 €/KG","img":"https://fd3-photos.leclercdrive.fr/image.ashx?id=2723261&use=l&cat=p&typeid=i","cat":333665},{"id":196798,"n":"Lait en poudre Picot  1er âge - 850g","p":19.67,"u":"23,14 €/KG","img":"https://fd3-photos.leclercdrive.fr/image.ashx?id=2925421&use=l&cat=p&typeid=i","cat":284726},{"id":196799,"n":"Lait en poudre Picot 2ème âge - 850g","p":12.0,"u":"14,12 €/KG","img":"https://fd3-photos.leclercdrive.fr/image.ashx?id=2925424&use=l&cat=p&typeid=i","cat":284727},{"id":196800,"n":"Lait de croissance Picot 3ème âge - 850g","p":11.93,"u":"14,04 €/KG","img":"https://fd3-photos.leclercdrive.fr/image.ashx?id=2925427&use=l&cat=p&typeid=i","cat":290219},{"id":196820,"n":"Sucre Vanillé Sainte Lucie  Bourbon - x5","p":2.2,"u":"57,89 €/KG","img":"https://fd3-photos.leclercdrive.fr/image.ashx?id=2421132&use=l&cat=p&typeid=i","cat":284504},{"id":196824,"n":"Palets Sainte Lucie Chocolat noir - 125g","p":3.67,"u":"29,36 €/KG","img":"https://fd3-photos.leclercdrive.fr/image.ashx?id=2421141&use=l&cat=p&typeid=i","cat":284504},{"id":196839,"n":"Velouté potiron carotte Florette - 1L","p":3.87,"u":"3,87 €/L","img":"https://fd3-photos.leclercdrive.fr/image.ashx?id=2840235&use=l&cat=p&typeid=i","cat":284355},{"id":196856,"n":"Croquettes chat Purina One Chat stérilisé sensible - 1.5kg","p":6.97,"u":"4,65 €/KG","img":"https://fd3-photos.leclercdrive.fr/image.ashx?id=2488085&use=l&cat=p&typeid=i","cat":284680},{"id":196857,"n":"Ramen avec sauce soja Oyakata 63g","p":1.14,"u":"18,10 €/KG","img":"https://fd3-photos.leclercdrive.fr/image.ashx?id=2536161&use=l&cat=p&typeid=i","cat":288992},{"id":196965,"n":"Liqueur de menthe Get 27 17,9° - 70cl","p":11.97,"u":"17,10 €/L","img":"https://fd3-photos.leclercdrive.fr/image.ashx?id=2835565&use=l&cat=p&typeid=i","cat":286032},{"id":196993,"n":"Masque capillaire Bear Fruit Pineapple - 20ml","p":4.9,"u":"245,00 €/L","img":"https://fd3-photos.leclercdrive.fr/image.ashx?id=2582076&use=l&cat=p&typeid=i","cat":284608},{"id":197125,"n":"Cerneaux de noix Seeberger 500g","p":10.82,"u":"21,64 €/KG","img":"https://fd3-photos.leclercdrive.fr/image.ashx?id=2950618&use=l&cat=p&typeid=i","cat":284357},{"id":197170,"n":"Ruban adhésif gris Pattex Power Tape Extrême - 20m","p":10.9,"u":"0,55 €/MT","img":"https://fd3-photos.leclercdrive.fr/image.ashx?id=2429239&use=l&cat=p&typeid=i","cat":300576},{"id":197174,"n":"Colle Super glue 3 Loctite Power gel - 3x1g","p":4.47,"u":"1,49 €/P","img":"https://fd3-photos.leclercdrive.fr/image.ashx?id=2425682&use=l&cat=p&typeid=i","cat":300576},{"id":197175,"n":"Tube mastic Re-New Rubson Blanc - 5m de joint","p":8.57,"u":"107,13 €/KG","img":"https://fd3-photos.leclercdrive.fr/image.ashx?id=2425685&use=l&cat=p&typeid=i","cat":300576},{"id":197241,"n":"Oranges à jus Panier du Primeur Filet 2kg","p":3.29,"u":"1,65 €/KG","img":"https://fd3-photos.leclercdrive.fr/image.ashx?id=2414570&use=l&cat=p&typeid=i","cat":284356},{"id":197248,"n":"Oranges à déguster Panier du Primeur Filet 2kg","p":3.49,"u":"1,75 €/KG","img":"https://fd3-photos.leclercdrive.fr/image.ashx?id=2414567&use=l&cat=p&typeid=i","cat":284356},{"id":197278,"n":"Orange à déguster bio Bio Village Sachet x4","p":2.79,"u":"0,70 €/P","img":"https://fd3-photos.leclercdrive.fr/image.ashx?id=2801061&use=l&cat=p&typeid=i","cat":284356},{"id":197351,"n":"Yaourt ferments lactiques Alsa Onctueux 4 sachets - 8g","p":2.37,"u":"296,25 €/KG","img":"https://fd3-photos.leclercdrive.fr/image.ashx?id=2999832&use=l&cat=p&typeid=i","cat":284505},{"id":197356,"n":"Tablette de chocolat Lindt Double lait - 2X100G","p":4.63,"u":"23,15 €/KG","img":"https://fd3-photos.leclercdrive.fr/image.ashx?id=2654617&use=l&cat=p&typeid=i","cat":284497},{"id":197362,"n":"Nouilles japonaises Nissin Poulet à l'asiatique - 63G","p":1.99,"u":"31,59 €/KG","img":"https://fd3-photos.leclercdrive.fr/image.ashx?id=2425913&use=l&cat=p&typeid=i","cat":288992},{"id":197399,"n":"Foie de morue nature Nautilus Citron - 120g","p":2.45,"u":"20,42 €/KG","img":"https://fd3-photos.leclercdrive.fr/image.ashx?id=2759298&use=l&cat=p&typeid=i","cat":305147},{"id":197444,"n":"Friandise pour chat Dentalife Chat adulte - Poulet - 140g","p":4.41,"u":"31,50 €/KG","img":"https://fd3-photos.leclercdrive.fr/image.ashx?id=2901127&use=l&cat=p&typeid=i","cat":285285},{"id":197447,"n":"Chocolat Toblerone Lait - 360g","p":8.91,"u":"24,75 €/KG","img":"https://fd3-photos.leclercdrive.fr/image.ashx?id=2427503&use=l&cat=p&typeid=i","cat":284498},{"id":197475,"n":"Effilés Chat Junior Purina One Sauce saumon ou poulet - 8x85g","p":5.15,"u":"7,57 €/KG","img":"https://fd3-photos.leclercdrive.fr/image.ashx?id=2899731&use=l&cat=p&typeid=i","cat":285286},{"id":197486,"n":"Soupe en sachets chat Felix Selection de poissons - 6x48g","p":2.38,"u":"8,26 €/KG","img":"https://fd3-photos.leclercdrive.fr/image.ashx?id=2968553&use=l&cat=p&typeid=i","cat":285286},{"id":197537,"n":"Miel de forêt de France Les Compagnons du Miel - 375g","p":4.87,"u":"12,99 €/KG","img":"https://fd3-photos.leclercdrive.fr/image.ashx?id=2860313&use=l&cat=p&typeid=i","cat":287643},{"id":197538,"n":"Miel de Montagne de France Les Compagnons du Miel - 375g","p":5.22,"u":"13,92 €/KG","img":"https://fd3-photos.leclercdrive.fr/image.ashx?id=2860325&use=l&cat=p&typeid=i","cat":287643},{"id":197625,"n":"Tablette de chocolat noir Lindt 3x100g","p":4.53,"u":"15,10 €/KG","img":"https://fd3-photos.leclercdrive.fr/image.ashx?id=2721422&use=l&cat=p&typeid=i","cat":284956},{"id":197635,"n":"Ail de France Sainte Lucie 55g","p":2.78,"u":"50,55 €/KG","img":"https://fd3-photos.leclercdrive.fr/image.ashx?id=2427970&use=l&cat=p&typeid=i","cat":298297},{"id":197637,"n":"Sainte Lucie Persillade Provençale - 19g","p":1.84,"u":"96,84 €/KG","img":"https://fd3-photos.leclercdrive.fr/image.ashx?id=2427973&use=l&cat=p&typeid=i","cat":298297},{"id":197638,"n":"Coriandre poudre Sainte Lucie 30g","p":1.97,"u":"65,67 €/KG","img":"https://fd3-photos.leclercdrive.fr/image.ashx?id=2435186&use=l&cat=p&typeid=i","cat":298297},{"id":197642,"n":"Décors à manger Sainte Lucie Licornes  x1","p":2.78,"img":"https://fd3-photos.leclercdrive.fr/image.ashx?id=2427976&use=l&cat=p&typeid=i","cat":284504},{"id":197697,"n":"Crème de nuit L'Oréal Paris Age perfect Anti-âge - 50ml","p":11.97,"pp":7.9,"u":"158,00 €/L","img":"https://fd3-photos.leclercdrive.fr/image.ashx?id=2428441&use=l&cat=p&typeid=i","cat":325345},{"id":197713,"n":"Fromage à Tartiner St Môret  Nature - 500g","p":5.57,"u":"11,14 €/KG","img":"https://fd3-photos.leclercdrive.fr/image.ashx?id=2427991&use=l&cat=p&typeid=i","cat":314029},{"id":198046,"n":"Beurre demi-sel Extra Fin Alsace Lait - 250g","p":2.36,"u":"9,44 €/KG","img":"https://fd3-photos.leclercdrive.fr/image.ashx?id=2901932&use=l&cat=p&typeid=i","cat":284379},{"id":198048,"n":"Beurre doux Extra Fin Alsace Lait 250g","p":2.83,"u":"11,32 €/KG","img":"https://fd3-photos.leclercdrive.fr/image.ashx?id=2901929&use=l&cat=p&typeid=i","cat":284379},{"id":198050,"n":"Cancoillotte nature Badoz 7.5% MG - 220g","p":2.37,"u":"10,77 €/KG","img":"https://fd3-photos.leclercdrive.fr/image.ashx?id=2435318&use=l&cat=p&typeid=i","cat":314037},{"id":198051,"n":"Cancoillotte à l'Ail Badoz  7.5% MG - 220g","p":2.37,"u":"10,77 €/KG","img":"https://fd3-photos.leclercdrive.fr/image.ashx?id=2438966&use=l&cat=p&typeid=i","cat":314037},{"id":198054,"n":"AOP vin rouge Bordeaux  Mouton Cadet - 1.5L","p":17.1,"u":"11,40 €/L","img":"https://fd3-photos.leclercdrive.fr/image.ashx?id=2986395&use=l&cat=p&typeid=i","cat":289556},{"id":198066,"n":"Papier cadeau Reine des Neiges2 Best friends - 5mx70cm","p":1.99,"img":"https://fd3-photos.leclercdrive.fr/image.ashx?id=2430755&use=l&cat=p&typeid=i","cat":335914},{"id":198195,"n":"Bière Lindemans New Pecheresse 25cl","p":1.96,"u":"7,84 €/L","img":"https://fd3-photos.leclercdrive.fr/image.ashx?id=2433461&use=l&cat=p&typeid=i","cat":334872},{"id":198207,"n":"Noix de Saint-Jacques Sans corail - Escal 300g","p":15.99,"u":"53,30 €/KG","img":"https://fd3-photos.leclercdrive.fr/image.ashx?id=2443994&use=l&cat=p&typeid=i","cat":319787},{"id":198268,"n":"Gin Bombay Citron Pressé 37,5° - 70cl","p":24.49,"u":"34,99 €/L","img":"https://fd3-photos.leclercdrive.fr/image.ashx?id=2842951&use=l&cat=p&typeid=i","cat":284550},{"id":198290,"n":"Thé Earl Grey Twinings 100 sachets - 200g","p":8.37,"u":"41,85 €/KG","img":"https://fd3-photos.leclercdrive.fr/image.ashx?id=2893021&use=l&cat=p&typeid=i","cat":293233},{"id":198319,"n":"Boisson énergisante Monster Mango loco - 4x50cl","p":5.11,"u":"2,56 €/L","img":"https://fd3-photos.leclercdrive.fr/image.ashx?id=2983465&use=l&cat=p&typeid=i","cat":284533},{"id":198338,"n":"Confiture Douceur du Verger Fraise intense - 320 g","p":1.42,"u":"4,44 €/KG","img":"https://fd3-photos.leclercdrive.fr/image.ashx?id=2965605&use=l&cat=p&typeid=i","cat":284480},{"id":198348,"n":"Confiture Douceur du Verger Abricot intense - 320 g","p":1.42,"u":"4,44 €/KG","img":"https://fd3-photos.leclercdrive.fr/image.ashx?id=2965608&use=l&cat=p&typeid=i","cat":284480},{"id":198349,"n":"Confiture Douceur du Verger Myrtille intense - 320g","p":1.99,"u":"6,22 €/KG","img":"https://fd3-photos.leclercdrive.fr/image.ashx?id=2965611&use=l&cat=p&typeid=i","cat":284480},{"id":198353,"n":"Smoothie innocent  défense berry 750ml","p":2.74,"u":"3,65 €/L","img":"https://fd3-photos.leclercdrive.fr/image.ashx?id=2435528&use=l&cat=p&typeid=i","cat":284354},{"id":198355,"n":"Confiture Douceur du Verger Framboise intense - 320g","p":2.1,"u":"6,56 €/KG","img":"https://fd3-photos.leclercdrive.fr/image.ashx?id=2965614&use=l&cat=p&typeid=i","cat":284480},{"id":198356,"n":"Confiture Douceur du Verger 3 agrumes Intense - 320g","p":1.66,"u":"5,19 €/KG","img":"https://fd3-photos.leclercdrive.fr/image.ashx?id=2966376&use=l&cat=p&typeid=i","cat":284480},{"id":198357,"n":"Confiture Douceur du Verger Fruits rouges intense - 320g","p":1.7,"u":"5,31 €/KG","img":"https://fd3-photos.leclercdrive.fr/image.ashx?id=2965617&use=l&cat=p&typeid=i","cat":284480},{"id":198522,"n":"Haricots vert Bio Village Bio - 180g","p":1.99,"u":"11,06 €/KG","img":"https://fd3-photos.leclercdrive.fr/image.ashx?id=3002713&use=l&cat=p&typeid=i","cat":312606},{"id":198523,"n":"Desserts Lactés P'TIT ONCTUEUX Fromage blanc 6M+ - 4x90g","p":2.11,"u":"5,86 €/KG","img":"https://fd3-photos.leclercdrive.fr/image.ashx?id=2435707&use=l&cat=p&typeid=i","cat":312392},{"id":198524,"n":"Desserts Lactés P'TIT ONCTUEUX Banane 6M+ - 4x90g","p":2.11,"u":"5,86 €/KG","img":"https://fd3-photos.leclercdrive.fr/image.ashx?id=2435710&use=l&cat=p&typeid=i","cat":312392},{"id":198535,"n":"Velouté Knorr Légumes français -1L","p":2.67,"u":"2,67 €/L","img":"https://fd3-photos.leclercdrive.fr/image.ashx?id=2435935&use=l&cat=p&typeid=i","cat":284462},{"id":198552,"n":"Arome vanille Sainte Lucie naturel -  50ml","p":2.22,"u":"44,40 €/KG","img":"https://fd3-photos.leclercdrive.fr/image.ashx?id=2435908&use=l&cat=p&typeid=i","cat":284504},{"id":198582,"n":"Desserts Lactés P'TIT ONCTUEUX Mangue ananas 6M+ - 4x90g","p":2.2,"u":"6,11 €/KG","img":"https://fd3-photos.leclercdrive.fr/image.ashx?id=2435932&use=l&cat=p&typeid=i","cat":312392},{"id":198623,"n":"Capsules Nescafé Dolce Gusto  Double Espresso - x16","p":5.14,"u":"37,79 €/KG","img":"https://fd3-photos.leclercdrive.fr/image.ashx?id=2687245&use=l&cat=p&typeid=i","cat":293239},{"id":198647,"n":"Chorizo tranché César Moroni Fort 20 tranches - 100g","p":2.08,"u":"20,80 €/KG","img":"https://fd3-photos.leclercdrive.fr/image.ashx?id=2439026&use=l&cat=p&typeid=i","cat":316006},{"id":198669,"n":"Sugo al basilico  340g","p":1.69,"u":"4,97 €/KG","img":"https://fd3-photos.leclercdrive.fr/image.ashx?id=2840025&use=l&cat=p&typeid=i","cat":288384},{"id":198716,"n":"Mélange grillé Seeberger Non salé  - 150g","p":3.91,"u":"26,07 €/KG","img":"https://fd3-photos.leclercdrive.fr/image.ashx?id=2950612&use=l&cat=p&typeid=i","cat":316002},{"id":198794,"n":"Protège-slips Doulys Ultra-mince Long - x30","p":1.25,"u":"0,04 €/P","img":"https://fd3-photos.leclercdrive.fr/image.ashx?id=2882343&use=l&cat=p&typeid=i","cat":284625},{"id":198808,"n":"Croustillants cheddar Président 6 pièces - 150g","p":3.38,"u":"22,53 €/KG","img":"https://fd3-photos.leclercdrive.fr/image.ashx?id=2856079&use=l&cat=p&typeid=i","cat":314027},{"id":198835,"n":"Gel à raser Satin Care Gillette Nettoyant 2 en 1 - 190ML","p":11.59,"u":"61,00 €/L","img":"https://fd3-photos.leclercdrive.fr/image.ashx?id=2529132&use=l&cat=p&typeid=i","cat":325352},{"id":198859,"n":"Pizza Turini Chèvre et Miel - 380g","p":3.29,"u":"8,66 €/KG","img":"https://fd3-photos.leclercdrive.fr/image.ashx?id=2888965&use=l&cat=p&typeid=i","cat":333679},{"id":198869,"n":"Lames de rasoir Gillette Mach 3 Turbo - x4","p":15.97,"u":"3,99 €/P","img":"https://fd3-photos.leclercdrive.fr/image.ashx?id=2507101&use=l&cat=p&typeid=i","cat":284616},{"id":198877,"n":"Rasoir Mach 3 Gillette 3 lames -x1","p":10.1,"img":"https://fd3-photos.leclercdrive.fr/image.ashx?id=2971416&use=l&cat=p&typeid=i","cat":284616},{"id":198920,"n":"Lames de rasoir GilletteLabs x4","p":27.47,"u":"6,87 €/P","img":"https://fd3-photos.leclercdrive.fr/image.ashx?id=2437683&use=l&cat=p&typeid=i","cat":284616},{"id":198959,"n":"Gel désodorisant Uni vert Lavande Eucalyptus","p":1.39,"img":"https://fd3-photos.leclercdrive.fr/image.ashx?id=2478934&use=l&cat=p&typeid=i","cat":311628},{"id":198972,"n":"Nettoyant ménager Clair Désinfectant - 5L","p":3.96,"u":"0,79 €/L","img":"https://fd3-photos.leclercdrive.fr/image.ashx?id=2909407&use=l&cat=p&typeid=i","cat":284907},{"id":198977,"n":"Bûche Nestlé Caramel Beurre Salé, 1l","p":7.43,"u":"7,43 €/L","img":"https://fd3-photos.leclercdrive.fr/image.ashx?id=2936701&use=l&cat=p&typeid=i","cat":284266},{"id":199034,"n":"Morilles sauvages Surgelées Champiland - 150g","p":10.79,"u":"71,93 €/KG","img":"https://fd3-photos.leclercdrive.fr/image.ashx?id=2438915&use=l&cat=p&typeid=i","cat":319805},{"id":199056,"n":"Gougères au fromage Erhard 225g","p":4.45,"u":"19,78 €/KG","img":"https://fd3-photos.leclercdrive.fr/image.ashx?id=2439014&use=l&cat=p&typeid=i","cat":319774},{"id":199062,"n":"Assortiment P'tits Biscuits Poivron Lardons Saumon 280g","p":6.53,"u":"23,32 €/KG","img":"https://fd3-photos.leclercdrive.fr/image.ashx?id=2438702&use=l&cat=p&typeid=i","cat":319774},{"id":199064,"n":"Assortiment P'tits Sablés Salés - 310g","p":4.73,"u":"15,26 €/KG","img":"https://fd3-photos.leclercdrive.fr/image.ashx?id=2565182&use=l&cat=p&typeid=i","cat":319774},{"id":199066,"n":"Escargots Bourgogne Label Rouge Recette Bourguignone x36 223g","p":18.9,"pp":12.47,"u":"55,92 €/KG","img":"https://fd3-photos.leclercdrive.fr/image.ashx?id=2628776&use=l&cat=p&typeid=i","cat":319775},{"id":199097,"n":"Chocolat Père Noel Kinder 160g","p":6.49,"u":"40,56 €/KG","img":"https://fd3-photos.leclercdrive.fr/image.ashx?id=2764308&use=l&cat=p&typeid=i","cat":327592},{"id":199267,"n":"Bûche glacée Pilpa Douceur Citron Meringue 464g","p":5.27,"u":"11,36 €/KG","img":"https://fd3-photos.leclercdrive.fr/image.ashx?id=2751030&use=l&cat=p&typeid=i","cat":284266},{"id":199298,"n":"Bûche glacée Eskiss Façon Pêche Melba - 565g","p":5.73,"u":"10,14 €/KG","img":"https://fd3-photos.leclercdrive.fr/image.ashx?id=2791377&use=l&cat=p&typeid=i","cat":284266},{"id":199304,"n":"Kiwi jaune Panier du Primeur x4","p":3.49,"u":"0,87 €/P","img":"https://fd3-photos.leclercdrive.fr/image.ashx?id=2928303&use=l&cat=p&typeid=i","cat":284356},{"id":199510,"n":"Cervelas Herta Sans nitrite - 400g","p":3.83,"u":"9,58 €/KG","img":"https://fd3-photos.leclercdrive.fr/image.ashx?id=2443835&use=l&cat=p&typeid=i","cat":316012},{"id":199512,"n":"Cervelas Herta Sans nitrite - 200g","p":2.93,"u":"14,65 €/KG","img":"https://fd3-photos.leclercdrive.fr/image.ashx?id=2443832&use=l&cat=p&typeid=i","cat":316012},{"id":199530,"n":"Lait corps Mixa Anti-dessèchement - 400ml","p":4.26,"u":"10,65 €/L","img":"https://fd3-photos.leclercdrive.fr/image.ashx?id=2444372&use=l&cat=p&typeid=i","cat":325349},{"id":199552,"n":"Dentifrice Elmex Anti-caries Original - 75ml","p":3.94,"u":"52,53 €/L","img":"https://fd3-photos.leclercdrive.fr/image.ashx?id=2852181&use=l&cat=p&typeid=i","cat":284612},{"id":199553,"n":"Dentifrice Elmex Sensitive Original - 75ml","p":4.57,"u":"60,93 €/L","img":"https://fd3-photos.leclercdrive.fr/image.ashx?id=2738404&use=l&cat=p&typeid=i","cat":284612},{"id":199554,"n":"Dentifrice Elmex Sensitive  Haleine fraîche - 75ml","p":3.82,"u":"50,93 €/L","img":"https://fd3-photos.leclercdrive.fr/image.ashx?id=2738407&use=l&cat=p&typeid=i","cat":284612},{"id":199559,"n":"Dentifrice Elmex Sensitive  Blancheur douce - 2x75ml","p":9.47,"u":"63,13 €/MT","img":"https://fd3-photos.leclercdrive.fr/image.ashx?id=2738425&use=l&cat=p&typeid=i","cat":284612},{"id":199598,"n":"Désodorisant diffuseur Airwick  Active Fresh Vanille - 228ml","p":6.65,"u":"29,17 €/L","img":"https://fd3-photos.leclercdrive.fr/image.ashx?id=2864672&use=l&cat=p&typeid=i","cat":311629},{"id":199633,"n":"Sauce aux Cèpes Italie des Saveurs - 180g","p":4.56,"u":"25,33 €/KG","img":"https://fd3-photos.leclercdrive.fr/image.ashx?id=2454535&use=l&cat=p&typeid=i","cat":287599},{"id":199657,"n":"Jambon cru Aoste 6 tranches + 3 offertes - 150g","p":3.46,"u":"23,07 €/KG","img":"https://fd3-photos.leclercdrive.fr/image.ashx?id=2442659&use=l&cat=p&typeid=i","cat":316007},{"id":200054,"n":"Oeufs de truite des Pyrénées Pêcheries Basques - 80g","p":4.49,"u":"56,13 €/KG","img":"https://fd3-photos.leclercdrive.fr/image.ashx?id=2446905&use=l&cat=p&typeid=i","cat":285191},{"id":200135,"n":"Liqueur de menthe Get 27 Edition Limitée 17,9° - 70cl","p":10.95,"u":"15,64 €/L","img":"https://fd3-photos.leclercdrive.fr/image.ashx?id=2445787&use=l&cat=p&typeid=i","cat":286032},{"id":200175,"n":"Plat bébé soir Blédiner 15 mois Pâtes légumes - 200g","p":2.37,"u":"11,85 €/KG","img":"https://fd3-photos.leclercdrive.fr/image.ashx?id=2866295&use=l&cat=p&typeid=i","cat":312239},{"id":200188,"n":"Ramen Cup Oyakata Poulet Shio - 63g","p":1.79,"u":"28,41 €/KG","img":"https://fd3-photos.leclercdrive.fr/image.ashx?id=2446128&use=l&cat=p&typeid=i","cat":288992},{"id":200202,"n":"Repas bébé Blédina 15 mois carotte haricot riz bœuf 200g","p":2.37,"u":"11,85 €/KG","img":"https://fd3-photos.leclercdrive.fr/image.ashx?id=2586586&use=l&cat=p&typeid=i","cat":312238},{"id":200218,"n":"Repas bébé Blédina 15 mois carotte pâte épices poulet 200g","p":2.37,"u":"11,85 €/KG","img":"https://fd3-photos.leclercdrive.fr/image.ashx?id=2951632&use=l&cat=p&typeid=i","cat":312238},{"id":200300,"n":"Champagne Monopole Heidsieck Brut Grande cuvée - 75cl","p":27.47,"u":"36,63 €/L","img":"https://fd3-photos.leclercdrive.fr/image.ashx?id=2447942&use=l&cat=p&typeid=i","cat":284542},{"id":200317,"n":"Olives Vertes et noires  Dénoyautées - 170g","p":2.61,"u":"15,35 €/KG","img":"https://fd3-photos.leclercdrive.fr/image.ashx?id=2733511&use=l&cat=p&typeid=i","cat":284450},{"id":200368,"n":"Tartines croustillantes Wasa Complet - 260g","p":2.42,"u":"9,31 €/KG","img":"https://fd3-photos.leclercdrive.fr/image.ashx?id=2448196&use=l&cat=p&typeid=i","cat":284479},{"id":200377,"n":"Plat bébé soir Blédîner 15 mois Légumes macaroni persil - 200g","p":2.37,"u":"11,85 €/KG","img":"https://fd3-photos.leclercdrive.fr/image.ashx?id=2866292&use=l&cat=p&typeid=i","cat":312239},{"id":200378,"n":"Repas bébé Blédina 15 mois Pâtes brocolis jambon - 200g","p":2.37,"u":"11,85 €/KG","img":"https://fd3-photos.leclercdrive.fr/image.ashx?id=2975104&use=l&cat=p&typeid=i","cat":312238},{"id":200384,"n":"Grande flute Eco+ Fromage - 150g","p":1.39,"u":"9,27 €/KG","img":"https://fd3-photos.leclercdrive.fr/image.ashx?id=2681461&use=l&cat=p&typeid=i","cat":297000},{"id":200397,"n":"AOP Crémant de Bourgogne Brut Moillard Tastevinage - 75cl","p":8.33,"u":"11,11 €/L","img":"https://fd3-photos.leclercdrive.fr/image.ashx?id=2449007&use=l&cat=p&typeid=i","cat":284544},{"id":200648,"n":"Escargot de Bourgogne surgelé L'origine du goût x12 - 110g","p":9.53,"u":"86,64 €/KG","img":"https://fd3-photos.leclercdrive.fr/image.ashx?id=2809885&use=l&cat=p&typeid=i","cat":319775},{"id":200709,"n":"Soupe liquide brique Liebig  Cèpes & Bolets - 2x30cl","p":2.47,"u":"4,12 €/L","img":"https://fd3-photos.leclercdrive.fr/image.ashx?id=2472204&use=l&cat=p&typeid=i","cat":284462},{"id":200711,"n":"Soupe liquide brique Liebig  Potiron Chataîgne - 2x30cl","p":2.25,"u":"3,75 €/L","img":"https://fd3-photos.leclercdrive.fr/image.ashx?id=2693485&use=l&cat=p&typeid=i","cat":284462},{"id":200714,"n":"Céréales Lion Nestlé   Triple Crunchy - 550g","p":4.83,"u":"8,78 €/KG","img":"https://fd3-photos.leclercdrive.fr/image.ashx?id=2893538&use=l&cat=p&typeid=i","cat":309513},{"id":200721,"n":"Jambon de Parme Negroni Premium - 90g","p":4.52,"u":"50,22 €/KG","img":"https://fd3-photos.leclercdrive.fr/image.ashx?id=2452341&use=l&cat=p&typeid=i","cat":316007},{"id":200774,"n":"AIRWICK Recharge Active Fresh Désodorisant Vanille - 228ml","p":5.99,"u":"26,27 €/L","img":"https://fd3-photos.leclercdrive.fr/image.ashx?id=2864675&use=l&cat=p&typeid=i","cat":311629},{"id":200779,"n":"Nettoyant sol Vigor Désincrustant intense - 1L","p":3.18,"u":"3,18 €/L","img":"https://fd3-photos.leclercdrive.fr/image.ashx?id=2736160&use=l&cat=p&typeid=i","cat":284907},{"id":200781,"n":"Serviettes hygiéniques Nana Maxi régulier+ x16","p":1.86,"u":"0,12 €/P","img":"https://fd3-photos.leclercdrive.fr/image.ashx?id=2454454&use=l&cat=p&typeid=i","cat":284624},{"id":200987,"n":"Mini burger Jacquet Nature x10 - 210g","p":1.87,"u":"8,90 €/KG","img":"https://fd3-photos.leclercdrive.fr/image.ashx?id=2991873&use=l&cat=p&typeid=i","cat":325067},{"id":200994,"n":"Nouilles Soy Shrimps Nissin 63g","p":2.17,"u":"34,44 €/KG","img":"https://fd3-photos.leclercdrive.fr/image.ashx?id=2453640&use=l&cat=p&typeid=i","cat":288992},{"id":201001,"n":"Eau de source de Montagne 8L","p":1.89,"u":"0,24 €/L","img":"https://fd3-photos.leclercdrive.fr/image.ashx?id=2453162&use=l&cat=p&typeid=i","cat":284535},{"id":201017,"n":"Crêpes dentelles Bretagne NRT 120g","p":1.72,"u":"14,33 €/KG","img":"https://fd3-photos.leclercdrive.fr/image.ashx?id=2622359&use=l&cat=p&typeid=i","cat":284487},{"id":201050,"n":"Raclette Gratte Givre Tech9 Rouge - 1 pièce","p":2.55,"img":"https://fd3-photos.leclercdrive.fr/image.ashx?id=2611925&use=l&cat=p&typeid=i","cat":298252},{"id":201107,"n":"Café dosettes Tassimo Café au Lait x21","p":5.12,"u":"21,16 €/KG","img":"https://fd3-photos.leclercdrive.fr/image.ashx?id=2457605&use=l&cat=p&typeid=i","cat":293240},{"id":201135,"n":"Culotte absorbante Dim Moment oups - Noir - T36/38 x1","p":19.95,"img":"https://fd3-photos.leclercdrive.fr/image.ashx?id=2463296&use=l&cat=p&typeid=i","cat":291524},{"id":201137,"n":"Culotte absorbante Dim Moment oups - Noir - T40/42 x1","p":19.95,"img":"https://fd3-photos.leclercdrive.fr/image.ashx?id=2463299&use=l&cat=p&typeid=i","cat":291524},{"id":201140,"n":"Yaourt à la grecque Yaos  Morceaux d'abricots - 4x125g","p":2.76,"u":"5,52 €/KG","img":"https://fd3-photos.leclercdrive.fr/image.ashx?id=2455123&use=l&cat=p&typeid=i","cat":284410},{"id":201193,"n":"Boisson fermentée désalcoolisée Rosé - à base de raisin - 75cl","p":3.15,"u":"4,20 €/L","img":"https://fd3-photos.leclercdrive.fr/image.ashx?id=2477667&use=l&cat=p&typeid=i","cat":284549},{"id":201203,"n":"Préparation Pancakes Mapple Joe - 215g 8à10 pancakes","p":2.57,"u":"11,95 €/KG","img":"https://fd3-photos.leclercdrive.fr/image.ashx?id=2657394&use=l&cat=p&typeid=i","cat":284504},{"id":201298,"n":"Fromage enfant La Vache qui rit Original 12P à tartiner - 192g","p":2.72,"u":"14,17 €/KG","img":"https://fd3-photos.leclercdrive.fr/image.ashx?id=2945442&use=l&cat=p&typeid=i","cat":314030},{"id":201300,"n":"Fromage enfant La Vache qui rit Original 32P à tartiner - 512g","p":4.77,"u":"9,32 €/KG","img":"https://fd3-photos.leclercdrive.fr/image.ashx?id=2945448&use=l&cat=p&typeid=i","cat":314030},{"id":201341,"n":"Iceberg Eco+","p":0.99,"img":"https://fd3-photos.leclercdrive.fr/image.ashx?id=2715747&use=l&cat=p&typeid=i","cat":284352},{"id":201360,"n":"AOC Buzet L'Excellence Blanc - 75cl","p":4.97,"u":"6,63 €/L","img":"https://fd3-photos.leclercdrive.fr/image.ashx?id=2833423&use=l&cat=p&typeid=i","cat":289557},{"id":201455,"n":"Thé vert Boost Yate x20 - 32g","p":1.49,"u":"46,56 €/KG","img":"https://fd3-photos.leclercdrive.fr/image.ashx?id=2897811&use=l&cat=p&typeid=i","cat":293233},{"id":201456,"n":"Maté Yate x20 - 30g","p":1.49,"u":"49,67 €/KG","img":"https://fd3-photos.leclercdrive.fr/image.ashx?id=2854252&use=l&cat=p&typeid=i","cat":293233},{"id":201457,"n":"Infusion détente Tisea x20","p":1.49,"u":"46,56 €/KG","img":"https://fd3-photos.leclercdrive.fr/image.ashx?id=2672948&use=l&cat=p&typeid=i","cat":293234},{"id":201459,"n":"Haricot vert Notre Jardin Beurre - 280g","p":2.39,"u":"8,54 €/KG","img":"https://fd3-photos.leclercdrive.fr/image.ashx?id=3002650&use=l&cat=p&typeid=i","cat":312606},{"id":201460,"n":"Terrine de campagne Côté Table Sel de guérande - 180g","p":1.47,"u":"8,17 €/KG","img":"https://fd3-photos.leclercdrive.fr/image.ashx?id=2460418&use=l&cat=p&typeid=i","cat":305149},{"id":201461,"n":"Terrine de campagne bio Piment d’Espelette - 180g","p":2.99,"u":"16,61 €/KG","img":"https://fd3-photos.leclercdrive.fr/image.ashx?id=2460421&use=l&cat=p&typeid=i","cat":305149},{"id":201475,"n":"Saucisse de Morteau IGP à cuire Clavière - 250g","p":5.41,"u":"21,64 €/KG","img":"https://fd3-photos.leclercdrive.fr/image.ashx?id=2603276&use=l&cat=p&typeid=i","cat":284334},{"id":201552,"n":"Lames de rasoir Gillette Fusion Lot de 6+6","p":37.31,"u":"3,11 €/P","img":"https://fd3-photos.leclercdrive.fr/image.ashx?id=2787950&use=l&cat=p&typeid=i","cat":284616},{"id":201555,"n":"Gillette Mach3 Turbo - Lot de 3x4","p":37.73,"u":"3,14 €/P","img":"https://fd3-photos.leclercdrive.fr/image.ashx?id=2787947&use=l&cat=p&typeid=i","cat":284616},{"id":201571,"n":"Viande bovine Bourguignon ** à mijoter - 500g","p":6.79,"u":"13,58 €/KG","img":"https://fd3-photos.leclercdrive.fr/image.ashx?id=2930933&use=l&cat=p&typeid=i","cat":284328},{"id":201572,"n":"Sauté de porc Atelier Boucherie VPF - 500g","p":4.59,"u":"9,18 €/KG","img":"https://fd3-photos.leclercdrive.fr/image.ashx?id=2932707&use=l&cat=p&typeid=i","cat":284331},{"id":201597,"n":"Infusion Ethiquable Bio Menthe poivrée - 30g","p":2.89,"u":"96,33 €/KG","img":"https://fd3-photos.leclercdrive.fr/image.ashx?id=2461749&use=l&cat=p&typeid=i","cat":293234},{"id":201600,"n":"Capsules Café Carte Noire  Puissant n°11 x30 - 165g","p":9.37,"u":"56,79 €/KG","img":"https://fd3-photos.leclercdrive.fr/image.ashx?id=2873444&use=l&cat=p&typeid=i","cat":284749},{"id":201607,"n":"Rasoirs jetables Wilkinson Extra 3 Essentials - x4","p":2.59,"u":"0,65 €/P","img":"https://fd3-photos.leclercdrive.fr/image.ashx?id=2462840&use=l&cat=p&typeid=i","cat":325352},{"id":201689,"n":"Café capsules Plantation Lungo -","p":5.15,"u":"33,01 €/KG","img":"https://fd3-photos.leclercdrive.fr/image.ashx?id=2860085&use=l&cat=p&typeid=i","cat":284749},{"id":201690,"n":"Beurre plaquette Eco+ Demi-sel - 60% MG - 200g","p":1.47,"u":"7,35 €/KG","img":"https://fd3-photos.leclercdrive.fr/image.ashx?id=2794184&use=l&cat=p&typeid=i","cat":284379},{"id":201692,"n":"Frites Crousti Express Findus Micro-ondes Allumette 2x100g","p":1.72,"u":"8,60 €/KG","img":"https://fd3-photos.leclercdrive.fr/image.ashx?id=2648274&use=l&cat=p&typeid=i","cat":319791},{"id":201693,"n":"Frites Crousti Express Findus Micro-ondes Classique 2x100g","p":1.62,"u":"8,10 €/KG","img":"https://fd3-photos.leclercdrive.fr/image.ashx?id=2648271&use=l&cat=p&typeid=i","cat":319791},{"id":201702,"n":"Bière Leffe Ruby 5% - 6x25cl","p":5.2,"u":"3,47 €/L","img":"https://fd3-photos.leclercdrive.fr/image.ashx?id=2811581&use=l&cat=p&typeid=i","cat":334878},{"id":201706,"n":"Bière Leffe Ruby 5% - 12x25cl","p":8.72,"u":"2,91 €/L","img":"https://fd3-photos.leclercdrive.fr/image.ashx?id=2813008&use=l&cat=p&typeid=i","cat":334878},{"id":201721,"n":"Brume Solaire SPF50+ Garnier Très Haute Protection - 150ml","p":9.64,"u":"64,27 €/L","img":"https://fd3-photos.leclercdrive.fr/image.ashx?id=2572269&use=l&cat=p&typeid=i","cat":325355},{"id":201725,"n":"Lait Solaire SPF50+ Garnier Hypoallergénique - 175ml","p":10.22,"u":"58,40 €/L","img":"https://fd3-photos.leclercdrive.fr/image.ashx?id=2569728&use=l&cat=p&typeid=i","cat":325355},{"id":201726,"n":"Spray Solaire Enfants Garnier Hypoallergénique SPF50+ - 150ml","p":10.84,"u":"72,27 €/L","img":"https://fd3-photos.leclercdrive.fr/image.ashx?id=2552847&use=l&cat=p&typeid=i","cat":325355},{"id":201728,"n":"Brume solaire Ambre Solaire  Enfant SPF50+ - 150ml","p":9.8,"u":"65,33 €/MT","img":"https://fd3-photos.leclercdrive.fr/image.ashx?id=2572266&use=l&cat=p&typeid=i","cat":325355},{"id":201732,"n":"Brume solaire Ambre Solaire  Brume sèche SPF30 - 200ml","p":15.71,"u":"78,55 €/L","img":"https://fd3-photos.leclercdrive.fr/image.ashx?id=2464171&use=l&cat=p&typeid=i","cat":null},{"id":201747,"n":"Thé vert Lipton Fleur d'oranger - x20 - 30g","p":2.07,"u":"69,00 €/KG","img":"https://fd3-photos.leclercdrive.fr/image.ashx?id=2463398&use=l&cat=p&typeid=i","cat":293233},{"id":201757,"n":"Capsules Starbucks by Nespresso  Sunny Day Blend Int 5 - x10","p":4.08,"u":"0,41 €/P","img":"https://fd3-photos.leclercdrive.fr/image.ashx?id=2654086&use=l&cat=p&typeid=i","cat":284749},{"id":201759,"n":"Infusion Twinings Ayurveda citron vert mangue curcuma x20","p":3.33,"u":"111,00 €/KG","img":"https://fd3-photos.leclercdrive.fr/image.ashx?id=2893051&use=l&cat=p&typeid=i","cat":293234},{"id":201765,"n":"Ambre Solaire Sérum Garnier Super UV SPF50+ - 30ml","p":10.54,"u":"351,33 €/L","img":"https://fd3-photos.leclercdrive.fr/image.ashx?id=2735374&use=l&cat=p&typeid=i","cat":325355},{"id":201772,"n":"Dentifrice Elmex Sensitive Blancheur douce - 75ml","p":4.73,"u":"63,07 €/L","img":"https://fd3-photos.leclercdrive.fr/image.ashx?id=2721187&use=l&cat=p&typeid=i","cat":284612},{"id":201774,"n":"Sous-vêtements nuit DryNites® Garçons 4-7 ans (17-30 kg) x16","p":12.3,"u":"0,77 €/P","img":"https://fd3-photos.leclercdrive.fr/image.ashx?id=2844727&use=l&cat=p&typeid=i","cat":290633},{"id":201776,"n":"Sous-vêtements nuit DryNites® Filles 8-13 ans (30-48 kg) x13","p":9.84,"u":"0,76 €/P","img":"https://fd3-photos.leclercdrive.fr/image.ashx?id=2844736&use=l&cat=p&typeid=i","cat":290633},{"id":201791,"n":"Soupe en sachets chat Felix Sélection de poissons - 6x48g","p":2.26,"u":"7,85 €/KG","img":"https://fd3-photos.leclercdrive.fr/image.ashx?id=2887251&use=l&cat=p&typeid=i","cat":285286},{"id":201792,"n":"Mousseline Purina Gourmet Thon nappé de sauce - 4x57g","p":3.03,"u":"13,29 €/KG","img":"https://fd3-photos.leclercdrive.fr/image.ashx?id=2899722&use=l&cat=p&typeid=i","cat":285601},{"id":201835,"n":"Pizza Crousti Moelleuse Marie Royale - 500g","p":4.72,"u":"9,44 €/KG","img":"https://fd3-photos.leclercdrive.fr/image.ashx?id=2996704&use=l&cat=p&typeid=i","cat":284256},{"id":201836,"n":"Pizza Crousti Moelleuse Marie 4 fromages - 500g","p":4.65,"u":"9,30 €/KG","img":"https://fd3-photos.leclercdrive.fr/image.ashx?id=2996701&use=l&cat=p&typeid=i","cat":284256},{"id":201837,"n":"Protège-slips Doulys Ultra-mince normal - x45","p":0.87,"u":"0,02 €/P","img":"https://fd3-photos.leclercdrive.fr/image.ashx?id=2849590&use=l&cat=p&typeid=i","cat":284625},{"id":201838,"n":"Fraizibus Haribo Sachet bonbons - 220g","p":1.78,"u":"8,09 €/KG","img":"https://fd3-photos.leclercdrive.fr/image.ashx?id=2984955&use=l&cat=p&typeid=i","cat":304250},{"id":201839,"n":"Sauce arrabbiata Turini 420g","p":1.14,"u":"2,71 €/KG","img":"https://fd3-photos.leclercdrive.fr/image.ashx?id=2465062&use=l&cat=p&typeid=i","cat":287599},{"id":201840,"n":"Poudre chocolat Ovomaltine 350g","p":4.48,"u":"12,80 €/KG","img":"https://fd3-photos.leclercdrive.fr/image.ashx?id=2465610&use=l&cat=p&typeid=i","cat":293235},{"id":201915,"n":"Protège-slips Doulys Slip ou string - x45","p":1.61,"u":"0,04 €/P","img":"https://fd3-photos.leclercdrive.fr/image.ashx?id=2877466&use=l&cat=p&typeid=i","cat":284625},{"id":201934,"n":"Protège-slips Vania Confort Fresh - x56","p":2.11,"img":"https://fd3-photos.leclercdrive.fr/image.ashx?id=2735227&use=l&cat=p&typeid=i","cat":284625},{"id":201935,"n":"Protège-slips Confort Vania  Sans parfum - x56","p":2.01,"u":"0,04 €/P","img":"https://fd3-photos.leclercdrive.fr/image.ashx?id=2735230&use=l&cat=p&typeid=i","cat":284625},{"id":201941,"n":"Essuie tout Renova Active Absorption - Rouleaux XXL - x8","p":9.59,"u":"1,20 €/P","img":"https://fd3-photos.leclercdrive.fr/image.ashx?id=2491805&use=l&cat=p&typeid=i","cat":284635},{"id":201942,"n":"Spray désinfectant Clair Multi-surfaces - 400ml","p":3.85,"u":"9,63 €/MT","img":"https://fd3-photos.leclercdrive.fr/image.ashx?id=2467682&use=l&cat=p&typeid=i","cat":325357},{"id":201945,"n":"Gel Douche Le Petit Marseillais  Lait de vanille - 250ml","p":1.72,"u":"6,88 €/L","img":"https://fd3-photos.leclercdrive.fr/image.ashx?id=2676096&use=l&cat=p&typeid=i","cat":284594},{"id":201946,"n":"Gel Douche Le Petit Marseillais Lait de vanille - 650 ml","p":3.34,"u":"5,14 €/L","img":"https://fd3-photos.leclercdrive.fr/image.ashx?id=2674794&use=l&cat=p&typeid=i","cat":284594},{"id":201947,"n":"Gel Douche Le Petit Marseillais Fleur de cerisie - 650ml","p":3.28,"u":"5,05 €/L","img":"https://fd3-photos.leclercdrive.fr/image.ashx?id=2676099&use=l&cat=p&typeid=i","cat":284594},{"id":201948,"n":"Gel Douche Le Petit Marseillais Abricot et noisette - 650ml","p":3.01,"u":"4,63 €/MT","img":"https://fd3-photos.leclercdrive.fr/image.ashx?id=2676102&use=l&cat=p&typeid=i","cat":284594},{"id":201949,"n":"Gel Douche Le Petit Marseillais Fleur d'oranger - 250ml","p":1.7,"u":"6,80 €/MT","img":"https://fd3-photos.leclercdrive.fr/image.ashx?id=2963397&use=l&cat=p&typeid=i","cat":284594},{"id":201950,"n":"Gel Douche Le Petit Marseillais Amande douce - 250ml","p":1.58,"u":"6,32 €/MT","img":"https://fd3-photos.leclercdrive.fr/image.ashx?id=2946592&use=l&cat=p&typeid=i","cat":284594},{"id":201951,"n":"Gel Douche Le Petit Marseillais Lait - 250ml","p":1.63,"u":"6,52 €/MT","img":"https://fd3-photos.leclercdrive.fr/image.ashx?id=2676108&use=l&cat=p&typeid=i","cat":284594},{"id":201952,"n":"Gel Douche Le Petit Marseillais Lait - 650ml","p":3.12,"u":"4,80 €/L","img":"https://fd3-photos.leclercdrive.fr/image.ashx?id=2676111&use=l&cat=p&typeid=i","cat":284594},{"id":201953,"n":"Gel Douche Le Petit Marseillais Pêche nectarine - 250ml","p":1.69,"u":"6,76 €/L","img":"https://fd3-photos.leclercdrive.fr/image.ashx?id=2938761&use=l&cat=p&typeid=i","cat":284594},{"id":201954,"n":"Gel Douche Le Petit Marseillais  Peche nectarine - 650ml","p":3.34,"u":"5,14 €/L","img":"https://fd3-photos.leclercdrive.fr/image.ashx?id=2676114&use=l&cat=p&typeid=i","cat":284594},{"id":201955,"n":"Gel Douche Le Petit Marseillais Olivier Tillieul - 650ml","p":3.77,"u":"5,80 €/MT","img":"https://fd3-photos.leclercdrive.fr/image.ashx?id=2676117&use=l&cat=p&typeid=i","cat":284594},{"id":201956,"n":"Gel Douche Le Petit Marseillais Verveine citron - 250ml","p":1.71,"u":"6,84 €/MT","img":"https://fd3-photos.leclercdrive.fr/image.ashx?id=2941769&use=l&cat=p&typeid=i","cat":284594},{"id":201957,"n":"Gel douche pamplemousse orange  Le Petit marseillais - 650ml","p":3.22,"u":"4,95 €/L","img":"https://fd3-photos.leclercdrive.fr/image.ashx?id=2676123&use=l&cat=p&typeid=i","cat":284594},{"id":201967,"n":"Bière blonde Corona 12x33cl","p":14.5,"u":"3,66 €/L","img":"https://fd3-photos.leclercdrive.fr/image.ashx?id=2544521&use=l&cat=p&typeid=i","cat":334873},{"id":201968,"n":"Bière blonde Corona Extra 4,5% - 6x33cl","p":7.85,"u":"3,96 €/L","img":"https://fd3-photos.leclercdrive.fr/image.ashx?id=2865452&use=l&cat=p&typeid=i","cat":334873},{"id":201993,"n":"Repas Plaisir chien adulte Terrines viande - 4x300g","p":5.97,"u":"4,98 €/KG","img":"https://fd3-photos.leclercdrive.fr/image.ashx?id=2734489&use=l&cat=p&typeid=i","cat":288578},{"id":202003,"n":"Pomme Canada 1 pièce","p":0.6,"img":"https://fd3-photos.leclercdrive.fr/image.ashx?id=1631128&use=l&cat=p&typeid=i","cat":284356},{"id":202048,"n":"Crème glacée Trium Caramel salé - 430g","p":3.75,"u":"8,72 €/KG","img":"https://fd3-photos.leclercdrive.fr/image.ashx?id=2902567&use=l&cat=p&typeid=i","cat":284725},{"id":202049,"n":"Crème glacée Trium Chocolat Brownie - 415g","p":5.13,"u":"12,36 €/KG","img":"https://fd3-photos.leclercdrive.fr/image.ashx?id=2469037&use=l&cat=p&typeid=i","cat":284725},{"id":202051,"n":"Crème glacée Trium Macadamia - 430g","p":4.3,"u":"10,00 €/KG","img":"https://fd3-photos.leclercdrive.fr/image.ashx?id=2469043&use=l&cat=p&typeid=i","cat":284725},{"id":202054,"n":"Pizza Eco+ 6 fromages x2 - 680g","p":3.41,"u":"5,01 €/KG","img":"https://fd3-photos.leclercdrive.fr/image.ashx?id=2756840&use=l&cat=p&typeid=i","cat":284256},{"id":202055,"n":"Crème glacée Trium Cookie Dough - 416g","p":3.24,"u":"7,79 €/KG","img":"https://fd3-photos.leclercdrive.fr/image.ashx?id=2469040&use=l&cat=p&typeid=i","cat":284725},{"id":202061,"n":"Yaourt nature Actifidus Délisse 0% MG - 8x125g","p":2.36,"u":"2,36 €/KG","img":"https://fd3-photos.leclercdrive.fr/image.ashx?id=2469082&use=l&cat=p&typeid=i","cat":284409},{"id":202064,"n":"Fromage blanc nature Délisse 500g","p":1.29,"u":"2,58 €/KG","img":"https://fd3-photos.leclercdrive.fr/image.ashx?id=3012878&use=l&cat=p&typeid=i","cat":284409},{"id":202066,"n":"Fromage blanc nature Délisse 4x100g","p":0.97,"u":"2,43 €/KG","img":"https://fd3-photos.leclercdrive.fr/image.ashx?id=3012881&use=l&cat=p&typeid=i","cat":284409},{"id":202068,"n":"Yaourt à la Grecque Délisse  450g","p":1.29,"u":"2,87 €/KG","img":"https://fd3-photos.leclercdrive.fr/image.ashx?id=2885140&use=l&cat=p&typeid=i","cat":314999},{"id":202074,"n":"Poêlée de légumes Épeautre  Notre Jardin - 750g","p":2.89,"u":"3,85 €/KG","img":"https://fd3-photos.leclercdrive.fr/image.ashx?id=2771378&use=l&cat=p&typeid=i","cat":319823},{"id":202076,"n":"AOP rosé Côte de Provence Aimé Roquesanté  - 75cl","p":6.78,"u":"9,04 €/L","img":"https://fd3-photos.leclercdrive.fr/image.ashx?id=2941032&use=l&cat=p&typeid=i","cat":289558},{"id":202077,"n":"Crème semi-épaisse Soutenons Nos Agriculteurs - 3x20cl","p":2.89,"u":"4,82 €/L","img":"https://fd3-photos.leclercdrive.fr/image.ashx?id=2469067&use=l&cat=p&typeid=i","cat":284381},{"id":202081,"n":"Pizza moelleuse Turini 3 viandes - 590g","p":4.0,"u":"6,78 €/KG","img":"https://fd3-photos.leclercdrive.fr/image.ashx?id=2816609&use=l&cat=p&typeid=i","cat":284256},{"id":202399,"n":"Pur jus de grenade Jardin Bio Bio - 75cl","p":4.4,"u":"5,87 €/L","img":"https://fd3-photos.leclercdrive.fr/image.ashx?id=2471856&use=l&cat=p&typeid=i","cat":284915},{"id":202403,"n":"Pur jus Jardin Bio Multifruits - 75cl","p":2.51,"u":"3,35 €/L","img":"https://fd3-photos.leclercdrive.fr/image.ashx?id=2471862&use=l&cat=p&typeid=i","cat":284915},{"id":202404,"n":"Pur jus Jardin Bio Pamplemousse rose bio - 75cl","p":2.4,"u":"3,20 €/L","img":"https://fd3-photos.leclercdrive.fr/image.ashx?id=2835307&use=l&cat=p&typeid=i","cat":284915},{"id":202405,"n":"Pur jus bio Jardin Bio Pomme pressée - 75cl","p":2.09,"u":"2,79 €/L","img":"https://fd3-photos.leclercdrive.fr/image.ashx?id=2471859&use=l&cat=p&typeid=i","cat":284915},{"id":202407,"n":"Pur jus Jardin Bio Raisin bio - 75cl","p":3.24,"u":"4,32 €/L","img":"https://fd3-photos.leclercdrive.fr/image.ashx?id=2471163&use=l&cat=p&typeid=i","cat":284915},{"id":202455,"n":"Pomme de terre Princesse Amandine - 2kg","p":3.99,"u":"2,00 €/KG","img":"https://fd3-photos.leclercdrive.fr/image.ashx?id=1625739&use=l&cat=p&typeid=i","cat":284352},{"id":202482,"n":"Raclette nature 600g","p":7.79,"u":"12,98 €/KG","img":"https://fd3-photos.leclercdrive.fr/image.ashx?id=2992693&use=l&cat=p&typeid=i","cat":314036},{"id":202544,"n":"Gel douche Le Petit Marseillais Grenade - 250ml","p":1.65,"u":"6,60 €/L","img":"https://fd3-photos.leclercdrive.fr/image.ashx?id=2685126&use=l&cat=p&typeid=i","cat":284594},{"id":202545,"n":"Gel douche Le Petit Marseillais Fleur de Tiare - 250ml","p":1.6,"u":"6,40 €/L","img":"https://fd3-photos.leclercdrive.fr/image.ashx?id=2676093&use=l&cat=p&typeid=i","cat":284594},{"id":202546,"n":"Gel douche Le Petit Marseillais Mandarine - 250ml","p":1.47,"u":"5,88 €/L","img":"https://fd3-photos.leclercdrive.fr/image.ashx?id=2684527&use=l&cat=p&typeid=i","cat":284594},{"id":202547,"n":"Gel douche Le Petit Marseillais Mangue Passion - 250ml","p":1.64,"u":"6,56 €/L","img":"https://fd3-photos.leclercdrive.fr/image.ashx?id=2685189&use=l&cat=p&typeid=i","cat":284594},{"id":202549,"n":"Gel douche Le Petit Marseillais Argan et Karité - 250ml","p":1.59,"u":"6,36 €/L","img":"https://fd3-photos.leclercdrive.fr/image.ashx?id=2684539&use=l&cat=p&typeid=i","cat":284594},{"id":202621,"n":"Galette de riz Bio Bjorg Bio Chocolat noir - 90g","p":3.09,"u":"34,33 €/KG","img":"https://fd3-photos.leclercdrive.fr/image.ashx?id=2905363&use=l&cat=p&typeid=i","cat":318651},{"id":202647,"n":"Bière blonde Jenlain Pack 6x25cl","p":5.92,"u":"3,95 €/L","img":"https://fd3-photos.leclercdrive.fr/image.ashx?id=2474380&use=l&cat=p&typeid=i","cat":334852},{"id":202649,"n":"Bière blonde Jenlain 75 cl","p":2.7,"u":"3,60 €/L","img":"https://fd3-photos.leclercdrive.fr/image.ashx?id=2732851&use=l&cat=p&typeid=i","cat":334852},{"id":202857,"n":"Couches Pampers Premium Protection - T2 - x54","p":15.57,"u":"0,29 €/P","img":"https://fd3-photos.leclercdrive.fr/image.ashx?id=2683367&use=l&cat=p&typeid=i","cat":284737},{"id":202870,"n":"Sucrines bicolores Panier du Primeur x3","p":1.29,"u":"0,43 €/P","img":"https://fd3-photos.leclercdrive.fr/image.ashx?id=2477544&use=l&cat=p&typeid=i","cat":284352},{"id":202871,"n":"Coeur de sucrine  Panier du Primeur x6","p":2.29,"u":"0,76 €/P","img":"https://fd3-photos.leclercdrive.fr/image.ashx?id=2477547&use=l&cat=p&typeid=i","cat":284352},{"id":202872,"n":"Sucrine Eco+ x2","p":0.89,"u":"0,45 €/P","img":"https://fd3-photos.leclercdrive.fr/image.ashx?id=2477535&use=l&cat=p&typeid=i","cat":284352},{"id":202882,"n":"Filet de cabillaud MSC Eco+ Sans peau et sans arête - 200g","p":3.97,"u":"19,85 €/KG","img":"https://fd3-photos.leclercdrive.fr/image.ashx?id=2698558&use=l&cat=p&typeid=i","cat":284342},{"id":202888,"n":"Gel douche Adidas Active Start - 250ml","p":1.67,"u":"6,68 €/L","img":"https://fd3-photos.leclercdrive.fr/image.ashx?id=2990805&use=l&cat=p&typeid=i","cat":284619},{"id":202905,"n":"Bâtonnets Biscoff Lotus Chocolat blanc - 276g","p":3.22,"u":"11,67 €/KG","img":"https://fd3-photos.leclercdrive.fr/image.ashx?id=2687101&use=l&cat=p&typeid=i","cat":284265},{"id":202915,"n":"Serviettes fuites urinaires Tadam' Maxi Night x12","p":6.19,"u":"0,52 €/P","img":"https://fd3-photos.leclercdrive.fr/image.ashx?id=2497578&use=l&cat=p&typeid=i","cat":284628},{"id":202916,"n":"Culottes fuites urinaires Plus Tadam' - M - x9","p":10.12,"u":"1,12 €/P","img":"https://fd3-photos.leclercdrive.fr/image.ashx?id=2497566&use=l&cat=p&typeid=i","cat":284628},{"id":202965,"n":"Korma Garbit 300g","p":3.65,"u":"12,17 €/KG","img":"https://fd3-photos.leclercdrive.fr/image.ashx?id=2901917&use=l&cat=p&typeid=i","cat":284953},{"id":202968,"n":"Fromage blanc Lindahls Protein  Fraise Citron vert - 2x160g","p":2.23,"u":"13,94 €/KG","img":"https://fd3-photos.leclercdrive.fr/image.ashx?id=2870191&use=l&cat=p&typeid=i","cat":315000},{"id":202971,"n":"Fromage blanc Lindahls Protein  Stracciatella - 2x160g","p":2.16,"u":"13,50 €/KG","img":"https://fd3-photos.leclercdrive.fr/image.ashx?id=3007957&use=l&cat=p&typeid=i","cat":314999},{"id":203036,"n":"Gel douche Mixa Bébé  Très Doux Corps Cheveux - 300ml","p":3.04,"u":"10,13 €/L","img":"https://fd3-photos.leclercdrive.fr/image.ashx?id=2479318&use=l&cat=p&typeid=i","cat":284740},{"id":203037,"n":"Shampooing Mixa Bébé  Très Doux - 300ml","p":2.4,"u":"8,00 €/L","img":"https://fd3-photos.leclercdrive.fr/image.ashx?id=2479321&use=l&cat=p&typeid=i","cat":284740},{"id":203038,"n":"Shampooing démêlant Mixa Bébé Karité - 300ml","p":2.38,"u":"7,93 €/L","img":"https://fd3-photos.leclercdrive.fr/image.ashx?id=2478640&use=l&cat=p&typeid=i","cat":284740},{"id":203039,"n":"Shampooing Mixa Bébé Bio Très Doux - 300ml","p":4.99,"u":"16,63 €/L","img":"https://fd3-photos.leclercdrive.fr/image.ashx?id=2478643&use=l&cat=p&typeid=i","cat":284740},{"id":203042,"n":"Gel Toilette Intime Extra Doux Intima Natural Hamamélis 200ml","p":3.8,"u":"19,00 €/L","img":"https://fd3-photos.leclercdrive.fr/image.ashx?id=2959871&use=l&cat=p&typeid=i","cat":284627},{"id":203043,"n":"Gel Toilette Intime Régulateur Intima Natural Cranberry 200ml","p":3.29,"u":"16,45 €/L","img":"https://fd3-photos.leclercdrive.fr/image.ashx?id=2959874&use=l&cat=p&typeid=i","cat":284627},{"id":203048,"n":"Aérosol désodorisant Glade Muguet - 300ml","p":2.23,"u":"7,43 €/L","img":"https://fd3-photos.leclercdrive.fr/image.ashx?id=2664211&use=l&cat=p&typeid=i","cat":311626},{"id":203049,"n":"Recharge Sense & Spray Glade Muguet - 18 ml","p":4.06,"u":"225,56 €/L","img":"https://fd3-photos.leclercdrive.fr/image.ashx?id=2634349&use=l&cat=p&typeid=i","cat":311629},{"id":203050,"n":"Recharge Sense & Spray Glade Ocean Adventure - 18 ml","p":2.92,"u":"162,22 €/L","img":"https://fd3-photos.leclercdrive.fr/image.ashx?id=2634352&use=l&cat=p&typeid=i","cat":311629},{"id":203051,"n":"Recharge Sense & Spray Glade Relaxing Zen - 18 ml","p":3.93,"u":"218,33 €/L","img":"https://fd3-photos.leclercdrive.fr/image.ashx?id=2634355&use=l&cat=p&typeid=i","cat":311629},{"id":203052,"n":"Recharge pour diffuseur Glade  Bois de Santal & Jasmin - 18ml","p":3.92,"u":"217,78 €/L","img":"https://fd3-photos.leclercdrive.fr/image.ashx?id=2634358&use=l&cat=p&typeid=i","cat":311629},{"id":203053,"n":"Diffuseur & recharge 18ml Glade Bois de Santal&Jasmin - 1 pièce","p":6.93,"pp":4.16,"img":"https://fd3-photos.leclercdrive.fr/image.ashx?id=2684293&use=l&cat=p&typeid=i","cat":311629},{"id":203054,"n":"Recharge automatic spray Glade Ocean adventure - 269ml","p":4.89,"u":"18,18 €/L","img":"https://fd3-photos.leclercdrive.fr/image.ashx?id=2864158&use=l&cat=p&typeid=i","cat":311629},{"id":203055,"n":"Diffuseur Automatic Spray Glade Sandalwood & Jasmine - 269 ml","p":9.08,"img":"https://fd3-photos.leclercdrive.fr/image.ashx?id=2866007&use=l&cat=p&typeid=i","cat":311629},{"id":203056,"n":"Recharge Touch & Fresh Glade Marine - 10 ml","p":3.83,"u":"383,00 €/L","img":"https://fd3-photos.leclercdrive.fr/image.ashx?id=2506609&use=l&cat=p&typeid=i","cat":311629},{"id":203057,"n":"Recharge Touch & Fresh Glade Muguet - 10ml","p":3.37,"u":"337,00 €/L","img":"https://fd3-photos.leclercdrive.fr/image.ashx?id=2506612&use=l&cat=p&typeid=i","cat":311629},{"id":203059,"n":"Recharge Touch & Fresh Glade Sandalwood & Jasmine - 10 ml","p":3.03,"u":"303,00 €/L","img":"https://fd3-photos.leclercdrive.fr/image.ashx?id=2914744&use=l&cat=p&typeid=i","cat":311629},{"id":203060,"n":"Diffuseur Touch & Fresh Glade Relaxing Zen - 10 ml","p":4.35,"u":"435,00 €/L","img":"https://fd3-photos.leclercdrive.fr/image.ashx?id=2914753&use=l&cat=p&typeid=i","cat":311629},{"id":203063,"n":"Gel désodorisant Glade  Longue durée - Muguet - x1","p":1.43,"img":"https://fd3-photos.leclercdrive.fr/image.ashx?id=2479429&use=l&cat=p&typeid=i","cat":311628},{"id":203088,"n":"Pizza moelleuse Turini  Végétale - 610g","p":3.3,"u":"5,41 €/KG","img":"https://fd3-photos.leclercdrive.fr/image.ashx?id=2816612&use=l&cat=p&typeid=i","cat":284256},{"id":203089,"n":"Pizza au feu de bois Turini Chèvre et miel - 410g","p":2.65,"u":"6,46 €/KG","img":"https://fd3-photos.leclercdrive.fr/image.ashx?id=2816615&use=l&cat=p&typeid=i","cat":284256},{"id":203114,"n":"Miel de sapin du Jura Les Compagnons du Miel - 375g","p":6.53,"u":"17,41 €/KG","img":"https://fd3-photos.leclercdrive.fr/image.ashx?id=2865821&use=l&cat=p&typeid=i","cat":287643},{"id":203116,"n":"Edulcorant Canderel x80 comprimés","p":1.85,"u":"0,02 €/P","img":"https://fd3-photos.leclercdrive.fr/image.ashx?id=2811017&use=l&cat=p&typeid=i","cat":324846},{"id":203117,"n":"Croque Monsieur Poulet Emmental - 2x180g","p":3.37,"u":"9,36 €/KG","img":"https://fd3-photos.leclercdrive.fr/image.ashx?id=2480740&use=l&cat=p&typeid=i","cat":333671},{"id":203209,"n":"Petits plaisirs  Ferrero Rocher Chocolat - 126g","p":4.95,"u":"39,29 €/KG","img":"https://fd3-photos.leclercdrive.fr/image.ashx?id=2945008&use=l&cat=p&typeid=i","cat":327600},{"id":203310,"n":"Diffuseur Touch & Fresh Glade Marine - 10 ml","p":3.57,"img":"https://fd3-photos.leclercdrive.fr/image.ashx?id=2914750&use=l&cat=p&typeid=i","cat":311629},{"id":203311,"n":"Diffuseur Glade avec bâtonnets  Romarin & Baie - 80ml","p":5.95,"u":"74,38 €/L","img":"https://fd3-photos.leclercdrive.fr/image.ashx?id=2867184&use=l&cat=p&typeid=i","cat":311627},{"id":203319,"n":"AOP Champagne Brut M.H Martel Cuvée Victoire 75cl","p":25.5,"u":"34,00 €/L","img":"https://fd3-photos.leclercdrive.fr/image.ashx?id=2947949&use=l&cat=p&typeid=i","cat":284542},{"id":203369,"n":"Cuisses de poulet  Bon Plan Le Gaulois - 900g","p":5.02,"u":"5,58 €/KG","img":"https://fd3-photos.leclercdrive.fr/image.ashx?id=2481592&use=l&cat=p&typeid=i","cat":284336},{"id":203409,"n":"Chocolat Merveilles du Monde Noir Amandes Noisettes - 100g","p":2.97,"u":"29,70 €/KG","img":"https://fd3-photos.leclercdrive.fr/image.ashx?id=2663033&use=l&cat=p&typeid=i","cat":284497},{"id":203433,"n":"Gel douche Homme Adidas After Sport - 250ml","p":1.68,"u":"6,72 €/L","img":"https://fd3-photos.leclercdrive.fr/image.ashx?id=2990799&use=l&cat=p&typeid=i","cat":284619},{"id":203476,"n":"Mâche Eco+ 125g","p":0.99,"img":"https://fd3-photos.leclercdrive.fr/image.ashx?id=2958305&use=l&cat=p&typeid=i","cat":284352},{"id":203564,"n":"Boisson lactée Candy'UP Chocolat noisette - 6x20cl","p":2.84,"u":"2,37 €/L","img":"https://fd3-photos.leclercdrive.fr/image.ashx?id=2612676&use=l&cat=p&typeid=i","cat":295246},{"id":203596,"n":"Plat cuisiné Jardin Bio Bio Lentilles à l'indienne - 680g","p":3.24,"u":"4,76 €/KG","img":"https://fd3-photos.leclercdrive.fr/image.ashx?id=2811179&use=l&cat=p&typeid=i","cat":287600},{"id":203599,"n":"Infusion Jardin Bio Rooibos D'Afrique du sud Bio - x20 -36g","p":1.85,"u":"51,39 €/KG","img":"https://fd3-photos.leclercdrive.fr/image.ashx?id=2974384&use=l&cat=p&typeid=i","cat":293234},{"id":203600,"n":"Craquant avoine Jardin Bio Equitable bio - 133g","p":2.17,"u":"16,32 €/KG","img":"https://fd3-photos.leclercdrive.fr/image.ashx?id=2967217&use=l&cat=p&typeid=i","cat":284954},{"id":203601,"n":"Infusion Rooibos Jardin Bio Vanille Bio - 30g","p":2.29,"u":"76,33 €/KG","img":"https://fd3-photos.leclercdrive.fr/image.ashx?id=3000791&use=l&cat=p&typeid=i","cat":293234},{"id":203603,"n":"Petit gourmand bio Jardin Bio A la pâte à tartiner - 155g","p":3.02,"u":"19,48 €/KG","img":"https://fd3-photos.leclercdrive.fr/image.ashx?id=2990676&use=l&cat=p&typeid=i","cat":284488},{"id":203605,"n":"Banane Eco+ x4","p":0.79,"u":"0,20 €/P","img":"https://fd3-photos.leclercdrive.fr/image.ashx?id=2600252&use=l&cat=p&typeid=i","cat":284356},{"id":203642,"n":"Porto Tawny Eco+ 75Cl","p":5.43,"u":"7,24 €/L","img":"https://fd3-photos.leclercdrive.fr/image.ashx?id=2869844&use=l&cat=p&typeid=i","cat":284913},{"id":203676,"n":"Sphère voiture 2 en 1 Aura Santal et cèdre - 6ml","p":2.8,"u":"466,67 €/L","img":"https://fd3-photos.leclercdrive.fr/image.ashx?id=2532817&use=l&cat=p&typeid=i","cat":298252},{"id":203706,"n":"Couches-culottes Pampers Pants Taille 3 - 6kg à 11kg - x104","p":31.83,"u":"0,31 €/P","img":"https://fd3-photos.leclercdrive.fr/image.ashx?id=2624348&use=l&cat=p&typeid=i","cat":290633},{"id":203777,"n":"Gommage hydratant Organic shop Noix de coco et sucre - 250ml","p":6.0,"u":"24,00 €/L","img":"https://fd3-photos.leclercdrive.fr/image.ashx?id=2916375&use=l&cat=p&typeid=i","cat":null},{"id":203783,"n":"Grilletine Pasquier Céréales et graines - 255g","p":2.13,"u":"8,35 €/KG","img":"https://fd3-photos.leclercdrive.fr/image.ashx?id=2642393&use=l&cat=p&typeid=i","cat":284479},{"id":203790,"n":"Pack Culottes Menstruelles X3 1achetée 2 offertes dentelle XL","p":11.7,"u":"3,90 €/P","img":"https://fd3-photos.leclercdrive.fr/image.ashx?id=2795282&use=l&cat=p&typeid=i","cat":284624},{"id":203801,"n":"Dentifrice Parodontax Haleine gencives et Sensibilité 75ml","p":5.28,"u":"70,40 €/L","img":"https://fd3-photos.leclercdrive.fr/image.ashx?id=2487084&use=l&cat=p&typeid=i","cat":284612},{"id":203803,"n":"Crème soin Nuit Diadermine Expert Fondamental 50ml","p":9.19,"u":"183,80 €/L","img":"https://fd3-photos.leclercdrive.fr/image.ashx?id=2519108&use=l&cat=p&typeid=i","cat":325345},{"id":203821,"n":"Boîte chien Pedigree  Cuisinés en sauce - 6x400g","p":8.36,"u":"3,48 €/KG","img":"https://fd3-photos.leclercdrive.fr/image.ashx?id=2849722&use=l&cat=p&typeid=i","cat":288578},{"id":203822,"n":"Boîte chien Pedigree Cuisinés en sauce - 4x400g","p":5.96,"u":"3,73 €/KG","img":"https://fd3-photos.leclercdrive.fr/image.ashx?id=2849719&use=l&cat=p&typeid=i","cat":288578},{"id":203823,"n":"Sachet fraicheur chat Whiskas Carte mixte en gelée - 48x85g","p":15.46,"u":"3,79 €/KG","img":"https://fd3-photos.leclercdrive.fr/image.ashx?id=2486916&use=l&cat=p&typeid=i","cat":285286},{"id":203824,"n":"Sachet fraicheur chat Whiskas Classiques en sauce - 24x85g","p":10.19,"u":"5,00 €/KG","img":"https://fd3-photos.leclercdrive.fr/image.ashx?id=2486913&use=l&cat=p&typeid=i","cat":285286},{"id":203826,"n":"Sachet fraicheur chat Whiskas Poissons en gelée - 12x85g","p":4.77,"u":"4,68 €/KG","img":"https://fd3-photos.leclercdrive.fr/image.ashx?id=2486910&use=l&cat=p&typeid=i","cat":285286},{"id":203828,"n":"Sachet repas chaton Whiskas Festins volaille gelée - 12x85g","p":4.97,"u":"4,87 €/KG","img":"https://fd3-photos.leclercdrive.fr/image.ashx?id=2487093&use=l&cat=p&typeid=i","cat":285286},{"id":203833,"n":"Gel Douche extra doux Orange Le Petit Marseillais 3x250ml","p":4.54,"u":"6,05 €/L","img":"https://fd3-photos.leclercdrive.fr/image.ashx?id=2763547&use=l&cat=p&typeid=i","cat":284594},{"id":203873,"n":"Culotte Feel Natural Menstruelles - x3 - Taille XL","p":10.22,"u":"3,41 €/P","img":"https://fd3-photos.leclercdrive.fr/image.ashx?id=2795240&use=l&cat=p&typeid=i","cat":291524},{"id":203876,"n":"Serviettes hygiéniques Always Ultra Normal - Taille 1 - x32","p":3.89,"u":"0,12 €/P","img":"https://fd3-photos.leclercdrive.fr/image.ashx?id=2761259&use=l&cat=p&typeid=i","cat":284624},{"id":203927,"n":"Mousse à raser  Gillette Labs - 240ml","p":6.43,"u":"26,79 €/L","img":"https://fd3-photos.leclercdrive.fr/image.ashx?id=2849289&use=l&cat=p&typeid=i","cat":284617},{"id":203931,"n":"Bandes de cires froides corps Nair - Huile de Chanvre x40","p":5.65,"u":"0,14 €/P","img":"https://fd3-photos.leclercdrive.fr/image.ashx?id=2971595&use=l&cat=p&typeid=i","cat":325351},{"id":204050,"n":"Haricots vert Bio Village Bio 220g","p":1.49,"u":"6,77 €/KG","img":"https://fd3-photos.leclercdrive.fr/image.ashx?id=3002716&use=l&cat=p&typeid=i","cat":312606},{"id":204054,"n":"Thon entier Pèche Océan MSC 2x70g","p":1.59,"u":"11,36 €/KG","img":"https://fd3-photos.leclercdrive.fr/image.ashx?id=2942238&use=l&cat=p&typeid=i","cat":303867},{"id":204056,"n":"Céréales Spécial K Kellogg's Fruits rouges - 450g","p":3.87,"u":"8,60 €/KG","img":"https://fd3-photos.leclercdrive.fr/image.ashx?id=2775029&use=l&cat=p&typeid=i","cat":309512},{"id":204057,"n":"Céréales Spécial K Kellogg's Chocolat noir - 500g","p":3.87,"u":"7,74 €/KG","img":"https://fd3-photos.leclercdrive.fr/image.ashx?id=2692710&use=l&cat=p&typeid=i","cat":309512},{"id":204058,"n":"Céréales Special K Kellogg's Chocolat au Lait - 500g","p":4.06,"u":"8,12 €/KG","img":"https://fd3-photos.leclercdrive.fr/image.ashx?id=2692713&use=l&cat=p&typeid=i","cat":309512},{"id":204061,"n":"Mais Bio Village Bio - 285g","p":1.09,"u":"3,82 €/KG","img":"https://fd3-photos.leclercdrive.fr/image.ashx?id=3002719&use=l&cat=p&typeid=i","cat":312611},{"id":204066,"n":"Préparation pour spritz Giffard Vol. 16% - 50cl","p":6.9,"pp":6.21,"u":"12,42 €/L","img":"https://fd3-photos.leclercdrive.fr/image.ashx?id=2491460&use=l&cat=p&typeid=i","cat":286032},{"id":204072,"n":"Compotes douceur du Verger Pomme Vanille - 4x100g","p":1.36,"u":"3,40 €/KG","img":"https://fd3-photos.leclercdrive.fr/image.ashx?id=2487401&use=l&cat=p&typeid=i","cat":284416},{"id":204073,"n":"Fromage Fouetté Ail Fines Herbe à tartiner Les Croisés - 150g","p":1.53,"u":"10,20 €/KG","img":"https://fd3-photos.leclercdrive.fr/image.ashx?id=2487398&use=l&cat=p&typeid=i","cat":314029},{"id":204131,"n":"Nettoyant four Decapfour  Express - 500ml","p":3.17,"u":"6,34 €/L","img":"https://fd3-photos.leclercdrive.fr/image.ashx?id=2489719&use=l&cat=p&typeid=i","cat":325363},{"id":204157,"n":"Pâte feuilletée Herta Trésor de Grand-Mère  280g","p":1.65,"u":"5,89 €/KG","img":"https://fd3-photos.leclercdrive.fr/image.ashx?id=2833303&use=l&cat=p&typeid=i","cat":333681},{"id":204158,"n":"Pâte brisée Herta Trésor de Grand-Mère - 280g","p":1.71,"u":"6,11 €/KG","img":"https://fd3-photos.leclercdrive.fr/image.ashx?id=2833306&use=l&cat=p&typeid=i","cat":333681},{"id":204159,"n":"Pâte à tarte sablée Herta Trésor de Grand-Mère - 280g","p":2.06,"u":"7,36 €/KG","img":"https://fd3-photos.leclercdrive.fr/image.ashx?id=2814536&use=l&cat=p&typeid=i","cat":333681},{"id":204162,"n":"Boîte chien Pedigree Terrine - 6x400g","p":8.77,"img":"https://fd3-photos.leclercdrive.fr/image.ashx?id=2849725&use=l&cat=p&typeid=i","cat":288578},{"id":204164,"n":"Sachet fraicheur chat Whiskas Poissons en gelée - 24x85g","p":9.85,"u":"4,83 €/KG","img":"https://fd3-photos.leclercdrive.fr/image.ashx?id=2490200&use=l&cat=p&typeid=i","cat":285286},{"id":204167,"n":"Sachet chat senior Whiskas Festins volaille sauce - 12x85g","p":5.16,"u":"5,06 €/KG","img":"https://fd3-photos.leclercdrive.fr/image.ashx?id=2588999&use=l&cat=p&typeid=i","cat":285286},{"id":204168,"n":"Rasoir xtreme 3 Wilkinson Sensitive - x24","p":22.42,"img":"https://fd3-photos.leclercdrive.fr/image.ashx?id=2844691&use=l&cat=p&typeid=i","cat":284616},{"id":204169,"n":"Sachet fraicheur chat Whiskas Festins volaille gelée - 12x85g","p":4.87,"u":"4,77 €/KG","img":"https://fd3-photos.leclercdrive.fr/image.ashx?id=2490329&use=l&cat=p&typeid=i","cat":285286},{"id":204176,"n":"Brosses à dents Sensodyne Soin & précision - x3","p":9.96,"u":"3,32 €/P","img":"https://fd3-photos.leclercdrive.fr/image.ashx?id=2831804&use=l&cat=p&typeid=i","cat":284614},{"id":204179,"n":"Sachet fraicheur chat Whiskas Tasty Mix en sauce - 40x85g","p":15.33,"u":"4,51 €/KG","img":"https://fd3-photos.leclercdrive.fr/image.ashx?id=2589488&use=l&cat=p&typeid=i","cat":285286},{"id":204225,"n":"Rasoir GilletteLabs Barre exfoliante - 5 lames - x1","p":44.77,"img":"https://fd3-photos.leclercdrive.fr/image.ashx?id=2623322&use=l&cat=p&typeid=i","cat":284616},{"id":204226,"n":"Boîte chien Pedigree Terrine boeuf carottes - 4x400g","p":5.07,"u":"0,32 €/L","img":"https://fd3-photos.leclercdrive.fr/image.ashx?id=2849728&use=l&cat=p&typeid=i","cat":288578},{"id":204239,"n":"Recharges Venus Gillette Deluxe Smooth Swirl - x3","p":17.01,"u":"5,67 €/P","img":"https://fd3-photos.leclercdrive.fr/image.ashx?id=2536239&use=l&cat=p&typeid=i","cat":325352},{"id":204247,"n":"Protège-slip Vania Confort Multiformes - 1p","p":1.95,"img":"https://fd3-photos.leclercdrive.fr/image.ashx?id=2735224&use=l&cat=p&typeid=i","cat":284625},{"id":204248,"n":"Galettes St Michel Fourrées Chocolat au lait 240g","p":2.2,"u":"9,17 €/KG","img":"https://fd3-photos.leclercdrive.fr/image.ashx?id=2950000&use=l&cat=p&typeid=i","cat":284487},{"id":204267,"n":"Rasoirs Jetables Gillette Blue  3 - Smooth - 5x6","p":48.28,"u":"1,61 €/P","img":"https://fd3-photos.leclercdrive.fr/image.ashx?id=2525965&use=l&cat=p&typeid=i","cat":284616},{"id":204275,"n":"Soin Hydratant So Bio Etic Grenade bio - 50ml","p":9.57,"u":"191,40 €/L","img":"https://fd3-photos.leclercdrive.fr/image.ashx?id=2787110&use=l&cat=p&typeid=i","cat":325345},{"id":204276,"n":"Gel douche I Love Bio Coton - 500ml","p":5.82,"u":"11,64 €/L","img":"https://fd3-photos.leclercdrive.fr/image.ashx?id=2903395&use=l&cat=p&typeid=i","cat":284594},{"id":204277,"n":"Gel douche I Love Bio Vanille - 500ml","p":5.79,"u":"11,58 €/L","img":"https://fd3-photos.leclercdrive.fr/image.ashx?id=2787122&use=l&cat=p&typeid=i","cat":284594},{"id":204302,"n":"Shampoing nutrition Ultra Doux Lait de coco - 300ml","p":2.89,"u":"9,63 €/L","img":"https://fd3-photos.leclercdrive.fr/image.ashx?id=2492788&use=l&cat=p&typeid=i","cat":284606},{"id":204303,"n":"Shampoing purifiant Ultra Doux Cheveux gras - 300ml","p":2.78,"u":"9,27 €/L","img":"https://fd3-photos.leclercdrive.fr/image.ashx?id=2492791&use=l&cat=p&typeid=i","cat":284606},{"id":204304,"n":"Shampoing Illuminant Ultra Doux Camomille - 300ml","p":3.35,"u":"11,17 €/L","img":"https://fd3-photos.leclercdrive.fr/image.ashx?id=2926596&use=l&cat=p&typeid=i","cat":284606},{"id":204305,"n":"Shampoing nutrition Ultra Doux Argan et camélia - 300ml","p":2.56,"u":"8,53 €/L","img":"https://fd3-photos.leclercdrive.fr/image.ashx?id=2492797&use=l&cat=p&typeid=i","cat":284606},{"id":204306,"n":"Shampoing nutrition Ultra Doux Cheveu Bouclé à Frisé - 300ml","p":3.35,"u":"11,17 €/L","img":"https://fd3-photos.leclercdrive.fr/image.ashx?id=2926599&use=l&cat=p&typeid=i","cat":284606},{"id":204307,"n":"Shampoing Couleur Ultra Doux Cheveux colorés - 300ml","p":2.56,"u":"8,53 €/L","img":"https://fd3-photos.leclercdrive.fr/image.ashx?id=2492803&use=l&cat=p&typeid=i","cat":284606},{"id":204308,"n":"Shampoing Enfants Ultra Doux Abricot - 300ml","p":2.56,"u":"8,53 €/L","img":"https://fd3-photos.leclercdrive.fr/image.ashx?id=2851093&use=l&cat=p&typeid=i","cat":284606},{"id":204310,"n":"Shampoing Hydratant Ultra Doux Cheveux délicats - 300ml","p":2.69,"u":"8,97 €/L","img":"https://fd3-photos.leclercdrive.fr/image.ashx?id=2492812&use=l&cat=p&typeid=i","cat":284606},{"id":204311,"n":"Shampoing doux Ultra Doux Extrait de tilleul - 300ml","p":2.73,"u":"9,10 €/L","img":"https://fd3-photos.leclercdrive.fr/image.ashx?id=2492815&use=l&cat=p&typeid=i","cat":284606},{"id":204313,"n":"Après-shampooing karité Garnier Cheveu bouclé à Frisé - 250ml","p":2.39,"u":"9,56 €/L","img":"https://fd3-photos.leclercdrive.fr/image.ashx?id=2986651&use=l&cat=p&typeid=i","cat":284607},{"id":204314,"n":"Après-shampoing Ultra doux Cheveux fragiles - 250ml","p":2.6,"u":"10,40 €/L","img":"https://fd3-photos.leclercdrive.fr/image.ashx?id=2646569&use=l&cat=p&typeid=i","cat":284607},{"id":204315,"n":"Démêlant nourrissant Garnier Cheveu sec à très sec - 250ml","p":2.81,"u":"11,24 €/L","img":"https://fd3-photos.leclercdrive.fr/image.ashx?id=2492827&use=l&cat=p&typeid=i","cat":284607},{"id":204316,"n":"Shampoing réparateur Ultra Doux Cheveux fragiles - 300ml","p":2.56,"u":"8,53 €/L","img":"https://fd3-photos.leclercdrive.fr/image.ashx?id=2646572&use=l&cat=p&typeid=i","cat":284606},{"id":204323,"n":"Chips Vico Paprika - 125g","p":1.29,"u":"10,32 €/KG","img":"https://fd3-photos.leclercdrive.fr/image.ashx?id=2921298&use=l&cat=p&typeid=i","cat":284447},{"id":204327,"n":"Soupe instantanée Royco  Velouté Tomates - 4x200ml","p":1.35,"u":"1,69 €/L","img":"https://fd3-photos.leclercdrive.fr/image.ashx?id=2650991&use=l&cat=p&typeid=i","cat":293527},{"id":204329,"n":"Soupe liquide Liebig  Façon napolitaine - 1L","p":2.95,"u":"2,95 €/L","img":"https://fd3-photos.leclercdrive.fr/image.ashx?id=2493133&use=l&cat=p&typeid=i","cat":284462},{"id":204330,"n":"Soupe liquide brique Liebig  Poule Vermicelles - 1L","p":2.58,"u":"2,58 €/L","img":"https://fd3-photos.leclercdrive.fr/image.ashx?id=2493136&use=l&cat=p&typeid=i","cat":284462},{"id":204486,"n":"Foie gras canard entier  Mets des Rois - 125g","p":8.59,"u":"68,72 €/KG","img":"https://fd3-photos.leclercdrive.fr/image.ashx?id=2497584&use=l&cat=p&typeid=i","cat":305148},{"id":204487,"n":"Foie gras de canard entier  Mets des Rois - 180g","p":10.91,"u":"60,61 €/KG","img":"https://fd3-photos.leclercdrive.fr/image.ashx?id=2497587&use=l&cat=p&typeid=i","cat":305148},{"id":204488,"n":"Dentifrice Aquafresh Triple Protection Blancheur - 125ml","p":1.57,"u":"12,56 €/L","img":"https://fd3-photos.leclercdrive.fr/image.ashx?id=2546755&use=l&cat=p&typeid=i","cat":284612},{"id":204496,"n":"Cotons démaquillants Demakup Sensitive - 6x64","p":6.05,"u":"0,02 €/P","img":"https://fd3-photos.leclercdrive.fr/image.ashx?id=2745283&use=l&cat=p&typeid=i","cat":285593},{"id":204519,"n":"Coloration Casting Crème gloss Blond miel n°623 - x2","p":29.74,"u":"14,87 €/P","img":"https://fd3-photos.leclercdrive.fr/image.ashx?id=2497124&use=l&cat=p&typeid=i","cat":288899},{"id":204620,"n":"Purée Butternut Patate douce Notre Jardin - 750g","p":3.49,"u":"4,65 €/KG","img":"https://fd3-photos.leclercdrive.fr/image.ashx?id=2856208&use=l&cat=p&typeid=i","cat":319805},{"id":204621,"n":"Purée de courgette Céleri  Brocoli Notre Jardin - 750g","p":2.24,"u":"2,99 €/KG","img":"https://fd3-photos.leclercdrive.fr/image.ashx?id=2860031&use=l&cat=p&typeid=i","cat":319805},{"id":204664,"n":"Diffuseur de parfum linge frais Aura - 40ml","p":5.88,"u":"147,00 €/L","img":"https://fd3-photos.leclercdrive.fr/image.ashx?id=2507281&use=l&cat=p&typeid=i","cat":311629},{"id":204665,"n":"Diffuseur de parfum fraise Aura - 40ml","p":7.33,"u":"183,25 €/L","img":"https://fd3-photos.leclercdrive.fr/image.ashx?id=2495421&use=l&cat=p&typeid=i","cat":311629},{"id":204698,"n":"Sérum-huile rosé L'Oréal Paris Age perfect - 30ml","p":13.8,"u":"460,00 €/L","img":"https://fd3-photos.leclercdrive.fr/image.ashx?id=2580161&use=l&cat=p&typeid=i","cat":325345},{"id":204700,"n":"BB crème soin 5en1 Garnier Anti-âge teinte medium - 50ml","p":7.53,"u":"150,60 €/L","img":"https://fd3-photos.leclercdrive.fr/image.ashx?id=2494974&use=l&cat=p&typeid=i","cat":325345},{"id":204701,"n":"BB Crème Soin Tout en 1 Garnier Teinte claire - 50ml","p":7.39,"u":"147,80 €/L","img":"https://fd3-photos.leclercdrive.fr/image.ashx?id=2495746&use=l&cat=p&typeid=i","cat":325345},{"id":204702,"n":"BB Crème Soin tout en 1 Garnier Teinte medium - 50ml","p":7.36,"u":"147,20 €/L","img":"https://fd3-photos.leclercdrive.fr/image.ashx?id=2494977&use=l&cat=p&typeid=i","cat":325345},{"id":204718,"n":"Soda Schweppes Saveur Agrumes - 1,5L","p":1.66,"u":"1,11 €/L","img":"https://fd3-photos.leclercdrive.fr/image.ashx?id=2852447&use=l&cat=p&typeid=i","cat":284532},{"id":204719,"n":"Soda Schweppes Indian Tonic - 1,5L","p":1.68,"u":"1,12 €/L","img":"https://fd3-photos.leclercdrive.fr/image.ashx?id=2852456&use=l&cat=p&typeid=i","cat":284531},{"id":204731,"n":"Sachet fraîcheur chat Whiskas  Sélection en sauce - 12x85g","p":5.17,"u":"5,07 €/KG","img":"https://fd3-photos.leclercdrive.fr/image.ashx?id=2495764&use=l&cat=p&typeid=i","cat":285286},{"id":204734,"n":"Boîte chien Pedigree Cuisinés en sauce - 3x800g","p":7.32,"u":"3,05 €/KG","img":"https://fd3-photos.leclercdrive.fr/image.ashx?id=2849731&use=l&cat=p&typeid=i","cat":288578},{"id":204747,"n":"Dentifrice Aquafresh Menthe fraîche - 125ml","p":1.77,"u":"14,16 €/L","img":"https://fd3-photos.leclercdrive.fr/image.ashx?id=2546752&use=l&cat=p&typeid=i","cat":284612},{"id":204748,"n":"Boisson énergisante Red Bull Goût Abricot-Fraise, 250ml","p":1.27,"u":"5,08 €/L","img":"https://fd3-photos.leclercdrive.fr/image.ashx?id=3011995&use=l&cat=p&typeid=i","cat":284533},{"id":204792,"n":"Girasoli Lustucru Tomate Basilic Mozzarella 250g","p":2.68,"u":"10,72 €/KG","img":"https://fd3-photos.leclercdrive.fr/image.ashx?id=2974363&use=l&cat=p&typeid=i","cat":333682},{"id":204796,"n":"Tortellini Lustucru Jambon cru - 250g","p":2.61,"u":"10,44 €/KG","img":"https://fd3-photos.leclercdrive.fr/image.ashx?id=2974360&use=l&cat=p&typeid=i","cat":333682},{"id":204871,"n":"Nectar de banane Eco+ 1L","p":1.59,"u":"1,59 €/L","img":"https://fd3-photos.leclercdrive.fr/image.ashx?id=2955611&use=l&cat=p&typeid=i","cat":284915},{"id":204944,"n":"Paëlla de volaille et moules  Eco+ - 1kg","p":3.32,"u":"3,32 €/KG","img":"https://fd3-photos.leclercdrive.fr/image.ashx?id=2781287&use=l&cat=p&typeid=i","cat":325094},{"id":204951,"n":"Thon Sauce Mayonnaise Petit Navire - 140g","p":1.47,"u":"10,50 €/KG","img":"https://fd3-photos.leclercdrive.fr/image.ashx?id=2528292&use=l&cat=p&typeid=i","cat":303867},{"id":204997,"n":"Cornet Gaufrette 3 Toques simple x12 - 50g","p":1.12,"u":"22,40 €/KG","img":"https://fd3-photos.leclercdrive.fr/image.ashx?id=2545762&use=l&cat=p&typeid=i","cat":284487},{"id":204999,"n":"Cornet Gaufrette 3 Toques  assortis x18 - 75g","p":1.59,"u":"21,20 €/KG","img":"https://fd3-photos.leclercdrive.fr/image.ashx?id=2545765&use=l&cat=p&typeid=i","cat":284487},{"id":205006,"n":"Compotes Pom'Potes Gourdes BIO  Multivariétés - 12x90g","p":7.85,"u":"7,27 €/KG","img":"https://fd3-photos.leclercdrive.fr/image.ashx?id=2899344&use=l&cat=p&typeid=i","cat":284508},{"id":205007,"n":"Compotes Pom'Potes Gourdes  Explorateurs sur Neptun  12x90g","p":5.27,"u":"4,88 €/KG","img":"https://fd3-photos.leclercdrive.fr/image.ashx?id=2900743&use=l&cat=p&typeid=i","cat":284508},{"id":205011,"n":"Lasagnes au saumon d'aucy 300g","p":2.94,"u":"9,80 €/KG","img":"https://fd3-photos.leclercdrive.fr/image.ashx?id=2522539&use=l&cat=p&typeid=i","cat":284953},{"id":205059,"n":"Chewing-gum Mentos Pure Fresh  Citrus sans sucres - 100g","p":2.89,"u":"28,90 €/KG","img":"https://fd3-photos.leclercdrive.fr/image.ashx?id=2647465&use=l&cat=p&typeid=i","cat":304251},{"id":205117,"n":"Litière chats Tranquille Cristalite - 4L","p":5.7,"u":"1,43 €/L","img":"https://fd3-photos.leclercdrive.fr/image.ashx?id=2536032&use=l&cat=p&typeid=i","cat":284683},{"id":205171,"n":"Soupe instantanée Royco  Velouté 12 Légumes - 4x200ml","p":1.53,"u":"1,91 €/L","img":"https://fd3-photos.leclercdrive.fr/image.ashx?id=2650997&use=l&cat=p&typeid=i","cat":293527},{"id":205182,"n":"Soupe liquide brique Liebig  Poule Vermicelles - 2x30cl","p":2.83,"u":"4,72 €/KG","img":"https://fd3-photos.leclercdrive.fr/image.ashx?id=2693488&use=l&cat=p&typeid=i","cat":284462},{"id":205232,"n":"Serviettes Always Ultra Normal Plus - T1 - x14","p":2.51,"u":"0,18 €/P","img":"https://fd3-photos.leclercdrive.fr/image.ashx?id=2851321&use=l&cat=p&typeid=i","cat":284624},{"id":205233,"n":"Serviettes Always Ultra Long - T2 - x12","p":2.62,"u":"0,22 €/P","img":"https://fd3-photos.leclercdrive.fr/image.ashx?id=2851324&use=l&cat=p&typeid=i","cat":284624},{"id":205235,"n":"Serviettes Always Ultra Secure night -T4 - x9","p":2.94,"u":"0,33 €/P","img":"https://fd3-photos.leclercdrive.fr/image.ashx?id=2851330&use=l&cat=p&typeid=i","cat":284624},{"id":205237,"n":"Sérum anti-âge L'Oréal Paris Revitalift Vitamine C - 30ml","p":13.98,"u":"466,00 €/L","img":"https://fd3-photos.leclercdrive.fr/image.ashx?id=3003351&use=l&cat=p&typeid=i","cat":325345},{"id":205238,"n":"Savon Eco+ Amande douce - 150g","p":0.61,"u":"4,07 €/KG","img":"https://fd3-photos.leclercdrive.fr/image.ashx?id=2499058&use=l&cat=p&typeid=i","cat":284597},{"id":205239,"n":"Nettoyant four Decapfour Confort - 500ml","p":3.75,"u":"7,50 €/L","img":"https://fd3-photos.leclercdrive.fr/image.ashx?id=2499669&use=l&cat=p&typeid=i","cat":325363},{"id":205257,"n":"Tranches de mozzarella Les Délices d'Amélie - 150g","p":1.72,"u":"11,47 €/KG","img":"https://fd3-photos.leclercdrive.fr/image.ashx?id=2999225&use=l&cat=p&typeid=i","cat":314028},{"id":205281,"n":"Huile d'olive vierge extra Terra Delyssa - 75cl","p":9.87,"u":"13,16 €/L","img":"https://fd3-photos.leclercdrive.fr/image.ashx?id=2679356&use=l&cat=p&typeid=i","cat":284453},{"id":205302,"n":"Gel lavant Sanytol Nourrisant Bio - 250ml","p":2.48,"u":"9,92 €/L","img":"https://fd3-photos.leclercdrive.fr/image.ashx?id=2904658&use=l&cat=p&typeid=i","cat":284597},{"id":205303,"n":"Gel lavant Sanytol Désinfectant cuisine - 250ml","p":2.92,"u":"11,68 €/L","img":"https://fd3-photos.leclercdrive.fr/image.ashx?id=2904661&use=l&cat=p&typeid=i","cat":284597},{"id":205305,"n":"Bandes de cire froide Expert Veet Visage Peaux sensibles x20","p":5.38,"u":"0,27 €/P","img":"https://fd3-photos.leclercdrive.fr/image.ashx?id=2915440&use=l&cat=p&typeid=i","cat":325351},{"id":205310,"n":"Dentifrice Oral-B Pro-Expert Blancheur saine - 75ml","p":3.09,"u":"41,20 €/L","img":"https://fd3-photos.leclercdrive.fr/image.ashx?id=2737306&use=l&cat=p&typeid=i","cat":284612},{"id":205311,"n":"Masque Remède Garnier Cheveux normaux à gras - 340ml","p":4.97,"u":"14,62 €/L","img":"https://fd3-photos.leclercdrive.fr/image.ashx?id=2500171&use=l&cat=p&typeid=i","cat":284608},{"id":205313,"n":"Coloration Permanente Olia 5.0 Châtain Clair Café","p":9.65,"img":"https://fd3-photos.leclercdrive.fr/image.ashx?id=2521167&use=l&cat=p&typeid=i","cat":288899},{"id":205314,"n":"Coloration Permanente Olia 6.0 Châtain Très Clair","p":9.65,"img":"https://fd3-photos.leclercdrive.fr/image.ashx?id=2521170&use=l&cat=p&typeid=i","cat":288899},{"id":205315,"n":"Coloration Permanente Olia 8.0 Blond miel sans ammoniaque","p":9.85,"u":"9,85 €/TRC","img":"https://fd3-photos.leclercdrive.fr/image.ashx?id=2521173&use=l&cat=p&typeid=i","cat":288899},{"id":205317,"n":"Après-Shampooing Garnier Cheveux normaux à gras - 200ml","p":2.47,"u":"12,35 €/L","img":"https://fd3-photos.leclercdrive.fr/image.ashx?id=2500174&use=l&cat=p&typeid=i","cat":284607},{"id":205318,"n":"Shampoing charbon Ultra Doux Equilibrant - 250ml","p":2.39,"u":"9,56 €/L","img":"https://fd3-photos.leclercdrive.fr/image.ashx?id=2500177&use=l&cat=p&typeid=i","cat":284606},{"id":205327,"n":"Pâte Nocciolata Bio cacao 250g","p":3.48,"u":"13,92 €/KG","img":"https://fd3-photos.leclercdrive.fr/image.ashx?id=2807897&use=l&cat=p&typeid=i","cat":284481},{"id":205344,"n":"Pâte à tartiner Nocciolata  Bio cacao Noisettes - 650g","p":7.63,"u":"11,74 €/KG","img":"https://fd3-photos.leclercdrive.fr/image.ashx?id=2883248&use=l&cat=p&typeid=i","cat":284481},{"id":205351,"n":"Pâte à tartiner Nocciolata  Bio - 650g","p":8.19,"u":"12,60 €/KG","img":"https://fd3-photos.leclercdrive.fr/image.ashx?id=2868194&use=l&cat=p&typeid=i","cat":284481},{"id":205365,"n":"Vin Mousseux Bio Sud Ouest Pêche Fashion Chenet 75cl","p":5.24,"u":"6,99 €/L","img":"https://fd3-photos.leclercdrive.fr/image.ashx?id=2689598&use=l&cat=p&typeid=i","cat":284544},{"id":205366,"n":"Vin Mousseux Bio Sud Ouest Cassis Fashion Chenet 75cl","p":5.52,"u":"7,36 €/L","img":"https://fd3-photos.leclercdrive.fr/image.ashx?id=2544326&use=l&cat=p&typeid=i","cat":284544},{"id":205437,"n":"Café Torréifié grains Sati Heure Exquise 500g","p":8.62,"u":"17,24 €/KG","img":"https://fd3-photos.leclercdrive.fr/image.ashx?id=2500473&use=l&cat=p&typeid=i","cat":293237},{"id":205439,"n":"Sirop sans sucre Teisseire  Fraise - 60cl","p":2.66,"u":"4,43 €/L","img":"https://fd3-photos.leclercdrive.fr/image.ashx?id=2500455&use=l&cat=p&typeid=i","cat":295020},{"id":205447,"n":"AOP Vin rosé Provence BIO Château Reillanne - 75cl","p":8.54,"u":"11,39 €/L","img":"https://fd3-photos.leclercdrive.fr/image.ashx?id=2875060&use=l&cat=p&typeid=i","cat":289558},{"id":205510,"n":"Huile L'Origine du Goût À la truffe - 25Cl","p":5.94,"u":"23,76 €/L","img":"https://fd3-photos.leclercdrive.fr/image.ashx?id=2647922&use=l&cat=p&typeid=i","cat":284453},{"id":205520,"n":"Crème glacée La Laitière Rhum Raisins - 490g","p":3.24,"pp":2.27,"u":"4,63 €/KG","img":"https://fd3-photos.leclercdrive.fr/image.ashx?id=2877877&use=l&cat=p&typeid=i","cat":284263},{"id":205522,"n":"Shampoing Réparateur Elsève Pro Bond Repair - 200ml","p":5.57,"u":"27,85 €/L","img":"https://fd3-photos.leclercdrive.fr/image.ashx?id=3008779&use=l&cat=p&typeid=i","cat":284606},{"id":205525,"n":"Démêlant Intense Elsève Pro Bond Repair - 150ml","p":5.57,"u":"37,13 €/L","img":"https://fd3-photos.leclercdrive.fr/image.ashx?id=3008782&use=l&cat=p&typeid=i","cat":284607},{"id":205569,"n":"Nectar de goyave Eco+ 1L","p":1.59,"u":"1,59 €/L","img":"https://fd3-photos.leclercdrive.fr/image.ashx?id=2955614&use=l&cat=p&typeid=i","cat":284915},{"id":205583,"n":"Bol légumes Bio - 2x200g","p":2.49,"u":"6,23 €/KG","img":"https://fd3-photos.leclercdrive.fr/image.ashx?id=2704885&use=l&cat=p&typeid=i","cat":312236},{"id":205589,"n":"Bol légumes Bio Villages  6mois - 2x200g","p":2.39,"u":"5,98 €/KG","img":"https://fd3-photos.leclercdrive.fr/image.ashx?id=2501307&use=l&cat=p&typeid=i","cat":312235},{"id":205627,"n":"Mandarine 1p","p":0.59,"img":"https://fd3-photos.leclercdrive.fr/image.ashx?id=1590963&use=l&cat=p&typeid=i","cat":284356},{"id":205652,"n":"Couches Pampers Baby Dry T5 x90","p":48.99,"u":"0,54 €/P","img":"https://fd3-photos.leclercdrive.fr/image.ashx?id=2512036&use=l&cat=p&typeid=i","cat":284737},{"id":205657,"n":"P'tit diner Yooji Bio Carotte patate douce 300g","p":3.78,"u":"12,60 €/KG","img":"https://fd3-photos.leclercdrive.fr/image.ashx?id=2792870&use=l&cat=p&typeid=i","cat":290631},{"id":205658,"n":"Repas P'tit diner Yooji Bio Potiron mais millet 300g","p":3.09,"u":"10,30 €/KG","img":"https://fd3-photos.leclercdrive.fr/image.ashx?id=2832254&use=l&cat=p&typeid=i","cat":290631},{"id":205659,"n":"Ptit diner Petit pois  Epinards et orge bio - 300g","p":3.09,"u":"10,30 €/KG","img":"https://fd3-photos.leclercdrive.fr/image.ashx?id=2832257&use=l&cat=p&typeid=i","cat":290631},{"id":205876,"n":"Nettoyant dilué Mr Propre Bicarbonate - 1L","p":2.75,"u":"2,75 €/L","img":"https://fd3-photos.leclercdrive.fr/image.ashx?id=2867842&use=l&cat=p&typeid=i","cat":284907},{"id":205879,"n":"Nettoyant liquide Mr Propre Multi-usages - Citron - 1.3L","p":2.3,"u":"1,77 €/L","img":"https://fd3-photos.leclercdrive.fr/image.ashx?id=2683418&use=l&cat=p&typeid=i","cat":284907},{"id":205890,"n":"Nettoyant multi-usages Mr Prore - Bergamote - 1L","p":2.68,"u":"2,68 €/L","img":"https://fd3-photos.leclercdrive.fr/image.ashx?id=2889979&use=l&cat=p&typeid=i","cat":284907},{"id":205892,"n":"Nettoyant multi-usages Mr Propre - Savon noir - 1L","p":2.91,"u":"2,91 €/L","img":"https://fd3-photos.leclercdrive.fr/image.ashx?id=2889976&use=l&cat=p&typeid=i","cat":284907},{"id":205935,"n":"Couches Pampers Premium Protection - T3 - x46","p":17.1,"u":"0,37 €/P","img":"https://fd3-photos.leclercdrive.fr/image.ashx?id=2681955&use=l&cat=p&typeid=i","cat":284737},{"id":205936,"n":"Couches Pampers Baby-Dry T7 - x31","p":17.73,"u":"0,57 €/P","img":"https://fd3-photos.leclercdrive.fr/image.ashx?id=2655535&use=l&cat=p&typeid=i","cat":284737},{"id":205938,"n":"Couches Pampers Baby-dry Taille 2 - x58","p":16.25,"u":"0,28 €/P","img":"https://fd3-photos.leclercdrive.fr/image.ashx?id=2655151&use=l&cat=p&typeid=i","cat":284737},{"id":206023,"n":"Loctite Super glue 3  Liquide control - 3g","p":5.53,"img":"https://fd3-photos.leclercdrive.fr/image.ashx?id=2563502&use=l&cat=p&typeid=i","cat":300576},{"id":206033,"n":"Biscuits Mots Doux P'tit Déli Chocolat noisettes - 180g","p":1.89,"u":"10,50 €/KG","img":"https://fd3-photos.leclercdrive.fr/image.ashx?id=2771136&use=l&cat=p&typeid=i","cat":284488},{"id":206049,"n":"Bâton de colle Uhu stic Néon - 4x8,2g","p":4.28,"u":"129,70 €/KG","img":"https://fd3-photos.leclercdrive.fr/image.ashx?id=2833921&use=l&cat=p&typeid=i","cat":334133},{"id":206105,"n":"Gel Nettoyant Visage Nivea Peaux à Imperfections - 150ml","p":4.08,"u":"27,20 €/L","img":"https://fd3-photos.leclercdrive.fr/image.ashx?id=2878243&use=l&cat=p&typeid=i","cat":284603},{"id":206106,"n":"Crème Visage Nuit Nivea Peaux à Imperfections - 40ml","p":6.39,"u":"159,75 €/L","img":"https://fd3-photos.leclercdrive.fr/image.ashx?id=2894999&use=l&cat=p&typeid=i","cat":325345},{"id":206108,"n":"Gommage Visage Nivea Peaux à Imperfections - 150ml","p":4.34,"u":"28,93 €/L","img":"https://fd3-photos.leclercdrive.fr/image.ashx?id=2836121&use=l&cat=p&typeid=i","cat":325346},{"id":206110,"n":"Papier toilette Le Trèfle Maxi douceur - x6","p":4.8,"img":"https://fd3-photos.leclercdrive.fr/image.ashx?id=2859926&use=l&cat=p&typeid=i","cat":284634},{"id":206122,"n":"Liquide vaisselle Rainett Concentré - Framboise - 500ml","p":1.83,"u":"3,66 €/L","img":"https://fd3-photos.leclercdrive.fr/image.ashx?id=2508792&use=l&cat=p&typeid=i","cat":284655},{"id":206123,"n":"Liquide vaisselle Paic Bi Activ Vinaigre et Sel minéral - 750ml","p":2.94,"u":"3,92 €/L","img":"https://fd3-photos.leclercdrive.fr/image.ashx?id=2508843&use=l&cat=p&typeid=i","cat":284655},{"id":206125,"n":"Riz parfumé  1kg","p":2.29,"u":"2,29 €/KG","img":"https://fd3-photos.leclercdrive.fr/image.ashx?id=2515521&use=l&cat=p&typeid=i","cat":284428},{"id":206126,"n":"Infusion La Tisanière Nuit calme - x20 - 28g","p":2.68,"u":"95,71 €/KG","img":"https://fd3-photos.leclercdrive.fr/image.ashx?id=2907863&use=l&cat=p&typeid=i","cat":293234},{"id":206128,"n":"Pâte à tartiner Nocciolata Bio Praliné Noisettes - 250g","p":3.43,"u":"13,72 €/KG","img":"https://fd3-photos.leclercdrive.fr/image.ashx?id=2883254&use=l&cat=p&typeid=i","cat":284481},{"id":206132,"n":"Infusion La Tisanière Après repas - x20 - 30g","p":2.83,"u":"94,33 €/KG","img":"https://fd3-photos.leclercdrive.fr/image.ashx?id=2843947&use=l&cat=p&typeid=i","cat":293234},{"id":206135,"n":"Infusion La Tisanière Fleur de camomille - x20  - 30g","p":2.74,"u":"91,33 €/KG","img":"https://fd3-photos.leclercdrive.fr/image.ashx?id=2880700&use=l&cat=p&typeid=i","cat":293234},{"id":206136,"n":"Cookies La Biscuiterie Delacre Pépites de chocolat - 136g","p":2.67,"u":"19,63 €/KG","img":"https://fd3-photos.leclercdrive.fr/image.ashx?id=2674086&use=l&cat=p&typeid=i","cat":325066},{"id":206137,"n":"Cookies La Biscuiterie Delacre Chocolat noir lait blanc -136g","p":2.37,"u":"17,43 €/KG","img":"https://fd3-photos.leclercdrive.fr/image.ashx?id=2673151&use=l&cat=p&typeid=i","cat":325066},{"id":206139,"n":"Sirop Teisseire Cassis - 60cl","p":3.3,"u":"5,50 €/L","img":"https://fd3-photos.leclercdrive.fr/image.ashx?id=2508588&use=l&cat=p&typeid=i","cat":295020},{"id":206140,"n":"Sirop concentré Teisseire Citron vert - 60cl","p":3.3,"u":"5,50 €/L","img":"https://fd3-photos.leclercdrive.fr/image.ashx?id=2508591&use=l&cat=p&typeid=i","cat":295020},{"id":206143,"n":"Sirop Teisseire  Pêche - 60cl","p":3.3,"u":"5,50 €/L","img":"https://fd3-photos.leclercdrive.fr/image.ashx?id=2508597&use=l&cat=p&typeid=i","cat":295020},{"id":206144,"n":"Boisson concentrée Teisseire A diluer grenadine Zéro - 60cl","p":2.72,"u":"4,53 €/L","img":"https://fd3-photos.leclercdrive.fr/image.ashx?id=2508600&use=l&cat=p&typeid=i","cat":295020},{"id":206147,"n":"Boisson concentrée Teisseire Menthe verte sans sucres - 60cl","p":2.74,"u":"4,57 €/L","img":"https://fd3-photos.leclercdrive.fr/image.ashx?id=2508603&use=l&cat=p&typeid=i","cat":295020},{"id":206149,"n":"Boisson concentrée Teisseire Citron sans sucres - 60cl","p":2.87,"u":"4,78 €/L","img":"https://fd3-photos.leclercdrive.fr/image.ashx?id=2508606&use=l&cat=p&typeid=i","cat":295020},{"id":206158,"n":"Steaks végétaux et gourmands Happyvore x2 - 200g","p":3.69,"u":"18,45 €/KG","img":"https://fd3-photos.leclercdrive.fr/image.ashx?id=2736148&use=l&cat=p&typeid=i","cat":316036},{"id":206164,"n":"Sirop Teisseire  Grenadine - 60cl","p":2.2,"u":"3,67 €/L","img":"https://fd3-photos.leclercdrive.fr/image.ashx?id=2772729&use=l&cat=p&typeid=i","cat":295020},{"id":206169,"n":"Sirop Tesseire Citron - 60cl","p":2.25,"u":"3,75 €/L","img":"https://fd3-photos.leclercdrive.fr/image.ashx?id=2771747&use=l&cat=p&typeid=i","cat":295020},{"id":206170,"n":"Sirop Teisseire Framboise - 60cl","p":3.85,"u":"6,42 €/L","img":"https://fd3-photos.leclercdrive.fr/image.ashx?id=2509331&use=l&cat=p&typeid=i","cat":295020},{"id":206172,"n":"Biscuits Kinder Tronky fourrés Cacao et au lait  - 90g","p":2.0,"u":"22,22 €/KG","img":"https://fd3-photos.leclercdrive.fr/image.ashx?id=2916462&use=l&cat=p&typeid=i","cat":284488},{"id":206173,"n":"Infusion La Tisanière Après repas - x20 - 30g","p":2.83,"u":"94,33 €/KG","img":"https://fd3-photos.leclercdrive.fr/image.ashx?id=2792195&use=l&cat=p&typeid=i","cat":293234},{"id":206201,"n":"Couches Pampers Harmonie Taille 6 - 13kg+ - x81","p":51.91,"img":"https://fd3-photos.leclercdrive.fr/image.ashx?id=2509928&use=l&cat=p&typeid=i","cat":284737},{"id":206206,"n":"Couches-culottes Pampers  Premium Taille 5 - x87","p":66.75,"img":"https://fd3-photos.leclercdrive.fr/image.ashx?id=2630799&use=l&cat=p&typeid=i","cat":290633},{"id":206211,"n":"Olives vertes dénoyautées  À la Provençale - 200g","p":2.94,"u":"14,70 €/KG","img":"https://fd3-photos.leclercdrive.fr/image.ashx?id=2647796&use=l&cat=p&typeid=i","cat":316002},{"id":206315,"n":"Boisson énergisante  Monster - Juiced khaotic 50cl","p":1.67,"u":"3,34 €/L","img":"https://fd3-photos.leclercdrive.fr/image.ashx?id=2511047&use=l&cat=p&typeid=i","cat":284533},{"id":206439,"n":"Pâte à tartiner Nocciolata  Bio - Crunchy - 250g","p":3.39,"u":"13,56 €/KG","img":"https://fd3-photos.leclercdrive.fr/image.ashx?id=2905078&use=l&cat=p&typeid=i","cat":284481},{"id":206443,"n":"Sirop Teisseire  Violette - 60cl","p":3.3,"u":"5,50 €/L","img":"https://fd3-photos.leclercdrive.fr/image.ashx?id=2510786&use=l&cat=p&typeid=i","cat":295020},{"id":206445,"n":"Sirop Tropical  Teisseire Zéro sucres - 60cl","p":2.93,"u":"4,88 €/L","img":"https://fd3-photos.leclercdrive.fr/image.ashx?id=2510792&use=l&cat=p&typeid=i","cat":295020},{"id":206530,"n":"Mini Génoises Balconi Chocolat & Lait - 300g","p":1.66,"u":"5,53 €/KG","img":"https://fd3-photos.leclercdrive.fr/image.ashx?id=2964057&use=l&cat=p&typeid=i","cat":284495},{"id":206538,"n":"Cookies La Biscuiterie Delacre Chocolat noir et lait - 136g","p":2.73,"u":"20,07 €/KG","img":"https://fd3-photos.leclercdrive.fr/image.ashx?id=2661667&use=l&cat=p&typeid=i","cat":325066},{"id":206551,"n":"Serviettes hygiéniques Always Ultra Long Taille 2 - x26","p":4.96,"u":"0,19 €/P","img":"https://fd3-photos.leclercdrive.fr/image.ashx?id=2846493&use=l&cat=p&typeid=i","cat":284624},{"id":206553,"n":"Serviettes hygiéniques Always Ultra Jour&Nuit Taille 3 - x22","p":4.47,"u":"0,20 €/P","img":"https://fd3-photos.leclercdrive.fr/image.ashx?id=2849433&use=l&cat=p&typeid=i","cat":284624},{"id":206577,"n":"Crème fluide UHT Président Secret de Crème - 3x20cl","p":3.58,"u":"5,97 €/L","img":"https://fd3-photos.leclercdrive.fr/image.ashx?id=2678999&use=l&cat=p&typeid=i","cat":284381},{"id":206582,"n":"Liquide vaiselle Paic Bi Activ Vinaigre et citron - 750ml","p":3.3,"u":"4,40 €/L","img":"https://fd3-photos.leclercdrive.fr/image.ashx?id=2966797&use=l&cat=p&typeid=i","cat":284655},{"id":206583,"n":"Liquide vaiselle Paic Bi Activ Vinaigre et menthol - 750ml","p":3.2,"u":"4,27 €/L","img":"https://fd3-photos.leclercdrive.fr/image.ashx?id=2512075&use=l&cat=p&typeid=i","cat":284655},{"id":206586,"n":"Serviette absorbante Homme  Depend x24","p":6.28,"img":"https://fd3-photos.leclercdrive.fr/image.ashx?id=2511979&use=l&cat=p&typeid=i","cat":291514},{"id":206587,"n":"Serviette absorbantes Hommes Depend Normales - x14","p":6.25,"u":"625,00 €/L","img":"https://fd3-photos.leclercdrive.fr/image.ashx?id=2511976&use=l&cat=p&typeid=i","cat":291514},{"id":206598,"n":"Couches Pampers Baby-Dry Taille 3 - 6 à 10kg - x112","p":55.26,"u":"0,49 €/P","img":"https://fd3-photos.leclercdrive.fr/image.ashx?id=2677561&use=l&cat=p&typeid=i","cat":284737},{"id":206606,"n":"Bâtonnets Trium Vanille chocolat blanc x4 314g","p":2.8,"u":"8,92 €/KG","img":"https://fd3-photos.leclercdrive.fr/image.ashx?id=2791392&use=l&cat=p&typeid=i","cat":284265},{"id":206614,"n":"Thé glacé Oasis Ice Tea Saveur Pêche - 6x33cl","p":3.42,"u":"1,73 €/L","img":"https://fd3-photos.leclercdrive.fr/image.ashx?id=2873865&use=l&cat=p&typeid=i","cat":295019},{"id":206615,"n":"Boisson aux fruits Oasis Tropical sans sucres - 1,5L","p":1.97,"u":"1,31 €/L","img":"https://fd3-photos.leclercdrive.fr/image.ashx?id=2681739&use=l&cat=p&typeid=i","cat":295018},{"id":206617,"n":"Lessive liquide Arbre Vert Recharge x34 - 1.53L","p":6.08,"u":"3,97 €/L","img":"https://fd3-photos.leclercdrive.fr/image.ashx?id=2680209&use=l&cat=p&typeid=i","cat":284640},{"id":206661,"n":"Pré shampooing Elsève  Pro Bond Repair - 200ml","p":8.48,"u":"42,40 €/L","img":"https://fd3-photos.leclercdrive.fr/image.ashx?id=2870680&use=l&cat=p&typeid=i","cat":284606},{"id":206721,"n":"Sundae Ben & Jerry's Dulce de-delish - 342g","p":5.07,"u":"14,49 €/KG","img":"https://fd3-photos.leclercdrive.fr/image.ashx?id=2805654&use=l&cat=p&typeid=i","cat":284725},{"id":206725,"n":"Bâtonnet Magnum Double Sunlover x4 - 300g","p":3.78,"u":"12,60 €/KG","img":"https://fd3-photos.leclercdrive.fr/image.ashx?id=2886397&use=l&cat=p&typeid=i","cat":284265},{"id":206726,"n":"Glace Bâtonnet MAGNUM Double Caramel 4x85ml","p":3.08,"u":"10,85 €/KG","img":"https://fd3-photos.leclercdrive.fr/image.ashx?id=2770626&use=l&cat=p&typeid=i","cat":284265},{"id":206727,"n":"Bâtonnet Magnum Double Chocolat x4 - 284g","p":3.08,"u":"10,85 €/KG","img":"https://fd3-photos.leclercdrive.fr/image.ashx?id=3009284&use=l&cat=p&typeid=i","cat":284265},{"id":206729,"n":"Macarons classiques  Assortiment x12 - 145g","p":7.28,"u":"50,21 €/KG","img":"https://fd3-photos.leclercdrive.fr/image.ashx?id=2663371&use=l&cat=p&typeid=i","cat":284360},{"id":206731,"n":"Macarons fruités Ajinamoto Assortiment x12 - 145g","p":7.28,"u":"50,21 €/KG","img":"https://fd3-photos.leclercdrive.fr/image.ashx?id=2516689&use=l&cat=p&typeid=i","cat":284360},{"id":206888,"n":"Beurre bio C'est Qui Le Patron Doux - 82% MG - 250g","p":3.23,"u":"12,92 €/KG","img":"https://fd3-photos.leclercdrive.fr/image.ashx?id=2938764&use=l&cat=p&typeid=i","cat":284379},{"id":206922,"n":"Soupe liquide brique Liebig  Façon napolitaine - 2x30cl","p":2.97,"u":"4,95 €/L","img":"https://fd3-photos.leclercdrive.fr/image.ashx?id=2517887&use=l&cat=p&typeid=i","cat":284462},{"id":206935,"n":"Thon entier Eco+ 140g","p":1.33,"u":"9,50 €/KG","img":"https://fd3-photos.leclercdrive.fr/image.ashx?id=2967540&use=l&cat=p&typeid=i","cat":303867},{"id":206936,"n":"Légum' Vapeur Notre Jardin Petits pois & carottes 265g","p":1.45,"u":"5,47 €/KG","img":"https://fd3-photos.leclercdrive.fr/image.ashx?id=3002647&use=l&cat=p&typeid=i","cat":312607},{"id":206950,"n":"Gaufrettes P'tit Déli Fourrés - 128g","p":1.59,"u":"12,42 €/KG","img":"https://fd3-photos.leclercdrive.fr/image.ashx?id=2842522&use=l&cat=p&typeid=i","cat":284488},{"id":206953,"n":"Tortilla chips chili Eco+ 300g","p":1.14,"u":"3,80 €/KG","img":"https://fd3-photos.leclercdrive.fr/image.ashx?id=2839818&use=l&cat=p&typeid=i","cat":287899},{"id":206963,"n":"Morceaux et coeurs de palmier  250g","p":1.99,"u":"7,96 €/KG","img":"https://fd3-photos.leclercdrive.fr/image.ashx?id=2670365&use=l&cat=p&typeid=i","cat":312611},{"id":206990,"n":"Haché de poulet Fleury Michon À poêler x2 - 160g","p":2.05,"u":"12,81 €/KG","img":"https://fd3-photos.leclercdrive.fr/image.ashx?id=2524709&use=l&cat=p&typeid=i","cat":316010},{"id":206994,"n":"Allumettes de poulet  Fleury Michon x2 - 150g","p":1.73,"u":"11,53 €/KG","img":"https://fd3-photos.leclercdrive.fr/image.ashx?id=2659647&use=l&cat=p&typeid=i","cat":316011},{"id":206997,"n":"Couscous à la marocaine légumes Fleury Michon - 450g","p":3.84,"u":"8,53 €/KG","img":"https://fd3-photos.leclercdrive.fr/image.ashx?id=2656724&use=l&cat=p&typeid=i","cat":333665},{"id":207010,"n":"Aiguillettes de poulet rôti Fleury Michon - CSN - 150g","p":2.37,"u":"15,80 €/KG","img":"https://fd3-photos.leclercdrive.fr/image.ashx?id=2642555&use=l&cat=p&typeid=i","cat":316011},{"id":207017,"n":"Monster Top Speed Zero 50CL","p":1.55,"u":"3,10 €/L","img":"https://fd3-photos.leclercdrive.fr/image.ashx?id=2861174&use=l&cat=p&typeid=i","cat":284533},{"id":207018,"n":"Infusion La Tisanière Nuit calme - 30g","p":2.86,"u":"95,33 €/KG","img":"https://fd3-photos.leclercdrive.fr/image.ashx?id=2907866&use=l&cat=p&typeid=i","cat":293234},{"id":207019,"n":"Monster Aussie Lemonade Boite - 50cl","p":1.67,"u":"3,34 €/L","img":"https://fd3-photos.leclercdrive.fr/image.ashx?id=2519552&use=l&cat=p&typeid=i","cat":284533},{"id":207026,"n":"Infusion detox La Tisanière x20 - 30g","p":2.83,"u":"94,33 €/KG","img":"https://fd3-photos.leclercdrive.fr/image.ashx?id=2907869&use=l&cat=p&typeid=i","cat":293234},{"id":207029,"n":"Infusion La Tisanière Drainage pamplemousse - x20 30g","p":2.73,"u":"91,00 €/KG","img":"https://fd3-photos.leclercdrive.fr/image.ashx?id=2907872&use=l&cat=p&typeid=i","cat":293234},{"id":207032,"n":"Litchis Rochefontaine au sirop léger- 565g","p":3.0,"u":"5,31 €/KG","img":"https://fd3-photos.leclercdrive.fr/image.ashx?id=2665283&use=l&cat=p&typeid=i","cat":284507},{"id":207033,"n":"Demi-poires Rochefontaine au sirop léger - 480g","p":3.1,"u":"6,46 €/KG","img":"https://fd3-photos.leclercdrive.fr/image.ashx?id=2639543&use=l&cat=p&typeid=i","cat":284507},{"id":207034,"n":"Chair tomates Bio Village 400g","p":2.2,"u":"5,50 €/KG","img":"https://fd3-photos.leclercdrive.fr/image.ashx?id=2518568&use=l&cat=p&typeid=i","cat":288384},{"id":207036,"n":"Demi-Pêches Rochefontaine au sirop léger - 250g","p":2.71,"u":"10,84 €/KG","img":"https://fd3-photos.leclercdrive.fr/image.ashx?id=2633980&use=l&cat=p&typeid=i","cat":284507},{"id":207037,"n":"Demi-poires Rochefontaine au sirop léger - 230g","p":1.57,"u":"6,83 €/KG","img":"https://fd3-photos.leclercdrive.fr/image.ashx?id=2639540&use=l&cat=p&typeid=i","cat":284507},{"id":207042,"n":"Sirop Teisseire Grenadine Bidon mega - 1.3L","p":5.75,"u":"4,42 €/L","img":"https://fd3-photos.leclercdrive.fr/image.ashx?id=2519480&use=l&cat=p&typeid=i","cat":295020},{"id":207043,"n":"Lessive Liquide L'Arbre Vert Savon végétal 45 lavages 2,025L","p":6.72,"u":"3,32 €/L","img":"https://fd3-photos.leclercdrive.fr/image.ashx?id=3008542&use=l&cat=p&typeid=i","cat":284640},{"id":207044,"n":"Recharge Lessive l'Arbre Vert Amande Douce 34 lavages 1,53L","p":6.57,"u":"4,29 €/L","img":"https://fd3-photos.leclercdrive.fr/image.ashx?id=2684503&use=l&cat=p&typeid=i","cat":284640},{"id":207045,"n":"Goûter frais Nesquik snack Chocolat au lait - 4x104g","p":0.99,"u":"9,52 €/KG","img":"https://fd3-photos.leclercdrive.fr/image.ashx?id=2661507&use=l&cat=p&typeid=i","cat":284420},{"id":207047,"n":"Beurre de cacahuètes Menguy's 454g","p":4.07,"u":"8,96 €/KG","img":"https://fd3-photos.leclercdrive.fr/image.ashx?id=2844088&use=l&cat=p&typeid=i","cat":284481},{"id":207069,"n":"Glace Extrême Mini Fraise Vanille - x8 - 312g","p":4.67,"u":"14,97 €/KG","img":"https://fd3-photos.leclercdrive.fr/image.ashx?id=2732941&use=l&cat=p&typeid=i","cat":284264},{"id":207073,"n":"Tablette lave vaiselle L'Arbre Vert Tout-en-1 - x32","p":4.99,"u":"8,54 €/KG","img":"https://fd3-photos.leclercdrive.fr/image.ashx?id=2672332&use=l&cat=p&typeid=i","cat":284656},{"id":207074,"n":"Vaisselle mains L'Arbre Vert Peaux sensibles - 500ml","p":1.62,"u":"3,24 €/L","img":"https://fd3-photos.leclercdrive.fr/image.ashx?id=2845428&use=l&cat=p&typeid=i","cat":284655},{"id":207075,"n":"Vaisselle Main L'Arbre Vert Amande - 500ml","p":1.54,"u":"3,08 €/L","img":"https://fd3-photos.leclercdrive.fr/image.ashx?id=2845431&use=l&cat=p&typeid=i","cat":284655},{"id":207076,"n":"Recharge Vaisselle mains L'Arbre Vert - Amande - 1L","p":2.79,"u":"2,79 €/L","img":"https://fd3-photos.leclercdrive.fr/image.ashx?id=2849926&use=l&cat=p&typeid=i","cat":284655},{"id":207101,"n":"Boîte Cotons tiges Feel Natural Blanc - Bambou - x200","p":0.91,"pp":0.55,"img":"https://fd3-photos.leclercdrive.fr/image.ashx?id=2544888&use=l&cat=p&typeid=i","cat":284636},{"id":207104,"n":"Culotte Feel Natural  Menstruelle - Taille XL","p":16.49,"pp":9.89,"img":"https://fd3-photos.leclercdrive.fr/image.ashx?id=2795255&use=l&cat=p&typeid=i","cat":284624},{"id":207105,"n":"Culotte Feel Natural Menstruelle - Taille XXL","p":16.49,"pp":9.89,"img":"https://fd3-photos.leclercdrive.fr/image.ashx?id=2795315&use=l&cat=p&typeid=i","cat":284624},{"id":207117,"n":"Crème Solaire Spray Nivea Sun FPS 30 Protect&Bronze - 200ml","p":12.34,"u":"61,70 €/L","img":"https://fd3-photos.leclercdrive.fr/image.ashx?id=3008969&use=l&cat=p&typeid=i","cat":325355},{"id":207119,"n":"Crème Solaire Spray Nivea Sun FPS50+ coloré Enfants - 200ml","p":11.58,"u":"57,90 €/L","img":"https://fd3-photos.leclercdrive.fr/image.ashx?id=2951983&use=l&cat=p&typeid=i","cat":325355},{"id":207139,"n":"Serviettes hygiéniques Always  Ultra - Secure night - x18","p":5.16,"u":"0,29 €/P","img":"https://fd3-photos.leclercdrive.fr/image.ashx?id=2849436&use=l&cat=p&typeid=i","cat":284624},{"id":207140,"n":"Serviettes hygiéniques Always Ultra - Secure night extra- x16","p":4.58,"u":"0,29 €/P","img":"https://fd3-photos.leclercdrive.fr/image.ashx?id=3000878&use=l&cat=p&typeid=i","cat":284624},{"id":207141,"n":"Préservatifs Durex Nude Extra Fins Peau contre Peau x10","p":8.17,"u":"0,82 €/P","img":"https://fd3-photos.leclercdrive.fr/image.ashx?id=2962017&use=l&cat=p&typeid=i","cat":284631},{"id":207142,"n":"Gel Lubrifiant Intime Durex Sensitive base Eau 100ml","p":8.03,"u":"80,30 €/L","img":"https://fd3-photos.leclercdrive.fr/image.ashx?id=2961203&use=l&cat=p&typeid=i","cat":285160},{"id":207154,"n":"Thon naturel Petit Navire 112g","p":2.19,"u":"19,55 €/KG","img":"https://fd3-photos.leclercdrive.fr/image.ashx?id=3003092&use=l&cat=p&typeid=i","cat":303867},{"id":207155,"n":"Cocktail prêt à boire Tails Fruit de la passion 14,9° -50cl","p":15.03,"u":"30,06 €/L","img":"https://fd3-photos.leclercdrive.fr/image.ashx?id=2858273&use=l&cat=p&typeid=i","cat":284551},{"id":207156,"n":"Demi-abricots Rochefontaine au sirop - 820g","p":3.2,"u":"3,90 €/KG","img":"https://fd3-photos.leclercdrive.fr/image.ashx?id=2617891&use=l&cat=p&typeid=i","cat":284507},{"id":207157,"n":"Biscuits La Biscuiterie Delacre Caramel intense - 130g","p":2.53,"u":"19,46 €/KG","img":"https://fd3-photos.leclercdrive.fr/image.ashx?id=2926323&use=l&cat=p&typeid=i","cat":284490},{"id":207158,"n":"Biscuits La Biscuiterie Delacre Sablés chocolat Noir - 130g","p":2.37,"u":"18,23 €/KG","img":"https://fd3-photos.leclercdrive.fr/image.ashx?id=2674092&use=l&cat=p&typeid=i","cat":284490},{"id":207160,"n":"Olives farcies Menguy's Poivrons rouges -","p":2.21,"u":"14,73 €/KG","img":"https://fd3-photos.leclercdrive.fr/image.ashx?id=2733529&use=l&cat=p&typeid=i","cat":284450},{"id":207162,"n":"Sauce rouleaux de printemps Tanoshi - 250ml","p":2.53,"u":"10,12 €/L","img":"https://fd3-photos.leclercdrive.fr/image.ashx?id=2913229&use=l&cat=p&typeid=i","cat":288992},{"id":207173,"n":"Sauce nems Tanoshi 150ml","p":1.74,"u":"11,60 €/L","img":"https://fd3-photos.leclercdrive.fr/image.ashx?id=2921615&use=l&cat=p&typeid=i","cat":288992},{"id":207174,"n":"Nouilles vermicelles de riz Tanoshi Vietnam 250g","p":1.8,"u":"7,20 €/KG","img":"https://fd3-photos.leclercdrive.fr/image.ashx?id=2732290&use=l&cat=p&typeid=i","cat":288992},{"id":207198,"n":"Recharge lessive liquide  Rainette Aloe vera - 1.6L","p":5.99,"u":"3,74 €/L","img":"https://fd3-photos.leclercdrive.fr/image.ashx?id=2858684&use=l&cat=p&typeid=i","cat":284640},{"id":207199,"n":"Recharge lessive liquide  Rainett Savon de Marseille 1.6L","p":6.42,"u":"4,01 €/L","img":"https://fd3-photos.leclercdrive.fr/image.ashx?id=2842129&use=l&cat=p&typeid=i","cat":284640},{"id":207210,"n":"Fromage à tartiner Kiri Délicieusement fouetté - 125g","p":2.23,"u":"17,84 €/KG","img":"https://fd3-photos.leclercdrive.fr/image.ashx?id=2686591&use=l&cat=p&typeid=i","cat":314029},{"id":207226,"n":"Bâtonnet Magnum Mini Double Caramel x6 - 282g","p":4.38,"u":"15,53 €/KG","img":"https://fd3-photos.leclercdrive.fr/image.ashx?id=2805648&use=l&cat=p&typeid=i","cat":284265},{"id":207231,"n":"Boisson lactée Candia Colombus Café Latté - 25cl","p":1.97,"u":"7,88 €/L","img":"https://fd3-photos.leclercdrive.fr/image.ashx?id=2735092&use=l&cat=p&typeid=i","cat":295246},{"id":207233,"n":"Boisson lactée Candia Colombus Cappuccino - 25cl","p":1.57,"u":"6,28 €/L","img":"https://fd3-photos.leclercdrive.fr/image.ashx?id=2735095&use=l&cat=p&typeid=i","cat":295246},{"id":207234,"n":"Boisson lactée Candia Colombus Café latté goût Spéculoos 25cl","p":1.43,"u":"5,72 €/L","img":"https://fd3-photos.leclercdrive.fr/image.ashx?id=2735098&use=l&cat=p&typeid=i","cat":295246},{"id":207235,"n":"Boisson lactée Candia Colombus  Chocolat - 25cl","p":2.45,"u":"9,80 €/L","img":"https://fd3-photos.leclercdrive.fr/image.ashx?id=2735101&use=l&cat=p&typeid=i","cat":295246},{"id":207248,"n":"Infusion La Tisanière Nuit calme - x20 - 30g","p":2.07,"u":"69,00 €/KG","img":"https://fd3-photos.leclercdrive.fr/image.ashx?id=2816835&use=l&cat=p&typeid=i","cat":293234},{"id":207249,"n":"Dentifrice Oral-B Protège et nettoie - 75ml","p":2.09,"u":"27,87 €/L","img":"https://fd3-photos.leclercdrive.fr/image.ashx?id=2957683&use=l&cat=p&typeid=i","cat":284612},{"id":207262,"n":"Capsules Nescafé Dolce Gusto  Grande - x16","p":5.57,"u":"40,96 €/KG","img":"https://fd3-photos.leclercdrive.fr/image.ashx?id=2964153&use=l&cat=p&typeid=i","cat":293239},{"id":207273,"n":"AOP Côtes du Rhône vin rouge Signature - 75cl","p":5.89,"u":"7,85 €/L","img":"https://fd3-photos.leclercdrive.fr/image.ashx?id=2844542&use=l&cat=p&typeid=i","cat":289556},{"id":207302,"n":"Café dosettes L'Or Espresso Classique Tassimo 2x16 - 208g","p":8.32,"u":"40,00 €/KG","img":"https://fd3-photos.leclercdrive.fr/image.ashx?id=2871238&use=l&cat=p&typeid=i","cat":293240},{"id":207307,"n":"Culotte Feel Natural Taille S","p":16.49,"pp":9.89,"img":"https://fd3-photos.leclercdrive.fr/image.ashx?id=2795246&use=l&cat=p&typeid=i","cat":284624},{"id":207311,"n":"Culotte Feel Natural Menstruelle - Taille M","p":16.49,"pp":9.89,"img":"https://fd3-photos.leclercdrive.fr/image.ashx?id=2795249&use=l&cat=p&typeid=i","cat":284624},{"id":207312,"n":"Café dosette L'or Tassimo Long classique 2x16 - 208g","p":8.32,"u":"40,00 €/KG","img":"https://fd3-photos.leclercdrive.fr/image.ashx?id=2871241&use=l&cat=p&typeid=i","cat":293240},{"id":207321,"n":"Culotte Feel Natural Menstruelle-détachable-Taille M","p":14.24,"pp":8.54,"img":"https://fd3-photos.leclercdrive.fr/image.ashx?id=2525168&use=l&cat=p&typeid=i","cat":284624},{"id":207359,"n":"Litchis dénoyautés Beyer 320ml","p":2.5,"u":"7,81 €/L","img":"https://fd3-photos.leclercdrive.fr/image.ashx?id=2532601&use=l&cat=p&typeid=i","cat":284507},{"id":207360,"n":"Bigarreaux dénoyautés Beyer - 320ml","p":1.98,"u":"6,19 €/L","img":"https://fd3-photos.leclercdrive.fr/image.ashx?id=2534293&use=l&cat=p&typeid=i","cat":284507},{"id":207377,"n":"Frites Pom Bistro au Romarin - 500g","p":2.98,"u":"5,96 €/KG","img":"https://fd3-photos.leclercdrive.fr/image.ashx?id=2866439&use=l&cat=p&typeid=i","cat":319791},{"id":207388,"n":"Cornichon Français  Hugo Aigre-doux - 360g","p":3.83,"u":"10,64 €/KG","img":"https://fd3-photos.leclercdrive.fr/image.ashx?id=2524377&use=l&cat=p&typeid=i","cat":284458},{"id":207390,"n":"Cornichon Français Hugo Aigre-doux - 210g","p":3.13,"u":"14,90 €/KG","img":"https://fd3-photos.leclercdrive.fr/image.ashx?id=2969103&use=l&cat=p&typeid=i","cat":284458},{"id":207392,"n":"Cornichon Français Hugo Vinaigre - 360g","p":4.65,"u":"12,92 €/KG","img":"https://fd3-photos.leclercdrive.fr/image.ashx?id=2524380&use=l&cat=p&typeid=i","cat":284458},{"id":207393,"n":"Rondelles de cornichon Français Aigre-doux - 42,5cl","p":2.5,"u":"5,88 €/L","img":"https://fd3-photos.leclercdrive.fr/image.ashx?id=2524383&use=l&cat=p&typeid=i","cat":284458},{"id":207396,"n":"Galettes moelleuses St Michel Marbrée Chocolat - 180g","p":1.96,"u":"10,89 €/KG","img":"https://fd3-photos.leclercdrive.fr/image.ashx?id=2936263&use=l&cat=p&typeid=i","cat":284487},{"id":207401,"n":"Adoucissant Soupline  Éclat de Fraîcheur - 28p","p":6.12,"u":"0,22 €/P","img":"https://fd3-photos.leclercdrive.fr/image.ashx?id=2583509&use=l&cat=p&typeid=i","cat":284650},{"id":207405,"n":"Lingettes Pampers Harmonie New baby - 46 lingettes","p":3.56,"img":"https://fd3-photos.leclercdrive.fr/image.ashx?id=2805912&use=l&cat=p&typeid=i","cat":284738},{"id":207408,"n":"Smoothie innocent défense exotique 750ml","p":3.91,"u":"5,21 €/L","img":"https://fd3-photos.leclercdrive.fr/image.ashx?id=2543762&use=l&cat=p&typeid=i","cat":285435},{"id":207414,"n":"Café dosettes L'Or Tassimo Long intense - 256g","p":8.32,"u":"32,50 €/KG","img":"https://fd3-photos.leclercdrive.fr/image.ashx?id=2624757&use=l&cat=p&typeid=i","cat":293240},{"id":207452,"n":"Dosettes Café Carte Noire  Arabica Décaféiné n5 x36 - 250g","p":6.33,"u":"25,32 €/KG","img":"https://fd3-photos.leclercdrive.fr/image.ashx?id=2980127&use=l&cat=p&typeid=i","cat":293238},{"id":207455,"n":"Dosettes café Senseo Caramel x32","p":6.15,"u":"27,70 €/KG","img":"https://fd3-photos.leclercdrive.fr/image.ashx?id=2525977&use=l&cat=p&typeid=i","cat":293238},{"id":207456,"n":"Purée de fruits Eco+ x8 - 800g","p":1.79,"u":"2,24 €/KG","img":"https://fd3-photos.leclercdrive.fr/image.ashx?id=2523507&use=l&cat=p&typeid=i","cat":284416},{"id":207457,"n":"Yaourt nature sucré Eco+ 4x125g","p":0.89,"u":"1,78 €/KG","img":"https://fd3-photos.leclercdrive.fr/image.ashx?id=2523510&use=l&cat=p&typeid=i","cat":284409},{"id":207458,"n":"Pizza La Royale Pizzaiolo 478g","p":4.66,"u":"9,75 €/KG","img":"https://fd3-photos.leclercdrive.fr/image.ashx?id=2965256&use=l&cat=p&typeid=i","cat":284256},{"id":207467,"n":"Moutarde Forte Amora 430g","p":1.42,"u":"3,30 €/KG","img":"https://fd3-photos.leclercdrive.fr/image.ashx?id=2526079&use=l&cat=p&typeid=i","cat":288850},{"id":207469,"n":"Moutarde Forte Amora 185g","p":1.72,"u":"9,30 €/KG","img":"https://fd3-photos.leclercdrive.fr/image.ashx?id=2526082&use=l&cat=p&typeid=i","cat":288850},{"id":207471,"n":"Moutarde Mi-forte Amora 415g","p":1.53,"u":"3,69 €/KG","img":"https://fd3-photos.leclercdrive.fr/image.ashx?id=2993176&use=l&cat=p&typeid=i","cat":288850},{"id":207476,"n":"Moutarde de Dijon Fine MAILLE L'Original Bocal - 360g","p":1.4,"u":"3,89 €/KG","img":"https://fd3-photos.leclercdrive.fr/image.ashx?id=2945841&use=l&cat=p&typeid=i","cat":288850},{"id":207478,"n":"Moutarde à l'Ancienne MAILLE Bocal - 360g","p":2.78,"u":"7,72 €/KG","img":"https://fd3-photos.leclercdrive.fr/image.ashx?id=2664307&use=l&cat=p&typeid=i","cat":288850},{"id":207480,"n":"Crème glacée La Laitière Caramel Beurre salé - 490g","p":3.24,"pp":2.27,"u":"4,63 €/KG","img":"https://fd3-photos.leclercdrive.fr/image.ashx?id=2877883&use=l&cat=p&typeid=i","cat":284263},{"id":207491,"n":"Cône Extrême Nestle Coco  Mangue - x6 - 414g","p":4.07,"u":"9,83 €/KG","img":"https://fd3-photos.leclercdrive.fr/image.ashx?id=2844579&use=l&cat=p&typeid=i","cat":284264},{"id":207492,"n":"Crème glacée La Laitière Vanille pécan - 490g","p":3.24,"pp":2.27,"u":"4,63 €/KG","img":"https://fd3-photos.leclercdrive.fr/image.ashx?id=3000015&use=l&cat=p&typeid=i","cat":284263},{"id":207507,"n":"Piles Boutons Lithium Duracell CR 2430 - x2","p":6.3,"img":"https://fd3-photos.leclercdrive.fr/image.ashx?id=2525396&use=l&cat=p&typeid=i","cat":300572},{"id":207508,"n":"Piles Boutons Lithium Duracell CR 2450 - x2","p":6.73,"img":"https://fd3-photos.leclercdrive.fr/image.ashx?id=2594542&use=l&cat=p&typeid=i","cat":300572},{"id":207528,"n":"Lessive liquide L'Arbre Vert Peaux sensibles - x34 - 1.53L","p":6.98,"u":"4,56 €/L","img":"https://fd3-photos.leclercdrive.fr/image.ashx?id=3008536&use=l&cat=p&typeid=i","cat":284640},{"id":207529,"n":"Recharge lessive L'Arbre Vert Peaux sensibles - x34 - 1.53L","p":6.32,"u":"4,13 €/L","img":"https://fd3-photos.leclercdrive.fr/image.ashx?id=2680212&use=l&cat=p&typeid=i","cat":284640},{"id":207530,"n":"Vaisselle mains L'Arbre Vert Peaux sensibles - 750ml","p":1.8,"u":"2,40 €/L","img":"https://fd3-photos.leclercdrive.fr/image.ashx?id=2850575&use=l&cat=p&typeid=i","cat":284655},{"id":207531,"n":"Serviettes hygiéniques Always Ultra - Normal - x30","p":4.15,"img":"https://fd3-photos.leclercdrive.fr/image.ashx?id=2846496&use=l&cat=p&typeid=i","cat":284624},{"id":207533,"n":"Préservatifs Durex Feeling  Extra Fins Extra Lubrifiés x12","p":6.87,"img":"https://fd3-photos.leclercdrive.fr/image.ashx?id=2962014&use=l&cat=p&typeid=i","cat":284631},{"id":207535,"n":"Préservatifs Durex Classic Jeans Confort et Confiance  x12","p":5.64,"img":"https://fd3-photos.leclercdrive.fr/image.ashx?id=2730475&use=l&cat=p&typeid=i","cat":284631},{"id":207536,"n":"Préservatifs Durex Nude Sans Latex Extra Lubrifié x10","p":8.23,"img":"https://fd3-photos.leclercdrive.fr/image.ashx?id=2730478&use=l&cat=p&typeid=i","cat":284631},{"id":207537,"n":"Culotte dentelle Menstruelle - Taille L","p":16.49,"pp":9.89,"img":"https://fd3-photos.leclercdrive.fr/image.ashx?id=2795252&use=l&cat=p&typeid=i","cat":284624},{"id":207540,"n":"Croûtons Tipiak Ail - 75g","p":1.45,"u":"19,33 €/KG","img":"https://fd3-photos.leclercdrive.fr/image.ashx?id=2684461&use=l&cat=p&typeid=i","cat":284464},{"id":207545,"n":"Bandes de cire froide Aiselles Veet Expert Peaux sensibles x16","p":5.55,"u":"0,35 €/P","img":"https://fd3-photos.leclercdrive.fr/image.ashx?id=2970801&use=l&cat=p&typeid=i","cat":325351},{"id":207549,"n":"Shampoing purifiant Ultra Doux Force et Brillance - 300ml","p":2.96,"u":"9,87 €/L","img":"https://fd3-photos.leclercdrive.fr/image.ashx?id=2878072&use=l&cat=p&typeid=i","cat":284606},{"id":207550,"n":"Shampooing Head & Shoulders Pure intense - 250ml","p":5.19,"u":"20,76 €/L","img":"https://fd3-photos.leclercdrive.fr/image.ashx?id=2527133&use=l&cat=p&typeid=i","cat":284606},{"id":207551,"n":"Dentifrice Naturals Aquafresh Blancheur charbon - 75ml","p":1.93,"u":"25,73 €/L","img":"https://fd3-photos.leclercdrive.fr/image.ashx?id=2527079&use=l&cat=p&typeid=i","cat":284612},{"id":207553,"n":"Dentifrice Sensodyne  Junior - 6-12 ans - 50ml","p":4.06,"u":"81,20 €/L","img":"https://fd3-photos.leclercdrive.fr/image.ashx?id=2968920&use=l&cat=p&typeid=i","cat":288898},{"id":207557,"n":"Préservatifs Durex Feeling  Extra Lubrifié Extra Fins x20","p":10.73,"u":"0,54 €/P","img":"https://fd3-photos.leclercdrive.fr/image.ashx?id=2964965&use=l&cat=p&typeid=i","cat":284631},{"id":207558,"n":"Préservatifs Durex Nude Extra Large Extra Fins x8","p":7.64,"u":"0,96 €/P","img":"https://fd3-photos.leclercdrive.fr/image.ashx?id=2773328&use=l&cat=p&typeid=i","cat":284631},{"id":207559,"n":"Préservatifs Durex Pleasure me Perlés et Nervurés x12","p":7.47,"u":"0,62 €/P","img":"https://fd3-photos.leclercdrive.fr/image.ashx?id=2730466&use=l&cat=p&typeid=i","cat":284631},{"id":207561,"n":"Recharge Savon Mains Dettol Miel et Beurre de Karité 250ml","p":2.87,"u":"11,48 €/L","img":"https://fd3-photos.leclercdrive.fr/image.ashx?id=2971751&use=l&cat=p&typeid=i","cat":284597},{"id":207588,"n":"Soupe de nouilles Oyakata Ramen miso et legumes - 89g","p":1.08,"u":"12,13 €/KG","img":"https://fd3-photos.leclercdrive.fr/image.ashx?id=2537252&use=l&cat=p&typeid=i","cat":288992},{"id":207591,"n":"Soupe de nouilles Oyakata Sauce soja - 83g","p":1.08,"u":"13,01 €/KG","img":"https://fd3-photos.leclercdrive.fr/image.ashx?id=2536170&use=l&cat=p&typeid=i","cat":288992},{"id":207592,"n":"Fusilli Di Canossa Sauce carbonara - 70g","p":2.2,"u":"31,43 €/KG","img":"https://fd3-photos.leclercdrive.fr/image.ashx?id=2854789&use=l&cat=p&typeid=i","cat":289010},{"id":207593,"n":"Fusilli Di Canossa Sauce bolognaise - 70g","p":2.08,"u":"29,71 €/KG","img":"https://fd3-photos.leclercdrive.fr/image.ashx?id=2988716&use=l&cat=p&typeid=i","cat":289010},{"id":207601,"n":"Nettoyants Inserts Décapfeu Bbq - Aérosol - 500ml","p":4.63,"u":"9,26 €/L","img":"https://fd3-photos.leclercdrive.fr/image.ashx?id=2776543&use=l&cat=p&typeid=i","cat":325357},{"id":207604,"n":"Bandes de cire froide Maillot Veet Expert Peaux sensibles x16","p":6.16,"u":"0,39 €/P","img":"https://fd3-photos.leclercdrive.fr/image.ashx?id=2970798&use=l&cat=p&typeid=i","cat":325351},{"id":207607,"n":"Dentifrice Elmex Anti-caries - 75ml","p":4.39,"u":"58,53 €/L","img":"https://fd3-photos.leclercdrive.fr/image.ashx?id=2721184&use=l&cat=p&typeid=i","cat":284612},{"id":207608,"n":"Déodorant Spray 48h Men Expert Anti-traces - 150ml","p":2.35,"u":"15,67 €/L","img":"https://fd3-photos.leclercdrive.fr/image.ashx?id=2867545&use=l&cat=p&typeid=i","cat":284618},{"id":207609,"n":"Masque reconstituant Ultra doux Cheveu fragile cassant - 340ml","p":4.59,"u":"13,50 €/L","img":"https://fd3-photos.leclercdrive.fr/image.ashx?id=2646924&use=l&cat=p&typeid=i","cat":284608},{"id":207613,"n":"Bandes extensibles Mercurochrome - x3","p":2.87,"u":"119,58 €/KG","img":"https://fd3-photos.leclercdrive.fr/image.ashx?id=2921531&use=l&cat=p&typeid=i","cat":284630},{"id":207614,"n":"Lessive liquide L'Arbre Vert Savon végétal - 4.95L - x110","p":24.27,"u":"4,90 €/L","img":"https://fd3-photos.leclercdrive.fr/image.ashx?id=2734693&use=l&cat=p&typeid=i","cat":284640},{"id":207620,"n":"Sérum Diadermine Expert Actif hyaluronique - 30ml","p":12.62,"u":"420,67 €/L","img":"https://fd3-photos.leclercdrive.fr/image.ashx?id=2527865&use=l&cat=p&typeid=i","cat":325345},{"id":207621,"n":"Carrés démaquillant Feel Natural - +Filet de lavage - x6","p":8.69,"pp":5.21,"img":"https://fd3-photos.leclercdrive.fr/image.ashx?id=2528066&use=l&cat=p&typeid=i","cat":285593},{"id":207622,"n":"Culotte Dentelle Feel Natural Menstruelle - Taille XS","p":16.49,"pp":9.89,"img":"https://fd3-photos.leclercdrive.fr/image.ashx?id=2795243&use=l&cat=p&typeid=i","cat":284624},{"id":207627,"n":"ST MARC Pistolet Antibactérien - 750ml","p":1.88,"u":"2,51 €/L","img":"https://fd3-photos.leclercdrive.fr/image.ashx?id=2528054&use=l&cat=p&typeid=i","cat":325357},{"id":208197,"n":"Crème Solaire Visage Nivea Sun FPS50+ Anti-taches - 40ml","p":10.67,"u":"266,75 €/L","img":"https://fd3-photos.leclercdrive.fr/image.ashx?id=2967373&use=l&cat=p&typeid=i","cat":325355},{"id":208206,"n":"Boisson gazeuse agrumes Ifri 1.25L","p":1.87,"u":"1,50 €/L","img":"https://fd3-photos.leclercdrive.fr/image.ashx?id=2757467&use=l&cat=p&typeid=i","cat":284532},{"id":208249,"n":"Pauline Nectar d'Abricot 1L","p":2.31,"u":"2,31 €/L","img":"https://fd3-photos.leclercdrive.fr/image.ashx?id=2733862&use=l&cat=p&typeid=i","cat":284915},{"id":208252,"n":"Pauline Nectar Pêche Jaune 1L","p":2.31,"u":"2,31 €/L","img":"https://fd3-photos.leclercdrive.fr/image.ashx?id=2733874&use=l&cat=p&typeid=i","cat":284915},{"id":208271,"n":"Capsules café L'Or Espresso Forza N°9 x50","p":14.37,"u":"55,27 €/KG","img":"https://fd3-photos.leclercdrive.fr/image.ashx?id=3000471&use=l&cat=p&typeid=i","cat":284749},{"id":208273,"n":"Doc Prosecco Vilaveroni Blanc Brut 150cl","p":16.93,"pp":12.7,"u":"8,47 €/L","img":"https://fd3-photos.leclercdrive.fr/image.ashx?id=2540499&use=l&cat=p&typeid=i","cat":289461},{"id":208330,"n":"Lait Corps nourrissant Mixa Effet Soleil Karité - 250ml","p":4.83,"u":"19,32 €/L","img":"https://fd3-photos.leclercdrive.fr/image.ashx?id=2530017&use=l&cat=p&typeid=i","cat":325349},{"id":208419,"n":"Infusion Elephant Mure Myrtille vanille 40g","p":2.96,"u":"74,00 €/KG","img":"https://fd3-photos.leclercdrive.fr/image.ashx?id=2530278&use=l&cat=p&typeid=i","cat":293234},{"id":208421,"n":"Infusion fruits rouges Elephant Touche de menthe - 40g","p":3.28,"u":"82,00 €/KG","img":"https://fd3-photos.leclercdrive.fr/image.ashx?id=2813104&use=l&cat=p&typeid=i","cat":293234},{"id":208426,"n":"Infusion Eléphant Tilleul Citron  - x20 - 28g","p":2.85,"u":"101,79 €/KG","img":"https://fd3-photos.leclercdrive.fr/image.ashx?id=2530284&use=l&cat=p&typeid=i","cat":293234},{"id":208477,"n":"Chips paysanne Lay's Saveur Fromage du Jura - 120g","p":1.38,"u":"11,50 €/KG","img":"https://fd3-photos.leclercdrive.fr/image.ashx?id=2810774&use=l&cat=p&typeid=i","cat":284447},{"id":208484,"n":"Chips paysanne Lay's Saveur Oignon de Roscoff - 120g","p":1.48,"u":"12,33 €/KG","img":"https://fd3-photos.leclercdrive.fr/image.ashx?id=2810777&use=l&cat=p&typeid=i","cat":284447},{"id":208485,"n":"Chips paysanne Lay's Saveur Fromage Frais- 120g","p":1.92,"u":"16,00 €/KG","img":"https://fd3-photos.leclercdrive.fr/image.ashx?id=2810780&use=l&cat=p&typeid=i","cat":284447},{"id":208499,"n":"Eau plate aromatisée Vittel Pêche - 75cl","p":1.2,"u":"1,60 €/L","img":"https://fd3-photos.leclercdrive.fr/image.ashx?id=2849352&use=l&cat=p&typeid=i","cat":284537},{"id":208505,"n":"Eau aromatisée Vittel+Recharge Fruits rouges - 75cl","p":1.14,"u":"1,52 €/L","img":"https://fd3-photos.leclercdrive.fr/image.ashx?id=2536499&use=l&cat=p&typeid=i","cat":284537},{"id":208507,"n":"AOC Rosé d'Anjou rosé Plessis-Duval - 75cl","p":4.31,"u":"5,75 €/L","img":"https://fd3-photos.leclercdrive.fr/image.ashx?id=2731789&use=l&cat=p&typeid=i","cat":289558},{"id":208580,"n":"Frites Pom Bistro au Piment d'Espelette - 500g","p":2.98,"u":"5,96 €/KG","img":"https://fd3-photos.leclercdrive.fr/image.ashx?id=2532069&use=l&cat=p&typeid=i","cat":319791},{"id":208613,"n":"Panés de saumon ASC Pêche Océan Céréales & Graines  - 360g","p":5.99,"u":"16,64 €/KG","img":"https://fd3-photos.leclercdrive.fr/image.ashx?id=2531238&use=l&cat=p&typeid=i","cat":319788},{"id":208632,"n":"Crème glacée La Laitière Crème brulée - 490g","p":3.24,"pp":2.27,"u":"4,63 €/KG","img":"https://fd3-photos.leclercdrive.fr/image.ashx?id=2877880&use=l&cat=p&typeid=i","cat":284263},{"id":208633,"n":"Compotes Pom'Potes Gourdes  Pomme Brugnon - 4x90g","p":1.97,"u":"5,47 €/KG","img":"https://fd3-photos.leclercdrive.fr/image.ashx?id=3010903&use=l&cat=p&typeid=i","cat":284508},{"id":208636,"n":"Purée Mousline Crème et noix de muscade - 500g","p":2.98,"u":"5,96 €/KG","img":"https://fd3-photos.leclercdrive.fr/image.ashx?id=3011728&use=l&cat=p&typeid=i","cat":284431},{"id":208638,"n":"Purée Mousline x3 sachets - 195g","p":1.41,"u":"7,23 €/KG","img":"https://fd3-photos.leclercdrive.fr/image.ashx?id=3004414&use=l&cat=p&typeid=i","cat":284431},{"id":208642,"n":"Purée Mousline x4 - 520g","p":2.39,"u":"4,60 €/KG","img":"https://fd3-photos.leclercdrive.fr/image.ashx?id=3011734&use=l&cat=p&typeid=i","cat":284431},{"id":208651,"n":"Purée Mousline  x8 - 1.04 kg","p":4.38,"u":"4,21 €/KG","img":"https://fd3-photos.leclercdrive.fr/image.ashx?id=2986780&use=l&cat=p&typeid=i","cat":284431},{"id":208656,"n":"Sauce Apéro Florette Ail & Ciboulette - 175g","p":2.59,"u":"14,80 €/KG","img":"https://fd3-photos.leclercdrive.fr/image.ashx?id=2962767&use=l&cat=p&typeid=i","cat":284382},{"id":208658,"n":"Biscuit P'tit Deli Chocolat lait blanc - 150g","p":1.75,"u":"11,67 €/KG","img":"https://fd3-photos.leclercdrive.fr/image.ashx?id=2684835&use=l&cat=p&typeid=i","cat":284488},{"id":208747,"n":"Café en grains L'OR Brésil 100% Arabica N° 5 900g","p":18.95,"u":"21,06 €/KG","img":"https://fd3-photos.leclercdrive.fr/image.ashx?id=2851348&use=l&cat=p&typeid=i","cat":293237},{"id":208749,"n":"Riz long grain 10 min Lustucru  x5 - 900g","p":2.14,"u":"2,38 €/KG","img":"https://fd3-photos.leclercdrive.fr/image.ashx?id=2963739&use=l&cat=p&typeid=i","cat":284428},{"id":208750,"n":"Purée Mousline x3 - 375g","p":2.41,"u":"6,43 €/KG","img":"https://fd3-photos.leclercdrive.fr/image.ashx?id=2940135&use=l&cat=p&typeid=i","cat":284431},{"id":208751,"n":"Riz long grain 10 min Lustucru x5 - 450g","p":1.35,"u":"3,00 €/KG","img":"https://fd3-photos.leclercdrive.fr/image.ashx?id=2955830&use=l&cat=p&typeid=i","cat":284428},{"id":208753,"n":"Bâtonnet Ferrero Rocher White x4 - 200g","p":3.86,"u":"19,30 €/KG","img":"https://fd3-photos.leclercdrive.fr/image.ashx?id=2759074&use=l&cat=p&typeid=i","cat":284265},{"id":208759,"n":"Purée Mousline  Presse purée - 375g","p":2.8,"u":"7,47 €/KG","img":"https://fd3-photos.leclercdrive.fr/image.ashx?id=2940117&use=l&cat=p&typeid=i","cat":284431},{"id":208761,"n":"Purée Mousline x4 - 125g","p":1.23,"u":"9,84 €/KG","img":"https://fd3-photos.leclercdrive.fr/image.ashx?id=2940126&use=l&cat=p&typeid=i","cat":284431},{"id":208764,"n":"Gel douche Sanex Natural Prebiotic hydratant - 700ml","p":4.75,"u":"6,79 €/L","img":"https://fd3-photos.leclercdrive.fr/image.ashx?id=2802842&use=l&cat=p&typeid=i","cat":284594},{"id":208766,"n":"Gel douche Sanex Natural Prebiotic - Protection - 700ml","p":5.23,"u":"7,47 €/L","img":"https://fd3-photos.leclercdrive.fr/image.ashx?id=2533145&use=l&cat=p&typeid=i","cat":284594},{"id":208774,"n":"Crème corps nourrissante Mixa Peaux extra sèches - 400ml","p":4.62,"u":"11,55 €/L","img":"https://fd3-photos.leclercdrive.fr/image.ashx?id=2533862&use=l&cat=p&typeid=i","cat":325350},{"id":208776,"n":"Gel douche Tahiti Vanille et huile de coco 250ml","p":2.17,"u":"8,68 €/L","img":"https://fd3-photos.leclercdrive.fr/image.ashx?id=2533130&use=l&cat=p&typeid=i","cat":284594},{"id":208778,"n":"Thon Petit Navire  Mayonnaise - 3x140g","p":5.17,"u":"12,31 €/KG","img":"https://fd3-photos.leclercdrive.fr/image.ashx?id=2835854&use=l&cat=p&typeid=i","cat":303867},{"id":208779,"n":"Miettes de thon Petit Navire Sauce tomate - 3x140g","p":3.8,"u":"9,05 €/KG","img":"https://fd3-photos.leclercdrive.fr/image.ashx?id=2835857&use=l&cat=p&typeid=i","cat":303867},{"id":208786,"n":"Thé glacé Lipton Ice Tea Pêche La bouteille de 1.25L","p":1.46,"u":"1,17 €/L","img":"https://fd3-photos.leclercdrive.fr/image.ashx?id=2731567&use=l&cat=p&typeid=i","cat":295019},{"id":208788,"n":"Thé glacé Lipton Ice Tea Pêche  Sans sucres bouteille de 1.25L","p":1.61,"u":"1,29 €/L","img":"https://fd3-photos.leclercdrive.fr/image.ashx?id=2731570&use=l&cat=p&typeid=i","cat":295019},{"id":208791,"n":"Crevette du pacifique Costa 270g","p":9.9,"u":"36,67 €/KG","img":"https://fd3-photos.leclercdrive.fr/image.ashx?id=2533943&use=l&cat=p&typeid=i","cat":319787},{"id":208806,"n":"Grilletine blé complet Pasquier Sans sucre ajouté - 255g","p":2.06,"u":"8,08 €/KG","img":"https://fd3-photos.leclercdrive.fr/image.ashx?id=2533559&use=l&cat=p&typeid=i","cat":284479},{"id":208807,"n":"Steaks hâchés façon bouchère Race Charolaise 15%MG x8 - 1kg","p":15.66,"u":"15,66 €/KG","img":"https://fd3-photos.leclercdrive.fr/image.ashx?id=2538683&use=l&cat=p&typeid=i","cat":319778},{"id":208828,"n":"Chips sea salt Kettle 130g","p":1.59,"u":"12,23 €/KG","img":"https://fd3-photos.leclercdrive.fr/image.ashx?id=2534123&use=l&cat=p&typeid=i","cat":284447},{"id":208837,"n":"Bacon végétal La Vie Fumé - 120g","p":3.32,"u":"27,67 €/KG","img":"https://fd3-photos.leclercdrive.fr/image.ashx?id=2965250&use=l&cat=p&typeid=i","cat":316036},{"id":208855,"n":"Brosse à dent Colgate Deep Clean - Souple - x1","p":3.49,"img":"https://fd3-photos.leclercdrive.fr/image.ashx?id=2968938&use=l&cat=p&typeid=i","cat":284614},{"id":208856,"n":"Dentifrice Colgate Tonigencyl Expert - 75ml","p":2.18,"u":"29,07 €/L","img":"https://fd3-photos.leclercdrive.fr/image.ashx?id=2859992&use=l&cat=p&typeid=i","cat":284612},{"id":208857,"n":"Soin Revitalisant L'Oréal Paris Men Expert Anti-Âge - 50ml","p":9.8,"u":"196,00 €/L","img":"https://fd3-photos.leclercdrive.fr/image.ashx?id=3008776&use=l&cat=p&typeid=i","cat":284622},{"id":208859,"n":"Sérum Colgate Max White Blancheur - Nuit - 3ml","p":12.68,"img":"https://fd3-photos.leclercdrive.fr/image.ashx?id=2834095&use=l&cat=p&typeid=i","cat":284612},{"id":208865,"n":"Spray nasal Prorhinel Aloe Vera - Enfant/Adulte 100ml","p":5.79,"u":"57,90 €/L","img":"https://fd3-photos.leclercdrive.fr/image.ashx?id=2917861&use=l&cat=p&typeid=i","cat":284630},{"id":208867,"n":"Serum physiologique Prorhinel 30x5ml","p":3.5,"u":"23,33 €/L","img":"https://fd3-photos.leclercdrive.fr/image.ashx?id=2878303&use=l&cat=p&typeid=i","cat":284741},{"id":208881,"n":"Dosettes café Senseo Café au lait x16","p":3.95,"u":"23,51 €/KG","img":"https://fd3-photos.leclercdrive.fr/image.ashx?id=2662628&use=l&cat=p&typeid=i","cat":293238},{"id":208885,"n":"Biscuits mini roulés Balconi Cacao - 180g","p":1.17,"u":"6,50 €/KG","img":"https://fd3-photos.leclercdrive.fr/image.ashx?id=2540076&use=l&cat=p&typeid=i","cat":284495},{"id":208890,"n":"Crème glacée marbrée Erhard Amarena - 450g","p":4.33,"u":"9,62 €/KG","img":"https://fd3-photos.leclercdrive.fr/image.ashx?id=2535963&use=l&cat=p&typeid=i","cat":284263},{"id":208937,"n":"Barre protéinée Joyfuel Cookie Dough 55g","p":2.17,"u":"39,45 €/KG","img":"https://fd3-photos.leclercdrive.fr/image.ashx?id=2662057&use=l&cat=p&typeid=i","cat":318652},{"id":208952,"n":"Sphère désodorisant voiture Fleurs blanches - Aura - 6ml","p":2.67,"u":"445,00 €/L","img":"https://fd3-photos.leclercdrive.fr/image.ashx?id=2535093&use=l&cat=p&typeid=i","cat":298252},{"id":209054,"n":"Wraps Old El Paso Extra fins x6 - 192g","p":2.35,"u":"12,24 €/KG","img":"https://fd3-photos.leclercdrive.fr/image.ashx?id=2737693&use=l&cat=p&typeid=i","cat":288993},{"id":209056,"n":"Vinaigre de riz Tanoshi - bouteille de 360ml","p":5.87,"u":"16,31 €/L","img":"https://fd3-photos.leclercdrive.fr/image.ashx?id=2906214&use=l&cat=p&typeid=i","cat":288992},{"id":209057,"n":"Céréales bébé P'TITE CEREALE chocolat biscuit 12M+ - 415g","p":3.07,"u":"7,40 €/KG","img":"https://fd3-photos.leclercdrive.fr/image.ashx?id=2537303&use=l&cat=p&typeid=i","cat":312225},{"id":209059,"n":"P'tite céréale Nestlé Noisettes Biscuit - 12M+ - 415g","p":3.07,"u":"7,40 €/KG","img":"https://fd3-photos.leclercdrive.fr/image.ashx?id=2679389&use=l&cat=p&typeid=i","cat":312225},{"id":209060,"n":"Chips nature Lay's Sel - 6x25g","p":2.22,"u":"14,80 €/KG","img":"https://fd3-photos.leclercdrive.fr/image.ashx?id=3011143&use=l&cat=p&typeid=i","cat":284447},{"id":209061,"n":"Sauce pesto Florelli A la genovese - 190g","p":2.35,"u":"12,37 €/KG","img":"https://fd3-photos.leclercdrive.fr/image.ashx?id=2787452&use=l&cat=p&typeid=i","cat":299047},{"id":209064,"n":"Céréales bébé BABICAO Cacao 10M+ - 400g","p":3.48,"u":"8,70 €/KG","img":"https://fd3-photos.leclercdrive.fr/image.ashx?id=2537294&use=l&cat=p&typeid=i","cat":312225},{"id":209066,"n":"Céréales bébé P'TITE CEREALE Vanille Biscuit 12M+ - 415g","p":3.07,"u":"7,40 €/KG","img":"https://fd3-photos.leclercdrive.fr/image.ashx?id=2537297&use=l&cat=p&typeid=i","cat":312225},{"id":209093,"n":"Adoucissant Soupline Magnolia & lavande - x60 1.28L","p":6.3,"u":"4,85 €/L","img":"https://fd3-photos.leclercdrive.fr/image.ashx?id=2832569&use=l&cat=p&typeid=i","cat":284650},{"id":209094,"n":"Adoucissant Soupline Concentré Mandarine Vanille x60 - 1.28ml","p":6.58,"u":"5,14 €/L","img":"https://fd3-photos.leclercdrive.fr/image.ashx?id=2832572&use=l&cat=p&typeid=i","cat":284650},{"id":209098,"n":"Moules marinées Baltic 200g","p":4.2,"u":"21,00 €/KG","img":"https://fd3-photos.leclercdrive.fr/image.ashx?id=3014428&use=l&cat=p&typeid=i","cat":285340},{"id":209113,"n":"Pâtes Collezione Barilla Farfalle Generose - 500g","p":1.65,"u":"3,30 €/KG","img":"https://fd3-photos.leclercdrive.fr/image.ashx?id=2654122&use=l&cat=p&typeid=i","cat":284427},{"id":209151,"n":"Pâtes Torti Legumes Panzani 3 Minutes - 500G","p":1.54,"u":"3,08 €/KG","img":"https://fd3-photos.leclercdrive.fr/image.ashx?id=2896117&use=l&cat=p&typeid=i","cat":284427},{"id":209154,"n":"Compotes Pom'Potes  Assortiment x64 - 5.76kg","p":28.39,"pp":19.87,"u":"3,45 €/KG","img":"https://fd3-photos.leclercdrive.fr/image.ashx?id=2977261&use=l&cat=p&typeid=i","cat":284508},{"id":209159,"n":"Capsules lave-vaisselle Finish  Ultimate Plus - x25","p":7.48,"u":"24,52 €/KG","img":"https://fd3-photos.leclercdrive.fr/image.ashx?id=2749398&use=l&cat=p&typeid=i","cat":284656},{"id":209161,"n":"Capsules lave-vaisselle Finish  Ultimate Citron - x30","p":7.08,"u":"18,29 €/KG","img":"https://fd3-photos.leclercdrive.fr/image.ashx?id=2749404&use=l&cat=p&typeid=i","cat":284656},{"id":209163,"n":"Capsules lave-vaisselle Finish  Quantum - x33","p":7.48,"u":"21,81 €/KG","img":"https://fd3-photos.leclercdrive.fr/image.ashx?id=2749548&use=l&cat=p&typeid=i","cat":284656},{"id":209179,"n":"Crème dépilatoire Expert Veet Bikini Maillot Intégral 200ml","p":9.04,"u":"90,40 €/L","img":"https://fd3-photos.leclercdrive.fr/image.ashx?id=2964968&use=l&cat=p&typeid=i","cat":325351},{"id":209196,"n":"Pur jus Tropicana Réveil fruité - 90cl","p":3.07,"u":"3,41 €/L","img":"https://fd3-photos.leclercdrive.fr/image.ashx?id=2538431&use=l&cat=p&typeid=i","cat":285435},{"id":209207,"n":"Nouilles précuites Suzi Wan  Ramen pour wok - 2x150g","p":2.97,"u":"9,00 €/KG","img":"https://fd3-photos.leclercdrive.fr/image.ashx?id=2992272&use=l&cat=p&typeid=i","cat":288992},{"id":209208,"n":"Sauce soja Suzi Wan Sucrée - 135ml","p":1.88,"u":"13,93 €/KG","img":"https://fd3-photos.leclercdrive.fr/image.ashx?id=2892931&use=l&cat=p&typeid=i","cat":288992},{"id":209209,"n":"Sauce soja Suzi Wan 250ml","p":2.95,"u":"11,80 €/L","img":"https://fd3-photos.leclercdrive.fr/image.ashx?id=2990880&use=l&cat=p&typeid=i","cat":288992},{"id":209210,"n":"Goûter laitier Récré O'Lé Gourdes Saveur Biscuit - 4x85g","p":1.92,"u":"5,65 €/KG","img":"https://fd3-photos.leclercdrive.fr/image.ashx?id=2563799&use=l&cat=p&typeid=i","cat":284506},{"id":209235,"n":"Jus de citron Le Citronnier De Sicile - 200ml","p":0.56,"u":"2,80 €/L","img":"https://fd3-photos.leclercdrive.fr/image.ashx?id=2538824&use=l&cat=p&typeid=i","cat":289010},{"id":209239,"n":"Pistaches grillées Natur' & Bon Non salées - 180g","p":4.59,"u":"25,50 €/KG","img":"https://fd3-photos.leclercdrive.fr/image.ashx?id=2989258&use=l&cat=p&typeid=i","cat":284448},{"id":209301,"n":"Thé vert glacé Lipton Ice Tea Citron vert menthe - 1.25L","p":1.91,"u":"1,53 €/L","img":"https://fd3-photos.leclercdrive.fr/image.ashx?id=2731579&use=l&cat=p&typeid=i","cat":295019},{"id":209302,"n":"Thé glacé Lipton Ice Tea Citron/citron vert - 1.25L","p":1.7,"u":"1,36 €/L","img":"https://fd3-photos.leclercdrive.fr/image.ashx?id=2731573&use=l&cat=p&typeid=i","cat":295019},{"id":209306,"n":"Thé glacé Lipton Ice Tea Mangue - 1.25L","p":2.02,"u":"1,62 €/L","img":"https://fd3-photos.leclercdrive.fr/image.ashx?id=2731585&use=l&cat=p&typeid=i","cat":295019},{"id":209309,"n":"Thé glacé Lipton Ice Tea Framboise - 1.25L","p":1.71,"u":"1,37 €/L","img":"https://fd3-photos.leclercdrive.fr/image.ashx?id=2731588&use=l&cat=p&typeid=i","cat":295019},{"id":209311,"n":"Thé glacé Lipton Ice Tea Pêche abricot - 1,25L","p":1.97,"u":"1,58 €/L","img":"https://fd3-photos.leclercdrive.fr/image.ashx?id=2731576&use=l&cat=p&typeid=i","cat":295019},{"id":209312,"n":"Couches Pampers Baby Dry Maxi Pack T3 124p","p":38.89,"u":"0,31 €/P","img":"https://fd3-photos.leclercdrive.fr/image.ashx?id=2551564&use=l&cat=p&typeid=i","cat":284737},{"id":209343,"n":"Harengs Petit Pierre Hareng moutarde - 367g","p":2.14,"u":"5,83 €/KG","img":"https://fd3-photos.leclercdrive.fr/image.ashx?id=3005152&use=l&cat=p&typeid=i","cat":305147},{"id":209345,"n":"Chair de crabe Côte de Mer 102g","p":2.57,"u":"24,48 €/KG","img":"https://fd3-photos.leclercdrive.fr/image.ashx?id=2557482&use=l&cat=p&typeid=i","cat":305147},{"id":209346,"n":"Sardines Connetable Lot de 2 - 140g","p":3.63,"u":"25,93 €/KG","img":"https://fd3-photos.leclercdrive.fr/image.ashx?id=2538680&use=l&cat=p&typeid=i","cat":305146},{"id":209347,"n":"Olives vertes entières à l'Italienne Tropic Apéro 400g","p":4.33,"u":"10,83 €/KG","img":"https://fd3-photos.leclercdrive.fr/image.ashx?id=2538749&use=l&cat=p&typeid=i","cat":316002},{"id":209349,"n":"Olives vertes Tropic Apéro Méditerranéenne - 200g","p":2.97,"u":"14,85 €/KG","img":"https://fd3-photos.leclercdrive.fr/image.ashx?id=2538752&use=l&cat=p&typeid=i","cat":316002},{"id":209367,"n":"Sauce pesto rouge Florelli 190g","p":2.26,"u":"11,89 €/KG","img":"https://fd3-photos.leclercdrive.fr/image.ashx?id=2787455&use=l&cat=p&typeid=i","cat":289010},{"id":209368,"n":"Thé glacé Lipton Ice Tea Pêche La bouteille de 1.75L","p":1.88,"u":"1,07 €/L","img":"https://fd3-photos.leclercdrive.fr/image.ashx?id=2731594&use=l&cat=p&typeid=i","cat":295019},{"id":209398,"n":"Pizza Crousti Moelleuse Marie Margherita x3 - 1.2kg","p":8.17,"u":"6,81 €/KG","img":"https://fd3-photos.leclercdrive.fr/image.ashx?id=2996776&use=l&cat=p&typeid=i","cat":284256},{"id":209424,"n":"Yaourt bifidus Activia céréales Poire et aux fruits - 4x115g","p":2.63,"u":"5,72 €/KG","img":"https://fd3-photos.leclercdrive.fr/image.ashx?id=2901641&use=l&cat=p&typeid=i","cat":315000},{"id":209428,"n":"Crème dessert Danette  Pistache lit chocolat - 4x125g","p":1.67,"u":"3,34 €/KG","img":"https://fd3-photos.leclercdrive.fr/image.ashx?id=2925325&use=l&cat=p&typeid=i","cat":285041},{"id":209430,"n":"Skyr Danone Citron 0%mg - 2x140g","p":2.6,"u":"9,29 €/KG","img":"https://fd3-photos.leclercdrive.fr/image.ashx?id=2851728&use=l&cat=p&typeid=i","cat":315000},{"id":209431,"n":"Skyr Danone Fraise 0%mg - 2x140g","p":2.37,"u":"8,46 €/KG","img":"https://fd3-photos.leclercdrive.fr/image.ashx?id=2755270&use=l&cat=p&typeid=i","cat":315000},{"id":209437,"n":"Crème dessert protéinée 0%mg Hipro caramel - 180g","p":1.79,"u":"9,94 €/KG","img":"https://fd3-photos.leclercdrive.fr/image.ashx?id=2800288&use=l&cat=p&typeid=i","cat":285041},{"id":209438,"n":"Crème dessert protéinée Hipro  Vanille 0%mg- 180g","p":1.85,"u":"10,28 €/KG","img":"https://fd3-photos.leclercdrive.fr/image.ashx?id=2800291&use=l&cat=p&typeid=i","cat":285041},{"id":209455,"n":"Miel d'Acacia de France Les Compagnons du Miel - 375g","p":6.17,"u":"16,45 €/KG","img":"https://fd3-photos.leclercdrive.fr/image.ashx?id=2860298&use=l&cat=p&typeid=i","cat":287643},{"id":209464,"n":"Sirop Teisseire citron Bidon mega - 130cl","p":5.16,"u":"3,97 €/L","img":"https://fd3-photos.leclercdrive.fr/image.ashx?id=2539707&use=l&cat=p&typeid=i","cat":295020},{"id":209465,"n":"Sirop Teisseire Ice Tea Pêche Bidon - 60cl","p":3.3,"u":"5,50 €/L","img":"https://fd3-photos.leclercdrive.fr/image.ashx?id=2539710&use=l&cat=p&typeid=i","cat":295020},{"id":209486,"n":"Lessive Liquide Chanteclair Bicarbonate - x80 - 3,6L","p":7.47,"u":"2,08 €/L","img":"https://fd3-photos.leclercdrive.fr/image.ashx?id=2540091&use=l&cat=p&typeid=i","cat":284640},{"id":209491,"n":"Couscous moyen Ferrero sachet -500g","p":1.47,"u":"2,94 €/KG","img":"https://fd3-photos.leclercdrive.fr/image.ashx?id=2869561&use=l&cat=p&typeid=i","cat":284429},{"id":209494,"n":"Salade & Cie Sodebo Roma Jambon Speck - 320g","p":2.97,"u":"9,28 €/KG","img":"https://fd3-photos.leclercdrive.fr/image.ashx?id=2732413&use=l&cat=p&typeid=i","cat":333657},{"id":209496,"n":"Salade & Cie Sodebo Montmartre Jambon supérieur - 320g","p":3.43,"u":"10,72 €/KG","img":"https://fd3-photos.leclercdrive.fr/image.ashx?id=2868945&use=l&cat=p&typeid=i","cat":333657},{"id":209510,"n":"Chips nature Lay's Sel - 250g","p":2.24,"u":"8,96 €/KG","img":"https://fd3-photos.leclercdrive.fr/image.ashx?id=2995073&use=l&cat=p&typeid=i","cat":284447},{"id":209514,"n":"Chips Lay's Nature - 135g","p":1.27,"u":"9,41 €/KG","img":"https://fd3-photos.leclercdrive.fr/image.ashx?id=2994482&use=l&cat=p&typeid=i","cat":284447},{"id":209557,"n":"Litière chats Eco+ Minérale agglomérante - 5L","p":1.77,"img":"https://fd3-photos.leclercdrive.fr/image.ashx?id=2545479&use=l&cat=p&typeid=i","cat":284683},{"id":209589,"n":"Pain Kebab La Boulangère x4 - 320g","p":2.07,"u":"7,96 €/KG","img":"https://fd3-photos.leclercdrive.fr/image.ashx?id=2912308&use=l&cat=p&typeid=i","cat":284985},{"id":209591,"n":"Pains Pita La Boulangère x4  -320g","p":2.33,"u":"7,28 €/KG","img":"https://fd3-photos.leclercdrive.fr/image.ashx?id=2912311&use=l&cat=p&typeid=i","cat":284985},{"id":209593,"n":"Brioche Muffin La Boulangère x5 - 250g","p":1.53,"u":"6,12 €/KG","img":"https://fd3-photos.leclercdrive.fr/image.ashx?id=2912443&use=l&cat=p&typeid=i","cat":284478},{"id":209597,"n":"Compote Allégée en sucres Eco+ Bocal pomme poire - 720g","p":1.13,"u":"1,57 €/KG","img":"https://fd3-photos.leclercdrive.fr/image.ashx?id=2953206&use=l&cat=p&typeid=i","cat":284508},{"id":209598,"n":"Compote Allégée en sucres Eco+ Bocal pomme banane - 720g","p":1.03,"u":"1,43 €/KG","img":"https://fd3-photos.leclercdrive.fr/image.ashx?id=2953209&use=l&cat=p&typeid=i","cat":284508},{"id":209599,"n":"Capsules café L'Or Espresso Lungo Profondo N°8 x50","p":15.68,"u":"60,31 €/KG","img":"https://fd3-photos.leclercdrive.fr/image.ashx?id=2540898&use=l&cat=p&typeid=i","cat":284749},{"id":209600,"n":"Capsules café L'Or Espresso Splendente N°7 x50","p":14.37,"u":"55,27 €/KG","img":"https://fd3-photos.leclercdrive.fr/image.ashx?id=3000477&use=l&cat=p&typeid=i","cat":284749},{"id":209601,"n":"Thé vert Lipton Menthe intense - x20 - 32g","p":1.67,"u":"52,19 €/KG","img":"https://fd3-photos.leclercdrive.fr/image.ashx?id=2540907&use=l&cat=p&typeid=i","cat":293233},{"id":209604,"n":"Culottes incontinence 0%  Always Discreet - M - x9","p":13.17,"u":"1,46 €/P","img":"https://fd3-photos.leclercdrive.fr/image.ashx?id=2677555&use=l&cat=p&typeid=i","cat":284628},{"id":209614,"n":"AOC Vin Blanc Alsace Pinot Gris Hunawihr - 75cl","p":8.88,"u":"11,84 €/L","img":"https://fd3-photos.leclercdrive.fr/image.ashx?id=2541211&use=l&cat=p&typeid=i","cat":289557},{"id":209615,"n":"AOC Vin Blanc Alsace Gewurztraminer - 75cl","p":6.37,"u":"8,49 €/L","img":"https://fd3-photos.leclercdrive.fr/image.ashx?id=2541214&use=l&cat=p&typeid=i","cat":289557},{"id":209648,"n":"Briochettes pépites de chocolat Pasquier - 400g","p":3.25,"u":"8,13 €/KG","img":"https://fd3-photos.leclercdrive.fr/image.ashx?id=2541196&use=l&cat=p&typeid=i","cat":296366},{"id":209686,"n":"Thé vert Lipton Myrtille et mure - x20 - 32g","p":1.87,"u":"58,44 €/KG","img":"https://fd3-photos.leclercdrive.fr/image.ashx?id=2542816&use=l&cat=p&typeid=i","cat":293233},{"id":209688,"n":"Thé vert menthe Lipton Asie - x30s - 48g","p":2.95,"u":"61,46 €/KG","img":"https://fd3-photos.leclercdrive.fr/image.ashx?id=2542819&use=l&cat=p&typeid=i","cat":293233},{"id":209691,"n":"Thé vert Lipton x30s - 39g","p":2.92,"u":"74,87 €/KG","img":"https://fd3-photos.leclercdrive.fr/image.ashx?id=2542822&use=l&cat=p&typeid=i","cat":293233},{"id":209722,"n":"Dessert Glacé Viennetta Caramel beurre salé - 320g","p":1.98,"u":"6,19 €/KG","img":"https://fd3-photos.leclercdrive.fr/image.ashx?id=2802836&use=l&cat=p&typeid=i","cat":284266},{"id":209724,"n":"Dessert Glacé Viennetta Chocolat -  320g","p":2.6,"u":"8,13 €/KG","img":"https://fd3-photos.leclercdrive.fr/image.ashx?id=3009287&use=l&cat=p&typeid=i","cat":284266},{"id":209733,"n":"Dessert Glacé Viennetta Vanille -  320g","p":2.28,"u":"7,13 €/KG","img":"https://fd3-photos.leclercdrive.fr/image.ashx?id=3009182&use=l&cat=p&typeid=i","cat":284266},{"id":209739,"n":"Adoucissant concentré Soupline Hypoallergénique 64 lav. 1,35L","p":4.59,"u":"3,40 €/L","img":"https://fd3-photos.leclercdrive.fr/image.ashx?id=2831185&use=l&cat=p&typeid=i","cat":284650},{"id":209758,"n":"Tarte flambée aux champignons Friedrich - 260g","p":2.07,"u":"7,96 €/KG","img":"https://fd3-photos.leclercdrive.fr/image.ashx?id=2542402&use=l&cat=p&typeid=i","cat":284257},{"id":209801,"n":"Rasoirs jetables Wilkinson Xtreme 3 - Pure sensitive - x12","p":10.96,"u":"0,91 €/P","img":"https://fd3-photos.leclercdrive.fr/image.ashx?id=2861719&use=l&cat=p&typeid=i","cat":284616},{"id":209804,"n":"Rasoirs jetables Wilkinson Xtreme 3 Ultimate confort - x8","p":9.29,"img":"https://fd3-photos.leclercdrive.fr/image.ashx?id=2846478&use=l&cat=p&typeid=i","cat":284616},{"id":209843,"n":"Thé vert menthe Lipton x50 - 80g","p":4.33,"u":"54,13 €/KG","img":"https://fd3-photos.leclercdrive.fr/image.ashx?id=2544629&use=l&cat=p&typeid=i","cat":293233},{"id":209850,"n":"Thé vert Lipton  Classique Asie  - x50 - 65g","p":4.46,"u":"68,62 €/KG","img":"https://fd3-photos.leclercdrive.fr/image.ashx?id=2544632&use=l&cat=p&typeid=i","cat":293233},{"id":209854,"n":"Thé vert citron Lipton Asie - x30 - 48g","p":2.62,"u":"54,58 €/KG","img":"https://fd3-photos.leclercdrive.fr/image.ashx?id=2544635&use=l&cat=p&typeid=i","cat":293233},{"id":209855,"n":"Thé vert Tchae menthe x20 - 40g","p":2.58,"u":"64,50 €/KG","img":"https://fd3-photos.leclercdrive.fr/image.ashx?id=2544638&use=l&cat=p&typeid=i","cat":293233},{"id":209856,"n":"Thé vert Tchaé orient  Lipton  x20 - 35g","p":2.53,"u":"72,29 €/KG","img":"https://fd3-photos.leclercdrive.fr/image.ashx?id=2544641&use=l&cat=p&typeid=i","cat":293233},{"id":209859,"n":"Déboucheur Liquide Destop  4 doses - 950ml","p":3.26,"u":"3,43 €/L","img":"https://fd3-photos.leclercdrive.fr/image.ashx?id=2832161&use=l&cat=p&typeid=i","cat":284908},{"id":209860,"n":"Déboucheur Gel Destop  Express - 4 doses - 950ml","p":3.36,"u":"3,54 €/L","img":"https://fd3-photos.leclercdrive.fr/image.ashx?id=2832164&use=l&cat=p&typeid=i","cat":284908},{"id":209862,"n":"Thé vert Lipton Mangue abricot - x20 32g","p":2.14,"u":"66,88 €/KG","img":"https://fd3-photos.leclercdrive.fr/image.ashx?id=2544626&use=l&cat=p&typeid=i","cat":293233},{"id":209863,"n":"Gel anti-calcaire Calgon  4 en 1 - 750ml","p":5.56,"u":"7,41 €/L","img":"https://fd3-photos.leclercdrive.fr/image.ashx?id=2963475&use=l&cat=p&typeid=i","cat":284653},{"id":209866,"n":"Infusion Elephant  Pêche Abricot - x20 38g","p":2.69,"u":"70,79 €/KG","img":"https://fd3-photos.leclercdrive.fr/image.ashx?id=2544617&use=l&cat=p&typeid=i","cat":293234},{"id":209868,"n":"AIRWICK Recharge Freshmatic Vanille et Caramel - 250ml","p":3.68,"u":"14,72 €/L","img":"https://fd3-photos.leclercdrive.fr/image.ashx?id=2896348&use=l&cat=p&typeid=i","cat":311629},{"id":209875,"n":"Gel WC 100% Détartrant Harpic 5 min Chrono - 750ml","p":1.53,"u":"2,04 €/L","img":"https://fd3-photos.leclercdrive.fr/image.ashx?id=2864687&use=l&cat=p&typeid=i","cat":284662},{"id":209876,"n":"Infusion mangue passion  x20 - 36g","p":2.7,"u":"75,00 €/KG","img":"https://fd3-photos.leclercdrive.fr/image.ashx?id=2544611&use=l&cat=p&typeid=i","cat":293234},{"id":209878,"n":"Spray vitres Ajax Triple action - 750ml","p":1.93,"u":"2,57 €/L","img":"https://fd3-photos.leclercdrive.fr/image.ashx?id=2544581&use=l&cat=p&typeid=i","cat":325363},{"id":209879,"n":"Spray nettoyant La Croix Salle de bain - 500ml","p":1.77,"u":"3,54 €/L","img":"https://fd3-photos.leclercdrive.fr/image.ashx?id=2544587&use=l&cat=p&typeid=i","cat":325357},{"id":209889,"n":"Capsules lave-vaisselle Finish  Quantum Citron - x33","p":7.48,"u":"21,81 €/KG","img":"https://fd3-photos.leclercdrive.fr/image.ashx?id=2749551&use=l&cat=p&typeid=i","cat":284656},{"id":209891,"n":"Nettoyant lave-vaisselle Finish  Intégral Anti-Odeurs - 250ml","p":3.19,"u":"12,76 €/L","img":"https://fd3-photos.leclercdrive.fr/image.ashx?id=2659735&use=l&cat=p&typeid=i","cat":284657},{"id":209893,"n":"Détachant poudre Vanish  940g","p":9.93,"u":"10,56 €/KG","img":"https://fd3-photos.leclercdrive.fr/image.ashx?id=2680308&use=l&cat=p&typeid=i","cat":284651},{"id":209894,"n":"Adoucissant concentré Soupline  Lavande 60 lavages 1,35 L","p":5.69,"u":"4,21 €/L","img":"https://fd3-photos.leclercdrive.fr/image.ashx?id=2912716&use=l&cat=p&typeid=i","cat":284650},{"id":209896,"n":"Beurre gastronomique Président Doux - 82% MG - 500g","p":5.45,"u":"10,90 €/KG","img":"https://fd3-photos.leclercdrive.fr/image.ashx?id=2740556&use=l&cat=p&typeid=i","cat":284379},{"id":209898,"n":"Beurre gastronomique Président Demi-sel - 80% MG - 500g","p":5.37,"u":"10,74 €/P","img":"https://fd3-photos.leclercdrive.fr/image.ashx?id=2740559&use=l&cat=p&typeid=i","cat":284379},{"id":209901,"n":"Soda Schweppes Spritz - 1L","p":1.77,"u":"1,77 €/L","img":"https://fd3-photos.leclercdrive.fr/image.ashx?id=2852441&use=l&cat=p&typeid=i","cat":284532},{"id":209926,"n":"Emincés de bœuf *** limousine L'atelier Boucherie - 240G","p":6.49,"u":"27,04 €/KG","img":"https://fd3-photos.leclercdrive.fr/image.ashx?id=2546920&use=l&cat=p&typeid=i","cat":284328},{"id":209935,"n":"Rumsteck tournedos*** limousine L'Atelier Boucherie x2 - 280g","p":8.99,"u":"32,11 €/KG","img":"https://fd3-photos.leclercdrive.fr/image.ashx?id=2546914&use=l&cat=p&typeid=i","cat":284328},{"id":209938,"n":"Steak de bœuf *** limousine  L'atelier Boucherie x2 - 260G","p":7.99,"u":"30,73 €/KG","img":"https://fd3-photos.leclercdrive.fr/image.ashx?id=2562756&use=l&cat=p&typeid=i","cat":284328},{"id":209940,"n":"Steak de bœuf ** limousine  L'atelier Boucherie x2 - 260G","p":7.49,"u":"28,81 €/KG","img":"https://fd3-photos.leclercdrive.fr/image.ashx?id=2546908&use=l&cat=p&typeid=i","cat":284328},{"id":209996,"n":"Détachant Gel Vanish  750ml","p":5.97,"u":"7,96 €/L","img":"https://fd3-photos.leclercdrive.fr/image.ashx?id=2878108&use=l&cat=p&typeid=i","cat":284651},{"id":210011,"n":"Détachant poudre Vanish  Blanc - 940g","p":9.93,"u":"10,56 €/KG","img":"https://fd3-photos.leclercdrive.fr/image.ashx?id=2680311&use=l&cat=p&typeid=i","cat":284651},{"id":210012,"n":"Adoucissant concentré Soupline Moments magiques - x52 - 1.2L","p":6.0,"u":"5,00 €/L","img":"https://fd3-photos.leclercdrive.fr/image.ashx?id=2545207&use=l&cat=p&typeid=i","cat":284650},{"id":210014,"n":"Adoucissant concentré Soupline Soin expert - x52 - 1.2L","p":6.83,"u":"5,69 €/L","img":"https://fd3-photos.leclercdrive.fr/image.ashx?id=2545210&use=l&cat=p&typeid=i","cat":284650},{"id":210015,"n":"Nettoyant ménager La Croix Spray - Ultra cuisine - 500ml","p":2.04,"u":"4,08 €/L","img":"https://fd3-photos.leclercdrive.fr/image.ashx?id=2545216&use=l&cat=p&typeid=i","cat":325357},{"id":210024,"n":"Lingettes désinfectantes St  Marc Soleil de Corse - x80","p":2.53,"u":"0,03 €/P","img":"https://fd3-photos.leclercdrive.fr/image.ashx?id=2757440&use=l&cat=p&typeid=i","cat":325358},{"id":210050,"n":"Gel douche Sanex Natural Prebiotic Protection + - 425ml","p":4.3,"u":"10,12 €/L","img":"https://fd3-photos.leclercdrive.fr/image.ashx?id=2757872&use=l&cat=p&typeid=i","cat":284594},{"id":210052,"n":"Pop up Smarties 4x52g","p":3.75,"u":"18,03 €/KG","img":"https://fd3-photos.leclercdrive.fr/image.ashx?id=2557734&use=l&cat=p&typeid=i","cat":285250},{"id":210054,"n":"Calumet Allume Feu x70 pcs","p":2.79,"img":"https://fd3-photos.leclercdrive.fr/image.ashx?id=2659358&use=l&cat=p&typeid=i","cat":300578},{"id":210060,"n":"Yaourt vanille Simplement Bio Les 300 Laitiers Bio -  4x110g","p":1.06,"u":"2,41 €/KG","img":"https://fd3-photos.leclercdrive.fr/image.ashx?id=2629142&use=l&cat=p&typeid=i","cat":286006},{"id":210064,"n":"Friandises pour chien Fido Poulet - 130g","p":2.16,"u":"16,62 €/KG","img":"https://fd3-photos.leclercdrive.fr/image.ashx?id=2561503&use=l&cat=p&typeid=i","cat":294527},{"id":210065,"n":"Friandises pour chat Felix nuggets canard - 180g","p":2.57,"u":"14,28 €/KG","img":"https://fd3-photos.leclercdrive.fr/image.ashx?id=2561509&use=l&cat=p&typeid=i","cat":285285},{"id":210066,"n":"Friandise pour chat Felix Tasty Saumon truite - 180g","p":3.3,"u":"18,33 €/KG","img":"https://fd3-photos.leclercdrive.fr/image.ashx?id=2561512&use=l&cat=p&typeid=i","cat":285285},{"id":210067,"n":"Riz Lustucru 900g","p":2.38,"u":"2,64 €/KG","img":"https://fd3-photos.leclercdrive.fr/image.ashx?id=2963742&use=l&cat=p&typeid=i","cat":284428},{"id":210069,"n":"Lait Démaquillant apaisant Mixa Peaux sensibles - 200ml","p":3.18,"u":"15,90 €/L","img":"https://fd3-photos.leclercdrive.fr/image.ashx?id=2546632&use=l&cat=p&typeid=i","cat":284603},{"id":210076,"n":"Gel douche Tahiti Coco & Huile de coco - 250ml","p":2.17,"u":"8,68 €/L","img":"https://fd3-photos.leclercdrive.fr/image.ashx?id=2545897&use=l&cat=p&typeid=i","cat":284594},{"id":210078,"n":"Les Effilochés Gourmet Gold En sauce - 12x85g","p":7.23,"u":"7,09 €/KG","img":"https://fd3-photos.leclercdrive.fr/image.ashx?id=2861809&use=l&cat=p&typeid=i","cat":285286},{"id":210103,"n":"Crevettes Cocktail ASC Costa  270g","p":9.57,"u":"35,44 €/KG","img":"https://fd3-photos.leclercdrive.fr/image.ashx?id=2546722&use=l&cat=p&typeid=i","cat":319787},{"id":210120,"n":"Thé glacé Lipton Ice Tea Pastèque menthe - 1.25L","p":1.66,"u":"1,33 €/L","img":"https://fd3-photos.leclercdrive.fr/image.ashx?id=2731591&use=l&cat=p&typeid=i","cat":295019},{"id":210127,"n":"Gel douche Sanex Natural Prebiotic Hydratant - 425ml","p":3.9,"u":"9,18 €/L","img":"https://fd3-photos.leclercdrive.fr/image.ashx?id=2757869&use=l&cat=p&typeid=i","cat":284594},{"id":210132,"n":"Dentifrice Colgate Max White Ultra Perles de fraîcheur 75ml","p":4.67,"u":"62,27 €/L","img":"https://fd3-photos.leclercdrive.fr/image.ashx?id=2738455&use=l&cat=p&typeid=i","cat":284612},{"id":210142,"n":"Soin nuit repulpant So'Bio Etic Bio - 50ml","p":9.87,"u":"197,40 €/L","img":"https://fd3-photos.leclercdrive.fr/image.ashx?id=2997013&use=l&cat=p&typeid=i","cat":325345},{"id":210143,"n":"Dentifrice Dentavie Blancheur et détox Bio - 75ml","p":4.73,"u":"63,07 €/L","img":"https://fd3-photos.leclercdrive.fr/image.ashx?id=2545822&use=l&cat=p&typeid=i","cat":284612},{"id":210144,"n":"Nettoyant visage SoBio Etic bio Solide surgras - Aloe vera 70g","p":3.35,"u":"47,86 €/KG","img":"https://fd3-photos.leclercdrive.fr/image.ashx?id=2811251&use=l&cat=p&typeid=i","cat":284603},{"id":210145,"n":"Crème anti-âge So'Bio Etic Eau thermale - 40ml","p":12.48,"u":"312,00 €/L","img":"https://fd3-photos.leclercdrive.fr/image.ashx?id=2735044&use=l&cat=p&typeid=i","cat":325345},{"id":210147,"n":"Baume hydratant bio So'Bio Etic Apaisant - Eau thermale 50ML","p":8.53,"u":"170,60 €/L","img":"https://fd3-photos.leclercdrive.fr/image.ashx?id=2889634&use=l&cat=p&typeid=i","cat":325345},{"id":210168,"n":"Thé noir bio Kusmi Tea Anastasia x20 - 40g","p":5.36,"u":"134,00 €/KG","img":"https://fd3-photos.leclercdrive.fr/image.ashx?id=2841463&use=l&cat=p&typeid=i","cat":293233},{"id":210169,"n":"Infusion fruits Bio Kusmi Tea Aqua Exotica x20 - 40g","p":7.26,"u":"181,50 €/KG","img":"https://fd3-photos.leclercdrive.fr/image.ashx?id=2772176&use=l&cat=p&typeid=i","cat":293234},{"id":210170,"n":"Infusion fruits Bio Kusmi Tea Aqua Summer x20 - 40g","p":5.45,"u":"136,25 €/KG","img":"https://fd3-photos.leclercdrive.fr/image.ashx?id=2552820&use=l&cat=p&typeid=i","cat":293234},{"id":210171,"n":"Infusion fruits Bio Kusmi Tea Aqua Rosa x20 - 40g","p":7.73,"u":"193,25 €/KG","img":"https://fd3-photos.leclercdrive.fr/image.ashx?id=2658953&use=l&cat=p&typeid=i","cat":293234},{"id":210172,"n":"Thé vert Bio Kusmi Tea BB Detox x20 - 40g","p":9.98,"u":"249,50 €/KG","img":"https://fd3-photos.leclercdrive.fr/image.ashx?id=2549020&use=l&cat=p&typeid=i","cat":293233},{"id":210176,"n":"Mélange Detox Bio Kusmi Tea Plantes aromatisées x20 - 40g","p":7.07,"u":"176,75 €/KG","img":"https://fd3-photos.leclercdrive.fr/image.ashx?id=2660071&use=l&cat=p&typeid=i","cat":293233},{"id":210177,"n":"Thé noir Bio Kusmi Tea Earl grey bergamote x20 - 40g","p":6.55,"u":"163,75 €/KG","img":"https://fd3-photos.leclercdrive.fr/image.ashx?id=2658249&use=l&cat=p&typeid=i","cat":293233},{"id":210178,"n":"Thé noir Bio Kusmi Tea Earl grey intense x20 - 40g","p":6.59,"u":"164,75 €/KG","img":"https://fd3-photos.leclercdrive.fr/image.ashx?id=2660074&use=l&cat=p&typeid=i","cat":293233},{"id":210179,"n":"Mélange thés noirs Kusmi Tea English Breakfast Bio x20 - 40g","p":6.59,"u":"164,75 €/KG","img":"https://fd3-photos.leclercdrive.fr/image.ashx?id=2658950&use=l&cat=p&typeid=i","cat":293233},{"id":210182,"n":"Infusion sans théine Kusmi Tea Feel Zen Bio x20 - 40g","p":6.5,"u":"162,50 €/KG","img":"https://fd3-photos.leclercdrive.fr/image.ashx?id=2658935&use=l&cat=p&typeid=i","cat":293234},{"id":210186,"n":"Thé noir Bio Kusmi Tea Sweet Love x20 - 40g","p":7.49,"u":"187,25 €/KG","img":"https://fd3-photos.leclercdrive.fr/image.ashx?id=2552829&use=l&cat=p&typeid=i","cat":293233},{"id":210187,"n":"Mélange thés noirs Kusmi Tea Thé du matin N°24 Bio x20 - 40g","p":4.57,"u":"114,25 €/KG","img":"https://fd3-photos.leclercdrive.fr/image.ashx?id=2658941&use=l&cat=p&typeid=i","cat":293233},{"id":210196,"n":"Thé noir agrumes Bio Kusmi Tea Prince Wladimir x20 - 40g","p":5.94,"u":"148,50 €/KG","img":"https://fd3-photos.leclercdrive.fr/image.ashx?id=2660077&use=l&cat=p&typeid=i","cat":293233},{"id":210197,"n":"Infusion sans théine Kusmi Tea Rooibos amande Bio x20 - 40g","p":6.47,"u":"161,75 €/KG","img":"https://fd3-photos.leclercdrive.fr/image.ashx?id=2772179&use=l&cat=p&typeid=i","cat":293234},{"id":210199,"n":"Thé noir Bio Kusmi Tea Quatre fruits rouges x20 - 40g","p":6.47,"u":"161,75 €/KG","img":"https://fd3-photos.leclercdrive.fr/image.ashx?id=2658956&use=l&cat=p&typeid=i","cat":293233},{"id":210200,"n":"Thé vert Bio Kusmi Tea Amande x20 - 40g","p":4.57,"u":"114,25 €/KG","img":"https://fd3-photos.leclercdrive.fr/image.ashx?id=2552832&use=l&cat=p&typeid=i","cat":293233},{"id":210202,"n":"Thé vert Bio Kusmi Tea Gingembre citron x20 - 40g","p":6.57,"u":"164,25 €/KG","img":"https://fd3-photos.leclercdrive.fr/image.ashx?id=2658959&use=l&cat=p&typeid=i","cat":293233},{"id":210203,"n":"Thé vert Bio Kusmi Tea Jasmin x20 - 40g","p":6.53,"u":"163,25 €/KG","img":"https://fd3-photos.leclercdrive.fr/image.ashx?id=2658944&use=l&cat=p&typeid=i","cat":293233},{"id":210204,"n":"Thé vert Bio Kusmi Tea Menthe x20 - 40g","p":6.6,"u":"165,00 €/KG","img":"https://fd3-photos.leclercdrive.fr/image.ashx?id=2658947&use=l&cat=p&typeid=i","cat":293233},{"id":210208,"n":"Brossettes Oral-B Pro Sensitive Clean - x4","p":22.53,"u":"5,63 €/P","img":"https://fd3-photos.leclercdrive.fr/image.ashx?id=2737552&use=l&cat=p&typeid=i","cat":297133},{"id":210221,"n":"Pain aux céréales  Chaque jour sans gluten - 300g","p":2.96,"u":"9,87 €/KG","img":"https://fd3-photos.leclercdrive.fr/image.ashx?id=2545708&use=l&cat=p&typeid=i","cat":284477},{"id":210232,"n":"Mon kit d'épilation Wilkinson Corps - x1","p":12.55,"img":"https://fd3-photos.leclercdrive.fr/image.ashx?id=2561317&use=l&cat=p&typeid=i","cat":325351},{"id":210235,"n":"Serviettes Tena Discreet Extra - x10","p":3.93,"u":"0,39 €/P","img":"https://fd3-photos.leclercdrive.fr/image.ashx?id=2597244&use=l&cat=p&typeid=i","cat":284628},{"id":210236,"n":"Bière blanche Leffe  5,7% - 6x25cl","p":5.75,"u":"3,83 €/L","img":"https://fd3-photos.leclercdrive.fr/image.ashx?id=2546764&use=l&cat=p&typeid=i","cat":334878},{"id":210273,"n":"Ampoules LED Flamme Philips E14 40W Blanc froid x2","p":11.77,"u":"Dont 0,24 € d'éco-part.","img":"https://fd3-photos.leclercdrive.fr/image.ashx?id=2546235&use=l&cat=p&typeid=i","cat":300573},{"id":210277,"n":"Brosse à dents électrique Oral-B Vitality Pro - Noir","p":29.81,"img":"https://fd3-photos.leclercdrive.fr/image.ashx?id=2652152&use=l&cat=p&typeid=i","cat":297133},{"id":210316,"n":"Cuisses de poulet jaune  Douce France - 1,5kg","p":5.37,"u":"3,58 €/KG","img":"https://fd3-photos.leclercdrive.fr/image.ashx?id=2546560&use=l&cat=p&typeid=i","cat":284336},{"id":210322,"n":"Chair de crabe Nautilus 105g","p":3.26,"u":"31,05 €/KG","img":"https://fd3-photos.leclercdrive.fr/image.ashx?id=2733619&use=l&cat=p&typeid=i","cat":305147},{"id":210490,"n":"Dessert liégeois Viennois  Caramel - 4x100g","p":1.86,"u":"4,65 €/KG","img":"https://fd3-photos.leclercdrive.fr/image.ashx?id=2686531&use=l&cat=p&typeid=i","cat":285042},{"id":210518,"n":"Culotte Menstruelle noire Feel nature - T36/38","p":13.08,"pp":7.85,"img":"https://fd3-photos.leclercdrive.fr/image.ashx?id=2795219&use=l&cat=p&typeid=i","cat":284624},{"id":210611,"n":"Pomelos à jus  Panier du Primeur Sachet 1.5kg","p":3.49,"u":"2,33 €/KG","img":"https://fd3-photos.leclercdrive.fr/image.ashx?id=2994713&use=l&cat=p&typeid=i","cat":284356},{"id":210703,"n":"Terrine Tous mes amis Volaille carottes - 1.2kg","p":1.95,"u":"1,63 €/KG","img":"https://fd3-photos.leclercdrive.fr/image.ashx?id=2815758&use=l&cat=p&typeid=i","cat":288578},{"id":210705,"n":"Dragées chocolatées M&M's Cacahuètes - 250g","p":3.09,"u":"12,36 €/KG","img":"https://fd3-photos.leclercdrive.fr/image.ashx?id=3003393&use=l&cat=p&typeid=i","cat":304238},{"id":210708,"n":"Coulis Sainte Lucie Fruits rouges  - 110g","p":3.07,"u":"27,91 €/KG","img":"https://fd3-photos.leclercdrive.fr/image.ashx?id=2551093&use=l&cat=p&typeid=i","cat":284504},{"id":210717,"n":"Boulettes de boeuf Eco+ 1.2kg","p":1.54,"img":"https://fd3-photos.leclercdrive.fr/image.ashx?id=2815740&use=l&cat=p&typeid=i","cat":288578},{"id":210727,"n":"Poivre noir Ducros Bresil - 32g","p":2.47,"u":"77,19 €/KG","img":"https://fd3-photos.leclercdrive.fr/image.ashx?id=2552580&use=l&cat=p&typeid=i","cat":284457},{"id":210771,"n":"Crème glaçée Erhard Coco Cacao - 450g","p":4.33,"u":"9,62 €/KG","img":"https://fd3-photos.leclercdrive.fr/image.ashx?id=2552751&use=l&cat=p&typeid=i","cat":284263},{"id":210803,"n":"Adoucissant Hyperdou Douceur de pêche - 1.9L - x27","p":2.42,"u":"1,27 €/L","img":"https://fd3-photos.leclercdrive.fr/image.ashx?id=2974834&use=l&cat=p&typeid=i","cat":284650},{"id":210804,"n":"Adoucissant Hyperdou Rêve de fraîcheur - 1.9L - x27","p":2.15,"u":"1,13 €/L","img":"https://fd3-photos.leclercdrive.fr/image.ashx?id=2958762&use=l&cat=p&typeid=i","cat":284650},{"id":210806,"n":"Adoucissant Hyperdou Senstive - 1.9L - x27","p":2.38,"u":"1,25 €/L","img":"https://fd3-photos.leclercdrive.fr/image.ashx?id=2974843&use=l&cat=p&typeid=i","cat":284650},{"id":210821,"n":"Pommes rissolées Findus 590g","p":1.85,"u":"3,14 €/KG","img":"https://fd3-photos.leclercdrive.fr/image.ashx?id=2790099&use=l&cat=p&typeid=i","cat":319792},{"id":210823,"n":"Pommes noisette Findus 500g","p":2.13,"u":"4,26 €/KG","img":"https://fd3-photos.leclercdrive.fr/image.ashx?id=2865866&use=l&cat=p&typeid=i","cat":319792},{"id":210824,"n":"Pommes noisette Findus 900g","p":3.7,"u":"4,11 €/KG","img":"https://fd3-photos.leclercdrive.fr/image.ashx?id=2899500&use=l&cat=p&typeid=i","cat":319792},{"id":210827,"n":"Adoucissant Hyperdou Plaisir de vanille - 1.9L - x27","p":1.99,"u":"1,05 €/L","img":"https://fd3-photos.leclercdrive.fr/image.ashx?id=2974837&use=l&cat=p&typeid=i","cat":284650},{"id":210946,"n":"Margarine Planta Fin  Demi-sel 100% végétal - 450g","p":2.87,"u":"6,38 €/KG","img":"https://fd3-photos.leclercdrive.fr/image.ashx?id=2989474&use=l&cat=p&typeid=i","cat":315229},{"id":210948,"n":"Margarine Planta Fin Doux 100% végétal - 450g","p":2.49,"u":"5,53 €/KG","img":"https://fd3-photos.leclercdrive.fr/image.ashx?id=2989477&use=l&cat=p&typeid=i","cat":315229},{"id":210951,"n":"Mousse au chocolat Eco+ 4x60g","p":0.84,"u":"3,50 €/KG","img":"https://fd3-photos.leclercdrive.fr/image.ashx?id=2552493&use=l&cat=p&typeid=i","cat":284417},{"id":210952,"n":"Tiramisu Eco+ 2x80g","p":1.12,"u":"7,00 €/KG","img":"https://fd3-photos.leclercdrive.fr/image.ashx?id=2552496&use=l&cat=p&typeid=i","cat":284419},{"id":210956,"n":"Yaourt gourmand Délisse Coco - 2x150g","p":1.09,"u":"3,63 €/KG","img":"https://fd3-photos.leclercdrive.fr/image.ashx?id=2556532&use=l&cat=p&typeid=i","cat":314999},{"id":210960,"n":"Bouchées Tous les Amis 1.2kg","p":2.15,"u":"1,79 €/KG","img":"https://fd3-photos.leclercdrive.fr/image.ashx?id=2552511&use=l&cat=p&typeid=i","cat":288578},{"id":210962,"n":"Emincés en sauce Tous les Amis Assortiment - 6x400g","p":5.28,"u":"2,20 €/KG","img":"https://fd3-photos.leclercdrive.fr/image.ashx?id=2815761&use=l&cat=p&typeid=i","cat":285601},{"id":210963,"n":"Boulettes de bœuf Eco+ 400g","p":0.66,"u":"1,65 €/KG","img":"https://fd3-photos.leclercdrive.fr/image.ashx?id=2815731&use=l&cat=p&typeid=i","cat":285601},{"id":210966,"n":"Repas bébé Babybio +4 mois mes premiers légumes 4x130g","p":4.63,"u":"8,90 €/KG","img":"https://fd3-photos.leclercdrive.fr/image.ashx?id=2832014&use=l&cat=p&typeid=i","cat":312234},{"id":210968,"n":"Tajine de boeuf Fleury Michon 350g","p":3.48,"u":"9,94 €/KG","img":"https://fd3-photos.leclercdrive.fr/image.ashx?id=2656730&use=l&cat=p&typeid=i","cat":333665},{"id":211041,"n":"Fromage à tartiner Kiri Délicieusement fouetté - 210g","p":3.61,"u":"17,19 €/KG","img":"https://fd3-photos.leclercdrive.fr/image.ashx?id=2686594&use=l&cat=p&typeid=i","cat":314029},{"id":211053,"n":"Isey Skyr Cheesecake Mandarine - 400g","p":3.1,"u":"7,75 €/KG","img":"https://fd3-photos.leclercdrive.fr/image.ashx?id=2553770&use=l&cat=p&typeid=i","cat":315000},{"id":211054,"n":"Croûtons Tipiak Nature - 75g","p":1.46,"u":"19,47 €/KG","img":"https://fd3-photos.leclercdrive.fr/image.ashx?id=2812726&use=l&cat=p&typeid=i","cat":284464},{"id":211065,"n":"AOC Crémant d'Alsace Brut Rosé Bestheim - 75cl","p":7.23,"u":"9,64 €/L","img":"https://fd3-photos.leclercdrive.fr/image.ashx?id=2605535&use=l&cat=p&typeid=i","cat":284544},{"id":211079,"n":"Terrine Tous Mes Amis 3x1.2kg","p":5.85,"u":"1,63 €/KG","img":"https://fd3-photos.leclercdrive.fr/image.ashx?id=2553563&use=l&cat=p&typeid=i","cat":288578},{"id":211083,"n":"Persillade Sainte Lucie 24g","p":2.9,"u":"120,83 €/KG","img":"https://fd3-photos.leclercdrive.fr/image.ashx?id=2974345&use=l&cat=p&typeid=i","cat":298297},{"id":211092,"n":"Hit Cocoa  134g","p":1.05,"u":"7,84 €/KG","img":"https://fd3-photos.leclercdrive.fr/image.ashx?id=2554406&use=l&cat=p&typeid=i","cat":284488},{"id":211095,"n":"Dessert végétal Alpro Fraise - 500g","p":2.08,"u":"4,16 €/KG","img":"https://fd3-photos.leclercdrive.fr/image.ashx?id=2976071&use=l&cat=p&typeid=i","cat":316071},{"id":211098,"n":"Emincée Tous Mes Amis Poissons - 4x400g","p":4.02,"u":"2,51 €/KG","img":"https://fd3-photos.leclercdrive.fr/image.ashx?id=2815764&use=l&cat=p&typeid=i","cat":285601},{"id":211103,"n":"Ail des ours Sainte Lucie 9g","p":2.94,"u":"326,67 €/KG","img":"https://fd3-photos.leclercdrive.fr/image.ashx?id=2554091&use=l&cat=p&typeid=i","cat":298297},{"id":211114,"n":"Bigarreaux confits Vahiné Provence - 150g","p":3.28,"u":"21,87 €/KG","img":"https://fd3-photos.leclercdrive.fr/image.ashx?id=2554136&use=l&cat=p&typeid=i","cat":284504},{"id":211127,"n":"Pignons de pin Vahiné  150g","p":10.77,"u":"71,80 €/KG","img":"https://fd3-photos.leclercdrive.fr/image.ashx?id=2554142&use=l&cat=p&typeid=i","cat":284357},{"id":211178,"n":"Papier cuisson Alfapac Rouleau 12m","p":2.68,"img":"https://fd3-photos.leclercdrive.fr/image.ashx?id=2887737&use=l&cat=p&typeid=i","cat":334134},{"id":211200,"n":"Shampooing Head & Shoulders DermaxPro revitalisant - 225ml","p":5.32,"u":"23,64 €/L","img":"https://fd3-photos.leclercdrive.fr/image.ashx?id=2685411&use=l&cat=p&typeid=i","cat":284606},{"id":211223,"n":"Piment d'Espelette Ducros et origan - 25g","p":9.47,"u":"378,80 €/KG","img":"https://fd3-photos.leclercdrive.fr/image.ashx?id=2555340&use=l&cat=p&typeid=i","cat":298297},{"id":211225,"n":"Poivre blanc Ducros Grains 100g","p":3.87,"u":"38,70 €/KG","img":"https://fd3-photos.leclercdrive.fr/image.ashx?id=2555334&use=l&cat=p&typeid=i","cat":284457},{"id":211228,"n":"Pralines concassées Vahiné 100g","p":2.07,"u":"20,70 €/KG","img":"https://fd3-photos.leclercdrive.fr/image.ashx?id=2569434&use=l&cat=p&typeid=i","cat":284504},{"id":211229,"n":"Pépites chocolat corsé Vahiné 100g","p":3.13,"u":"31,30 €/KG","img":"https://fd3-photos.leclercdrive.fr/image.ashx?id=2555403&use=l&cat=p&typeid=i","cat":284504},{"id":211242,"n":"Dosettes café Senseo Vanille x32","p":5.98,"u":"26,94 €/KG","img":"https://fd3-photos.leclercdrive.fr/image.ashx?id=2893129&use=l&cat=p&typeid=i","cat":293238},{"id":211257,"n":"Cheesecake Philadelphia 2x80g","p":2.76,"u":"17,25 €/KG","img":"https://fd3-photos.leclercdrive.fr/image.ashx?id=2577239&use=l&cat=p&typeid=i","cat":284419},{"id":211300,"n":"Chips ancienne nature Lay's Sel maxi format  - 365g","p":3.58,"u":"9,81 €/KG","img":"https://fd3-photos.leclercdrive.fr/image.ashx?id=2996602&use=l&cat=p&typeid=i","cat":284447},{"id":211302,"n":"Chips paysanne nature Lay's Sel maxi format  - 365g","p":3.27,"u":"8,96 €/KG","img":"https://fd3-photos.leclercdrive.fr/image.ashx?id=2818605&use=l&cat=p&typeid=i","cat":284447},{"id":211315,"n":"Coupelles dessert gaufrettes 3 Toques -  x6 - 78g","p":1.35,"u":"17,31 €/KG","img":"https://fd3-photos.leclercdrive.fr/image.ashx?id=2555322&use=l&cat=p&typeid=i","cat":284487},{"id":211316,"n":"Mini coupelles dessert  Gaufrettes x12 - 3 Toques 60g","p":1.77,"u":"29,50 €/KG","img":"https://fd3-photos.leclercdrive.fr/image.ashx?id=2555325&use=l&cat=p&typeid=i","cat":284487},{"id":211397,"n":"Cacahuetes caramélisées Tokapi Salé - 150g","p":1.4,"u":"9,33 €/KG","img":"https://fd3-photos.leclercdrive.fr/image.ashx?id=2793329&use=l&cat=p&typeid=i","cat":284448},{"id":211398,"n":"Amandes  Tokapi 200g","p":2.78,"u":"13,90 €/KG","img":"https://fd3-photos.leclercdrive.fr/image.ashx?id=2793326&use=l&cat=p&typeid=i","cat":284448},{"id":211402,"n":"Melange non salé Tokapi 150g","p":2.3,"u":"15,33 €/KG","img":"https://fd3-photos.leclercdrive.fr/image.ashx?id=2793323&use=l&cat=p&typeid=i","cat":284448},{"id":211403,"n":"Mélange noix fruits secs Tokapi 150g","p":2.16,"u":"14,40 €/KG","img":"https://fd3-photos.leclercdrive.fr/image.ashx?id=2920232&use=l&cat=p&typeid=i","cat":284448},{"id":211406,"n":"Mélange noix nobles Tokapi 100g","p":1.92,"u":"19,20 €/KG","img":"https://fd3-photos.leclercdrive.fr/image.ashx?id=2907473&use=l&cat=p&typeid=i","cat":284448},{"id":211407,"n":"Mélange Tokapi Cajou  cranberries - 150g","p":2.17,"u":"14,47 €/KG","img":"https://fd3-photos.leclercdrive.fr/image.ashx?id=2922524&use=l&cat=p&typeid=i","cat":284448},{"id":211408,"n":"Emilia Lambrusco Rouge - 75cl","p":3.25,"u":"4,33 €/L","img":"https://fd3-photos.leclercdrive.fr/image.ashx?id=2696716&use=l&cat=p&typeid=i","cat":289461},{"id":211409,"n":"AOP Crémant d'Alsace Rebmann Demi sec - 75cl","p":5.95,"u":"7,93 €/L","img":"https://fd3-photos.leclercdrive.fr/image.ashx?id=2874759&use=l&cat=p&typeid=i","cat":284545},{"id":211410,"n":"Curry fort Sainte Lucie 55g","p":2.03,"u":"36,91 €/KG","img":"https://fd3-photos.leclercdrive.fr/image.ashx?id=2556102&use=l&cat=p&typeid=i","cat":298297},{"id":211411,"n":"Noix de muscade Sainte Lucie 18g","p":3.2,"u":"177,78 €/KG","img":"https://fd3-photos.leclercdrive.fr/image.ashx?id=2975176&use=l&cat=p&typeid=i","cat":298297},{"id":211412,"n":"Gommes acacia Confiseo Citron miel - 250g","p":1.89,"u":"7,56 €/KG","img":"https://fd3-photos.leclercdrive.fr/image.ashx?id=2934772&use=l&cat=p&typeid=i","cat":304250},{"id":211413,"n":"Céréales Kit Kat 330g","p":2.79,"u":"8,45 €/KG","img":"https://fd3-photos.leclercdrive.fr/image.ashx?id=2989453&use=l&cat=p&typeid=i","cat":309513},{"id":211414,"n":"Céréales Miel Pops Kellogg's 330g","p":2.27,"u":"6,88 €/KG","img":"https://fd3-photos.leclercdrive.fr/image.ashx?id=3003423&use=l&cat=p&typeid=i","cat":309513},{"id":211426,"n":"Pain burger Eco+ Nature x6 - 330g","p":0.89,"u":"2,70 €/KG","img":"https://fd3-photos.leclercdrive.fr/image.ashx?id=2854195&use=l&cat=p&typeid=i","cat":325067},{"id":211427,"n":"Pain burger Epi d'Or Nature x6 - 330g","p":0.94,"u":"2,85 €/KG","img":"https://fd3-photos.leclercdrive.fr/image.ashx?id=2807303&use=l&cat=p&typeid=i","cat":325067},{"id":211431,"n":"Oignon Ducros 9g","p":2.37,"u":"263,33 €/KG","img":"https://fd3-photos.leclercdrive.fr/image.ashx?id=2557332&use=l&cat=p&typeid=i","cat":298297},{"id":211432,"n":"Court bouillon Maggi Legumes et vin blanc 150g","p":1.47,"u":"9,80 €/KG","img":"https://fd3-photos.leclercdrive.fr/image.ashx?id=2557740&use=l&cat=p&typeid=i","cat":288379},{"id":211434,"n":"Tonifiant sexuel Vitavea Gingembre ginseng  15g","p":7.31,"u":"0,24 €/P","img":"https://fd3-photos.leclercdrive.fr/image.ashx?id=2651131&use=l&cat=p&typeid=i","cat":313217},{"id":211436,"n":"Weetabix crispy  Minis choco - 500g","p":3.91,"u":"7,82 €/KG","img":"https://fd3-photos.leclercdrive.fr/image.ashx?id=2971311&use=l&cat=p&typeid=i","cat":309512},{"id":211437,"n":"Céréales Kellogg's Rice Krispies - 360g","p":2.74,"u":"7,61 €/KG","img":"https://fd3-photos.leclercdrive.fr/image.ashx?id=3003420&use=l&cat=p&typeid=i","cat":309513},{"id":211470,"n":"Dentifrice Signal Professionnel Action Sensibilité Complet 75ml","p":3.1,"u":"41,33 €/L","img":"https://fd3-photos.leclercdrive.fr/image.ashx?id=2961326&use=l&cat=p&typeid=i","cat":284612},{"id":211479,"n":"Pâte feuilletée Croustipate Au beurre & farine - 230g","p":1.69,"u":"7,35 €/KG","img":"https://fd3-photos.leclercdrive.fr/image.ashx?id=2875078&use=l&cat=p&typeid=i","cat":333681},{"id":211481,"n":"Biscottes Pasquier Sans sel et sucre ajoutés - 300","p":1.48,"u":"4,93 €/KG","img":"https://fd3-photos.leclercdrive.fr/image.ashx?id=2899407&use=l&cat=p&typeid=i","cat":284479},{"id":211490,"n":"Artichauts Ponti 280g","p":3.07,"u":"10,96 €/KG","img":"https://fd3-photos.leclercdrive.fr/image.ashx?id=2556741&use=l&cat=p&typeid=i","cat":312611},{"id":211512,"n":"Dentifrice Blancheur Signal White Now Original 75ml","p":2.4,"u":"32,00 €/L","img":"https://fd3-photos.leclercdrive.fr/image.ashx?id=2832590&use=l&cat=p&typeid=i","cat":284612},{"id":211514,"n":"Déodorant bille Rexona Men Cobalt 72h - 50ml","p":2.61,"u":"52,20 €/L","img":"https://fd3-photos.leclercdrive.fr/image.ashx?id=2849662&use=l&cat=p&typeid=i","cat":284618},{"id":211520,"n":"Dentifrice Signal Professionnel Sensibilité Gencives 75ml","p":3.22,"u":"42,93 €/L","img":"https://fd3-photos.leclercdrive.fr/image.ashx?id=2961329&use=l&cat=p&typeid=i","cat":284612},{"id":211522,"n":"Dentifrice Signal Professionnel Sensibilité Blancheur 75ml","p":2.92,"u":"38,93 €/L","img":"https://fd3-photos.leclercdrive.fr/image.ashx?id=2961332&use=l&cat=p&typeid=i","cat":284612},{"id":211525,"n":"Lessive tablettes Persil Bouquet de Provence - x32","p":6.18,"u":"6,44 €/KG","img":"https://fd3-photos.leclercdrive.fr/image.ashx?id=2557809&use=l&cat=p&typeid=i","cat":284641},{"id":211527,"n":"Dentifrice Blancheur Signal White Now Super Pure 75ml","p":3.97,"u":"52,93 €/L","img":"https://fd3-photos.leclercdrive.fr/image.ashx?id=2770190&use=l&cat=p&typeid=i","cat":284612},{"id":211537,"n":"Céréales Miel Pops Loops Kellogg's 330g","p":2.63,"u":"7,97 €/KG","img":"https://fd3-photos.leclercdrive.fr/image.ashx?id=2561353&use=l&cat=p&typeid=i","cat":309513},{"id":211550,"n":"Sel Regénérant Sun Lave Vaisselle Standard 1Kg","p":1.08,"u":"1,08 €/KG","img":"https://fd3-photos.leclercdrive.fr/image.ashx?id=2729434&use=l&cat=p&typeid=i","cat":284657},{"id":211555,"n":"Sun Capsules Lave-Vaisselle Tout en 1 Absolu Brillance x28","p":7.65,"u":"18,21 €/KG","img":"https://fd3-photos.leclercdrive.fr/image.ashx?id=2961350&use=l&cat=p&typeid=i","cat":284656},{"id":211556,"n":"Sun Capsules Lave-Vaisselle Tout en1 Absolu Dégraissant x28","p":7.9,"u":"18,81 €/KG","img":"https://fd3-photos.leclercdrive.fr/image.ashx?id=2961353&use=l&cat=p&typeid=i","cat":284656},{"id":211558,"n":"Sun Capsules Lave-Vaisselle Tout en 1 Absolu Protection x28","p":10.08,"u":"24,00 €/KG","img":"https://fd3-photos.leclercdrive.fr/image.ashx?id=2773934&use=l&cat=p&typeid=i","cat":284656},{"id":211561,"n":"Déodorant Spray Dove Anti- Transpirant Invisible Dry 100ml","p":3.14,"u":"31,40 €/L","img":"https://fd3-photos.leclercdrive.fr/image.ashx?id=2905711&use=l&cat=p&typeid=i","cat":284595},{"id":211563,"n":"Déodorant Spray Dove Anti- Transpirant Invisible Dry 200ml","p":2.99,"u":"14,95 €/L","img":"https://fd3-photos.leclercdrive.fr/image.ashx?id=2877244&use=l&cat=p&typeid=i","cat":284595},{"id":211564,"n":"Adoucissant concentré Soupline Coco fleurs blanches - 1.28L","p":7.03,"u":"5,49 €/L","img":"https://fd3-photos.leclercdrive.fr/image.ashx?id=2832566&use=l&cat=p&typeid=i","cat":284650},{"id":211573,"n":"Déodorant Spray Dove Anti- Transpirant Original 200ml","p":3.18,"u":"15,90 €/L","img":"https://fd3-photos.leclercdrive.fr/image.ashx?id=2878486&use=l&cat=p&typeid=i","cat":284595},{"id":211578,"n":"Déodorant bille Rexona Invisible aqua 72h - 50ml","p":2.69,"u":"53,80 €/L","img":"https://fd3-photos.leclercdrive.fr/image.ashx?id=2849674&use=l&cat=p&typeid=i","cat":284595},{"id":211584,"n":"Déodorant spray homme Axe Aqua bergamot - 150ml","p":3.93,"u":"26,20 €/L","img":"https://fd3-photos.leclercdrive.fr/image.ashx?id=3004453&use=l&cat=p&typeid=i","cat":284618},{"id":211585,"n":"Déodorant bille homme Axe Dark temptation - 50ml","p":3.63,"u":"72,60 €/L","img":"https://fd3-photos.leclercdrive.fr/image.ashx?id=2971897&use=l&cat=p&typeid=i","cat":284618},{"id":211589,"n":"Coulis de tomate Alro Basilic - 680g","p":2.31,"u":"3,40 €/KG","img":"https://fd3-photos.leclercdrive.fr/image.ashx?id=2994542&use=l&cat=p&typeid=i","cat":289010},{"id":211597,"n":"Yaourt brassé Gervais Stracciatella - 4x115g","p":2.96,"u":"6,43 €/KG","img":"https://fd3-photos.leclercdrive.fr/image.ashx?id=2831678&use=l&cat=p&typeid=i","cat":314999},{"id":211598,"n":"Yaourt protéiné Hipro Stracciatella 0%mg - 2x160g","p":2.37,"u":"7,41 €/KG","img":"https://fd3-photos.leclercdrive.fr/image.ashx?id=2807438&use=l&cat=p&typeid=i","cat":315000},{"id":211611,"n":"Fonds tarte flambée Schneider x4 - 440g","p":2.97,"u":"6,75 €/KG","img":"https://fd3-photos.leclercdrive.fr/image.ashx?id=2961978&use=l&cat=p&typeid=i","cat":333681},{"id":211629,"n":"Fromage à tartiner Labné  Président - 250g","p":2.48,"u":"9,92 €/KG","img":"https://fd3-photos.leclercdrive.fr/image.ashx?id=2889397&use=l&cat=p&typeid=i","cat":314029},{"id":211631,"n":"Desserts Lactés P'TIT BRASSE   Abricot vanille -6m+ - 4x90g","p":2.05,"u":"5,69 €/KG","img":"https://fd3-photos.leclercdrive.fr/image.ashx?id=2600072&use=l&cat=p&typeid=i","cat":312392},{"id":211632,"n":"Desserts Lactés P'TIT ONCTUEUX Nature 6M+ - 8x90g","p":4.21,"u":"5,85 €/KG","img":"https://fd3-photos.leclercdrive.fr/image.ashx?id=2559161&use=l&cat=p&typeid=i","cat":312392},{"id":211637,"n":"Tortellini à poêler Lustucru Poulet crème - 300g","p":2.61,"u":"8,70 €/KG","img":"https://fd3-photos.leclercdrive.fr/image.ashx?id=2792417&use=l&cat=p&typeid=i","cat":333682},{"id":211657,"n":"Moutarde Douce Alsace Alélor  Fine et onctueuse 175g","p":1.52,"u":"8,69 €/KG","img":"https://fd3-photos.leclercdrive.fr/image.ashx?id=2559553&use=l&cat=p&typeid=i","cat":288850},{"id":211658,"n":"Moutarde de Dijon Alélor Forte et puissante - 175g","p":1.57,"u":"8,97 €/KG","img":"https://fd3-photos.leclercdrive.fr/image.ashx?id=2559556&use=l&cat=p&typeid=i","cat":288850},{"id":211664,"n":"Eau plate minérale naturelle  Velleminfroy - 6x1L","p":2.6,"u":"0,43 €/L","img":"https://fd3-photos.leclercdrive.fr/image.ashx?id=2787506&use=l&cat=p&typeid=i","cat":284535},{"id":211665,"n":"Eau gazeuse minérale naturelle Velleminfroy - 6x1L","p":2.8,"u":"0,47 €/L","img":"https://fd3-photos.leclercdrive.fr/image.ashx?id=2560176&use=l&cat=p&typeid=i","cat":284536},{"id":211666,"n":"AOC Pinot blanc  Henri Ehrhart - 75cl","p":5.52,"u":"7,36 €/L","img":"https://fd3-photos.leclercdrive.fr/image.ashx?id=2985156&use=l&cat=p&typeid=i","cat":289557},{"id":211709,"n":"Coupe glacée Saporit Mangue vanille fraise x2 - 180g","p":3.38,"u":"18,78 €/KG","img":"https://fd3-photos.leclercdrive.fr/image.ashx?id=2559610&use=l&cat=p&typeid=i","cat":284266},{"id":211723,"n":"Gel douche Adidas Active Skin & Mind- Deep Care - 250ml","p":2.71,"u":"10,84 €/L","img":"https://fd3-photos.leclercdrive.fr/image.ashx?id=2990778&use=l&cat=p&typeid=i","cat":284594},{"id":211764,"n":"Chorizo César Moroni -30% MG - 200g","p":3.07,"u":"15,35 €/KG","img":"https://fd3-photos.leclercdrive.fr/image.ashx?id=2560122&use=l&cat=p&typeid=i","cat":316006},{"id":211768,"n":"Tapas lomo César Moroni 18 tranches - 80g","p":2.59,"u":"32,38 €/KG","img":"https://fd3-photos.leclercdrive.fr/image.ashx?id=2560131&use=l&cat=p&typeid=i","cat":316007},{"id":211808,"n":"Olives Noires Confites Tramier  Dénoyautées 150g","p":1.95,"u":"13,00 €/KG","img":"https://fd3-photos.leclercdrive.fr/image.ashx?id=2840829&use=l&cat=p&typeid=i","cat":284450},{"id":211827,"n":"Céréales bébé BABIVANILLE Vanille 10M+ - 400g","p":3.51,"u":"8,78 €/KG","img":"https://fd3-photos.leclercdrive.fr/image.ashx?id=2562651&use=l&cat=p&typeid=i","cat":312225},{"id":211833,"n":"Sirop Oasis  Passion Abricot - 60cl","p":3.49,"u":"5,82 €/L","img":"https://fd3-photos.leclercdrive.fr/image.ashx?id=2562405&use=l&cat=p&typeid=i","cat":295020},{"id":211835,"n":"Sirop Oasis  Fraise Cassis - 60cl","p":2.87,"u":"4,78 €/L","img":"https://fd3-photos.leclercdrive.fr/image.ashx?id=2562408&use=l&cat=p&typeid=i","cat":295020},{"id":211836,"n":"Sirop Oasis  Ananas Pêche- 60cl","p":2.81,"u":"4,68 €/L","img":"https://fd3-photos.leclercdrive.fr/image.ashx?id=2562420&use=l&cat=p&typeid=i","cat":295020},{"id":211837,"n":"Sirop Oasis  Mûre Framboise- 60cl","p":3.63,"u":"6,05 €/L","img":"https://fd3-photos.leclercdrive.fr/image.ashx?id=2562417&use=l&cat=p&typeid=i","cat":295020},{"id":211838,"n":"Sirop Oasis  Agrumes - 60cl","p":3.01,"u":"5,02 €/L","img":"https://fd3-photos.leclercdrive.fr/image.ashx?id=2562414&use=l&cat=p&typeid=i","cat":295020},{"id":211844,"n":"Pur jus Tropicana Orange sans pulpe - 4x1,5L","p":13.5,"pp":10.12,"u":"1,69 €/L","img":"https://fd3-photos.leclercdrive.fr/image.ashx?id=2562546&use=l&cat=p&typeid=i","cat":284521},{"id":211856,"n":"Biscuits Petits Chocos Bonne maman - 250g","p":2.47,"u":"9,88 €/KG","img":"https://fd3-photos.leclercdrive.fr/image.ashx?id=2949997&use=l&cat=p&typeid=i","cat":284488},{"id":211866,"n":"Nouilles de blé Tien Shan Curry - 2x85g+85g offerts","p":1.68,"u":"6,59 €/KG","img":"https://fd3-photos.leclercdrive.fr/image.ashx?id=2562441&use=l&cat=p&typeid=i","cat":288992},{"id":211867,"n":"Nouilles de blé Tien Shan Boeuf - 2x85g+85g offerts","p":1.78,"u":"6,98 €/KG","img":"https://fd3-photos.leclercdrive.fr/image.ashx?id=2562444&use=l&cat=p&typeid=i","cat":288992},{"id":211896,"n":"Miel de France Lune de Miel 250g","p":3.95,"u":"15,80 €/KG","img":"https://fd3-photos.leclercdrive.fr/image.ashx?id=2944687&use=l&cat=p&typeid=i","cat":287643},{"id":211954,"n":"Café en grains Gusto Italiano Mövenpick - 1kg","p":14.95,"u":"14,95 €/KG","img":"https://fd3-photos.leclercdrive.fr/image.ashx?id=2563946&use=l&cat=p&typeid=i","cat":293237},{"id":211956,"n":"Pâtes d'Alsace aux oeufs Papillons Grand Mère - 250g","p":1.17,"u":"4,68 €/KG","img":"https://fd3-photos.leclercdrive.fr/image.ashx?id=2563439&use=l&cat=p&typeid=i","cat":284427},{"id":211961,"n":"Tartines Azyme Heumann Froment nature - x24 - 400g","p":4.11,"u":"10,28 €/KG","img":"https://fd3-photos.leclercdrive.fr/image.ashx?id=2586111&use=l&cat=p&typeid=i","cat":284479},{"id":211965,"n":"Mâche Panier du Primeur 150g","p":1.79,"u":"11,93 €/KG","img":"https://fd3-photos.leclercdrive.fr/image.ashx?id=2960523&use=l&cat=p&typeid=i","cat":284352},{"id":212107,"n":"Brosse à dents Colgate Extra-clean médium - x4","p":1.82,"u":"0,46 €/P","img":"https://fd3-photos.leclercdrive.fr/image.ashx?id=2564309&use=l&cat=p&typeid=i","cat":284614},{"id":212112,"n":"Céréales Frosties Kellogg's  330g","p":2.35,"u":"7,12 €/KG","img":"https://fd3-photos.leclercdrive.fr/image.ashx?id=2565362&use=l&cat=p&typeid=i","cat":309513},{"id":212243,"n":"Pizza Dr. Oetker Rustica Meat suprème - 565g","p":3.81,"u":"6,74 €/KG","img":"https://fd3-photos.leclercdrive.fr/image.ashx?id=2564746&use=l&cat=p&typeid=i","cat":284256},{"id":212248,"n":"Crème glacée La Laitière Chocolat avec copeaux - 490g","p":3.24,"pp":2.27,"u":"4,63 €/KG","img":"https://fd3-photos.leclercdrive.fr/image.ashx?id=3000012&use=l&cat=p&typeid=i","cat":284263},{"id":212274,"n":"Crème de soin DermaXPro Apaise - 145ml","p":4.96,"u":"34,21 €/L","img":"https://fd3-photos.leclercdrive.fr/image.ashx?id=2565425&use=l&cat=p&typeid=i","cat":284608},{"id":212276,"n":"Après-shampooing DermaXPro Répare - 200ml","p":4.75,"u":"23,75 €/L","img":"https://fd3-photos.leclercdrive.fr/image.ashx?id=2565437&use=l&cat=p&typeid=i","cat":284607},{"id":212278,"n":"Shampooing DermaXPro Reparation - 225ml","p":4.79,"u":"21,29 €/L","img":"https://fd3-photos.leclercdrive.fr/image.ashx?id=2565434&use=l&cat=p&typeid=i","cat":284606},{"id":212279,"n":"Boîte de conservation en verre Nutrifresh Ronde 600ml","p":8.0,"img":"https://fd3-photos.leclercdrive.fr/image.ashx?id=2573005&use=l&cat=p&typeid=i","cat":284710},{"id":212287,"n":"Balance de cuisine numérique Nutrifresh","p":20.0,"u":"Dont 0,30 € d'éco-part.","img":"https://fd3-photos.leclercdrive.fr/image.ashx?id=2573315&use=l&cat=p&typeid=i","cat":284710},{"id":212306,"n":"Café en grains Mövenpick Crema Autentico - 1kg","p":14.95,"u":"14,95 €/KG","img":"https://fd3-photos.leclercdrive.fr/image.ashx?id=2945739&use=l&cat=p&typeid=i","cat":293237},{"id":212308,"n":"Café en grains Mövenpick Crema Schümli - 1kg","p":14.95,"u":"14,95 €/KG","img":"https://fd3-photos.leclercdrive.fr/image.ashx?id=2567128&use=l&cat=p&typeid=i","cat":293237},{"id":212309,"n":"Lingettes Dr. Beckmann Anti Décoloration - 2+1 gratuit","p":6.31,"u":"2,10 €/P","img":"https://fd3-photos.leclercdrive.fr/image.ashx?id=2906679&use=l&cat=p&typeid=i","cat":290450},{"id":212326,"n":"Infusions Epices Ethiquable Bio Roobios Afrique du Sud 40g","p":2.58,"u":"64,50 €/KG","img":"https://fd3-photos.leclercdrive.fr/image.ashx?id=2874063&use=l&cat=p&typeid=i","cat":293234},{"id":212337,"n":"Trio de slips Well Essentiel Micro - Nude/Noir/Blanc T36/38","p":9.9,"u":"3,30 €/P","img":"https://fd3-photos.leclercdrive.fr/image.ashx?id=2911963&use=l&cat=p&typeid=i","cat":291524},{"id":212383,"n":"Barres de céréales Spécial K Protein Coco cacao cajou -4x28g","p":3.09,"u":"27,59 €/KG","img":"https://fd3-photos.leclercdrive.fr/image.ashx?id=3011809&use=l&cat=p&typeid=i","cat":300032},{"id":212388,"n":"Trio de slips Well Essentiel Micro - Nude/Noir/Blanc T40/42","p":9.9,"u":"3,30 €/P","img":"https://fd3-photos.leclercdrive.fr/image.ashx?id=2911966&use=l&cat=p&typeid=i","cat":291524},{"id":212389,"n":"Trio de slips Well Essentiel Micro - Nude/Noir/Blanc T44/46","p":9.9,"u":"3,30 €/P","img":"https://fd3-photos.leclercdrive.fr/image.ashx?id=2911969&use=l&cat=p&typeid=i","cat":291524},{"id":212390,"n":"Trio de slips Well Modal Noir - T36/38","p":14.95,"u":"4,98 €/P","img":"https://fd3-photos.leclercdrive.fr/image.ashx?id=2901806&use=l&cat=p&typeid=i","cat":291524},{"id":212391,"n":"Trio de slips Well Modal Noir - T40/42","p":14.95,"u":"4,98 €/P","img":"https://fd3-photos.leclercdrive.fr/image.ashx?id=2901809&use=l&cat=p&typeid=i","cat":291524},{"id":212392,"n":"Trio de slips Well Modal Noir - T44/46","p":14.95,"u":"4,98 €/P","img":"https://fd3-photos.leclercdrive.fr/image.ashx?id=2901812&use=l&cat=p&typeid=i","cat":291524},{"id":212463,"n":"Gel douche Le Petit Marseillais Homme - Orange/Argan - 250ml","p":2.17,"u":"8,68 €/L","img":"https://fd3-photos.leclercdrive.fr/image.ashx?id=2684554&use=l&cat=p&typeid=i","cat":284619},{"id":212465,"n":"Protège-slip Confort Vania Coton Bio - x30","p":2.43,"img":"https://fd3-photos.leclercdrive.fr/image.ashx?id=2735215&use=l&cat=p&typeid=i","cat":284625},{"id":212466,"n":"Protège-slip Protection Vania Long voile Bio - x24","p":2.99,"img":"https://fd3-photos.leclercdrive.fr/image.ashx?id=2735218&use=l&cat=p&typeid=i","cat":284625},{"id":212467,"n":"Protège-slip Protection Vania Large Fresh - x36","p":3.23,"img":"https://fd3-photos.leclercdrive.fr/image.ashx?id=2735233&use=l&cat=p&typeid=i","cat":284625},{"id":212468,"n":"Protège-slips Confort Vania Aloe vera - x56","p":2.32,"img":"https://fd3-photos.leclercdrive.fr/image.ashx?id=2735236&use=l&cat=p&typeid=i","cat":284625},{"id":212469,"n":"Protège-slip Protection Vania Long Fresh - x40","p":2.42,"img":"https://fd3-photos.leclercdrive.fr/image.ashx?id=2735239&use=l&cat=p&typeid=i","cat":284625},{"id":212473,"n":"Liquide de Rinçage Finish  Citron - 800ml","p":5.49,"u":"6,86 €/L","img":"https://fd3-photos.leclercdrive.fr/image.ashx?id=2881966&use=l&cat=p&typeid=i","cat":284657},{"id":212487,"n":"Papier toilette Le Trèfle Maxi douceur - 12+6","p":9.95,"u":"0,55 €/P","img":"https://fd3-photos.leclercdrive.fr/image.ashx?id=2568437&use=l&cat=p&typeid=i","cat":284634},{"id":212508,"n":"Sirop Maison Guiot Fraise Banane - 70cl","p":3.5,"u":"5,00 €/L","img":"https://fd3-photos.leclercdrive.fr/image.ashx?id=2857183&use=l&cat=p&typeid=i","cat":295020},{"id":212530,"n":"Pain nature Gerblé Sans Gluten - 230g","p":2.52,"u":"10,96 €/KG","img":"https://fd3-photos.leclercdrive.fr/image.ashx?id=2662853&use=l&cat=p&typeid=i","cat":325069},{"id":212537,"n":"Amandes grillées Seeberger 400g","p":10.38,"u":"25,95 €/KG","img":"https://fd3-photos.leclercdrive.fr/image.ashx?id=2567420&use=l&cat=p&typeid=i","cat":284448},{"id":212538,"n":"Noix de cajou Seeberger Grillées - 400g","p":8.02,"u":"20,05 €/KG","img":"https://fd3-photos.leclercdrive.fr/image.ashx?id=2567423&use=l&cat=p&typeid=i","cat":284448},{"id":212582,"n":"Blanquette de poulet Côté Table 300g","p":2.79,"u":"9,30 €/KG","img":"https://fd3-photos.leclercdrive.fr/image.ashx?id=2764146&use=l&cat=p&typeid=i","cat":333665},{"id":212583,"n":"Saucisse de Toulouse purée Côté Table - 290g","p":2.99,"u":"10,31 €/KG","img":"https://fd3-photos.leclercdrive.fr/image.ashx?id=2567613&use=l&cat=p&typeid=i","cat":333665},{"id":212584,"n":"Penne au saumon Côté Table 280g","p":2.68,"u":"9,57 €/KG","img":"https://fd3-photos.leclercdrive.fr/image.ashx?id=2794761&use=l&cat=p&typeid=i","cat":333665},{"id":212585,"n":"Parmentier de canard Côté Table 320g","p":3.29,"u":"10,28 €/KG","img":"https://fd3-photos.leclercdrive.fr/image.ashx?id=2846571&use=l&cat=p&typeid=i","cat":333665},{"id":212587,"n":"Pizza Turini Margherita - 400g","p":3.35,"u":"8,38 €/KG","img":"https://fd3-photos.leclercdrive.fr/image.ashx?id=2888968&use=l&cat=p&typeid=i","cat":333679},{"id":212593,"n":"Litière chats Tous mes Amis Triple action blanche - 5L","p":4.2,"u":"0,84 €/L","img":"https://fd3-photos.leclercdrive.fr/image.ashx?id=2568361&use=l&cat=p&typeid=i","cat":284683},{"id":212595,"n":"Litière chats Tous mes Amis Parfumée grise - 5L","p":3.1,"u":"0,62 €/L","img":"https://fd3-photos.leclercdrive.fr/image.ashx?id=2568358&use=l&cat=p&typeid=i","cat":284683},{"id":212600,"n":"Cranberries Couleurs Vives 200g","p":1.99,"u":"9,95 €/KG","img":"https://fd3-photos.leclercdrive.fr/image.ashx?id=2567595&use=l&cat=p&typeid=i","cat":284357},{"id":212601,"n":"Fruits secs Mix Couleurs Vives 200g","p":2.79,"u":"13,95 €/KG","img":"https://fd3-photos.leclercdrive.fr/image.ashx?id=2567607&use=l&cat=p&typeid=i","cat":284357},{"id":212603,"n":"Fruits secs Mix croquant Couleurs Vives - 200g","p":2.99,"u":"14,95 €/KG","img":"https://fd3-photos.leclercdrive.fr/image.ashx?id=2567601&use=l&cat=p&typeid=i","cat":284357},{"id":212604,"n":"Fruits secs Mix Gourmand Couleurs Vives - 200g","p":2.55,"u":"12,75 €/KG","img":"https://fd3-photos.leclercdrive.fr/image.ashx?id=2567604&use=l&cat=p&typeid=i","cat":284357},{"id":212606,"n":"Sacs poubelle Alfapac Salle de bain - 20x10L","p":1.96,"img":"https://fd3-photos.leclercdrive.fr/image.ashx?id=2588534&use=l&cat=p&typeid=i","cat":285168},{"id":212613,"n":"Collant Well Infini confort Transparent noir - T2","p":5.5,"img":"https://fd3-photos.leclercdrive.fr/image.ashx?id=2586789&use=l&cat=p&typeid=i","cat":334130},{"id":212616,"n":"Collant Well Infini confort Transparent noir - T3","p":5.5,"img":"https://fd3-photos.leclercdrive.fr/image.ashx?id=2586792&use=l&cat=p&typeid=i","cat":334130},{"id":212617,"n":"Collant Well Infini confort Transparent noir - T4","p":5.5,"img":"https://fd3-photos.leclercdrive.fr/image.ashx?id=2586795&use=l&cat=p&typeid=i","cat":334130},{"id":212620,"n":"Collant Well Infini confort Semi-opaque noir - T1","p":5.5,"img":"https://fd3-photos.leclercdrive.fr/image.ashx?id=2575018&use=l&cat=p&typeid=i","cat":334130},{"id":212621,"n":"Collant Well Infini confort Semi-opaque noir - T2","p":5.5,"img":"https://fd3-photos.leclercdrive.fr/image.ashx?id=2575021&use=l&cat=p&typeid=i","cat":334130},{"id":212622,"n":"Collant Well Infini confort Semi-opaque noir - T3","p":5.5,"img":"https://fd3-photos.leclercdrive.fr/image.ashx?id=2575024&use=l&cat=p&typeid=i","cat":334130},{"id":212623,"n":"Collant Well Infini confort Semi-opaque noir - T4","p":5.5,"img":"https://fd3-photos.leclercdrive.fr/image.ashx?id=2575027&use=l&cat=p&typeid=i","cat":334130},{"id":212624,"n":"Collant Well Morphologie Régular semi-opaque noir /+1m65","p":5.7,"img":"https://fd3-photos.leclercdrive.fr/image.ashx?id=2588519&use=l&cat=p&typeid=i","cat":334130},{"id":212626,"n":"Collant Well Morphologie Form Semi-opaque noir / +1m65","p":5.7,"img":"https://fd3-photos.leclercdrive.fr/image.ashx?id=2586099&use=l&cat=p&typeid=i","cat":334130},{"id":212628,"n":"Collant Well Mon indispensable Opaque noir - T5/6","p":5.35,"img":"https://fd3-photos.leclercdrive.fr/image.ashx?id=2570172&use=l&cat=p&typeid=i","cat":334130},{"id":212629,"n":"Collant Le Bourget Dressing Noir - T1/2","p":7.4,"img":"https://fd3-photos.leclercdrive.fr/image.ashx?id=2575159&use=l&cat=p&typeid=i","cat":334130},{"id":212630,"n":"Collant Le Bourget Dressing Noir - T3/4","p":7.4,"u":"7,40 €/TRC","img":"https://fd3-photos.leclercdrive.fr/image.ashx?id=2575162&use=l&cat=p&typeid=i","cat":334130},{"id":212631,"n":"Collants Le Bourget Modacolors Opaque marine - T1/2","p":5.95,"img":"https://fd3-photos.leclercdrive.fr/image.ashx?id=2586804&use=l&cat=p&typeid=i","cat":334130},{"id":212632,"n":"Collants Le Bourget Modacolors Opaque marine - T3/4","p":5.95,"img":"https://fd3-photos.leclercdrive.fr/image.ashx?id=2586807&use=l&cat=p&typeid=i","cat":334130},{"id":212643,"n":"Margarine Planta Fin Doux 100% végétal - 225g","p":1.68,"u":"7,47 €/KG","img":"https://fd3-photos.leclercdrive.fr/image.ashx?id=2989471&use=l&cat=p&typeid=i","cat":315229},{"id":212645,"n":"Margarine Planta Fin Demi-sel 100% végétal - 225g","p":1.35,"u":"6,00 €/KG","img":"https://fd3-photos.leclercdrive.fr/image.ashx?id=2989465&use=l&cat=p&typeid=i","cat":315229},{"id":212667,"n":"Cottage cheese Danone Fromage frais - 200g","p":2.37,"u":"11,85 €/KG","img":"https://fd3-photos.leclercdrive.fr/image.ashx?id=2628341&use=l&cat=p&typeid=i","cat":314029},{"id":212678,"n":"Sauce apéritif Doritos Guacamole - 270g","p":2.55,"u":"9,44 €/KG","img":"https://fd3-photos.leclercdrive.fr/image.ashx?id=2617852&use=l&cat=p&typeid=i","cat":284451},{"id":212679,"n":"Céréales Coco Pops Chocos Kellogg's - 330g","p":2.55,"u":"7,73 €/KG","img":"https://fd3-photos.leclercdrive.fr/image.ashx?id=2571683&use=l&cat=p&typeid=i","cat":309513},{"id":212746,"n":"Lait bébé Calisma Gallia Pocket 2e âge 6-12 mois 504g","p":19.87,"u":"39,42 €/KG","img":"https://fd3-photos.leclercdrive.fr/image.ashx?id=2855067&use=l&cat=p&typeid=i","cat":284727},{"id":212749,"n":"Lait bébé Calisma Gallia Pocket 1er âge 0-6 mois 479g","p":20.07,"u":"41,55 €/KG","img":"https://fd3-photos.leclercdrive.fr/image.ashx?id=2983075&use=l&cat=p&typeid=i","cat":284726},{"id":212750,"n":"Petits pots bébé P'TIT SOUPER Pastasotto 12M+ - 2x200g","p":1.96,"u":"4,90 €/KG","img":"https://fd3-photos.leclercdrive.fr/image.ashx?id=2571863&use=l&cat=p&typeid=i","cat":312239},{"id":212754,"n":"Soupe chinoise Maggi 60g","p":1.1,"u":"18,33 €/KG","img":"https://fd3-photos.leclercdrive.fr/image.ashx?id=2571869&use=l&cat=p&typeid=i","cat":288992},{"id":212757,"n":"Chocolat L'Atelier  Lait biscuit noisettes - 170g","p":3.6,"u":"21,18 €/KG","img":"https://fd3-photos.leclercdrive.fr/image.ashx?id=2674297&use=l&cat=p&typeid=i","cat":284497},{"id":212759,"n":"Chocolat Pâtissier Nestlé Dessert noisettes - 170g","p":3.21,"u":"18,88 €/KG","img":"https://fd3-photos.leclercdrive.fr/image.ashx?id=2899707&use=l&cat=p&typeid=i","cat":285562},{"id":212762,"n":"Soupe à l'oignons Maggi 61g","p":0.68,"u":"11,15 €/KG","img":"https://fd3-photos.leclercdrive.fr/image.ashx?id=2571872&use=l&cat=p&typeid=i","cat":284463},{"id":212764,"n":"Gelée vin de Madère Maggi x2 - 48g","p":1.42,"u":"29,58 €/KG","img":"https://fd3-photos.leclercdrive.fr/image.ashx?id=2570748&use=l&cat=p&typeid=i","cat":288380},{"id":212770,"n":"Ail & poivre Ducros 45g","p":2.44,"u":"54,22 €/KG","img":"https://fd3-photos.leclercdrive.fr/image.ashx?id=2570166&use=l&cat=p&typeid=i","cat":298297},{"id":212790,"n":"Cancoillotte IGP Nature Fleuron des Gourmets - 500g","p":4.04,"u":"8,08 €/KG","img":"https://fd3-photos.leclercdrive.fr/image.ashx?id=2681904&use=l&cat=p&typeid=i","cat":314037},{"id":212792,"n":"Cancoillotte IGP Ail Fleuron des Gourmets - 250g","p":2.1,"u":"8,40 €/KG","img":"https://fd3-photos.leclercdrive.fr/image.ashx?id=2577045&use=l&cat=p&typeid=i","cat":314037},{"id":212794,"n":"IGP Cancoillotte ail Fleuron des Gourmets - 500g","p":4.03,"u":"8,06 €/KG","img":"https://fd3-photos.leclercdrive.fr/image.ashx?id=2637249&use=l&cat=p&typeid=i","cat":314037},{"id":212795,"n":"IGP Cancoillotte Nature Fleuron des Gourmets - 250g","p":2.1,"u":"8,40 €/KG","img":"https://fd3-photos.leclercdrive.fr/image.ashx?id=2681179&use=l&cat=p&typeid=i","cat":314037},{"id":212812,"n":"Skyr Siggi's  Céréales Muesli - 2x140g","p":2.23,"u":"7,96 €/KG","img":"https://fd3-photos.leclercdrive.fr/image.ashx?id=3007954&use=l&cat=p&typeid=i","cat":315000},{"id":212815,"n":"Yaourt à la grecque YAOS  Stracciatella - 8x125g","p":4.47,"u":"4,47 €/KG","img":"https://fd3-photos.leclercdrive.fr/image.ashx?id=2570115&use=l&cat=p&typeid=i","cat":314999},{"id":212817,"n":"Nettoyant vitres Ajax Triple action Recharge - 750ml","p":1.87,"u":"2,49 €/L","img":"https://fd3-photos.leclercdrive.fr/image.ashx?id=2842969&use=l&cat=p&typeid=i","cat":325363},{"id":212819,"n":"Préparation moelleux Alsa Chocolat - 500g","p":3.55,"u":"7,10 €/KG","img":"https://fd3-photos.leclercdrive.fr/image.ashx?id=2812663&use=l&cat=p&typeid=i","cat":284504},{"id":212825,"n":"Safran Sainte Lucie En filaments - 0.20g","p":3.62,"img":"https://fd3-photos.leclercdrive.fr/image.ashx?id=2571173&use=l&cat=p&typeid=i","cat":298297},{"id":212826,"n":"Poivre et épices Ducros 200g","p":8.57,"u":"42,85 €/KG","img":"https://fd3-photos.leclercdrive.fr/image.ashx?id=2571194&use=l&cat=p&typeid=i","cat":284457},{"id":212865,"n":"Margarine Planta Fin léger  Sans huile de palme - 225g","p":1.83,"u":"8,13 €/KG","img":"https://fd3-photos.leclercdrive.fr/image.ashx?id=2796441&use=l&cat=p&typeid=i","cat":315229},{"id":212894,"n":"Yaourt gourmand Alsace Lait Rhubarbe - 4x125g","p":2.27,"u":"4,54 €/KG","img":"https://fd3-photos.leclercdrive.fr/image.ashx?id=2572167&use=l&cat=p&typeid=i","cat":284410},{"id":212900,"n":"Lames Hydro 5 Wilkinson Skin protect - 10+2","p":30.67,"u":"2,56 €/P","img":"https://fd3-photos.leclercdrive.fr/image.ashx?id=2676810&use=l&cat=p&typeid=i","cat":284616},{"id":212922,"n":"Déboucheur Gel Destop  Spécial Cuisine - 1L","p":3.14,"u":"3,14 €/L","img":"https://fd3-photos.leclercdrive.fr/image.ashx?id=2572278&use=l&cat=p&typeid=i","cat":284908},{"id":212934,"n":"Lait bébé poudre Guigoz Optipro 3ème âge - dès 12 mois - 830g","p":10.26,"u":"12,36 €/KG","img":"https://fd3-photos.leclercdrive.fr/image.ashx?id=2895059&use=l&cat=p&typeid=i","cat":290219},{"id":212971,"n":"Barre Enrobage Blanc Lion x6 barres - 180g","p":2.59,"u":"14,39 €/KG","img":"https://fd3-photos.leclercdrive.fr/image.ashx?id=2813044&use=l&cat=p&typeid=i","cat":284498},{"id":213020,"n":"Chips Nature Lay's Sel maxi Format - 370g","p":3.47,"u":"9,38 €/KG","img":"https://fd3-photos.leclercdrive.fr/image.ashx?id=2999949&use=l&cat=p&typeid=i","cat":284447},{"id":213023,"n":"Pâtée et morceaux chiens Eco+ Boeuf - 1.2kg","p":1.68,"u":"1,40 €/KG","img":"https://fd3-photos.leclercdrive.fr/image.ashx?id=2815743&use=l&cat=p&typeid=i","cat":288578},{"id":213024,"n":"Boulettes volaille Eco+ 800g","p":1.47,"u":"1,84 €/KG","img":"https://fd3-photos.leclercdrive.fr/image.ashx?id=2815734&use=l&cat=p&typeid=i","cat":285601},{"id":213025,"n":"Boulettes à la volaille Eco+ 1.2kg","p":1.55,"u":"1,29 €/KG","img":"https://fd3-photos.leclercdrive.fr/image.ashx?id=2815737&use=l&cat=p&typeid=i","cat":288578},{"id":213031,"n":"Culottes Drynites Dsiney Fille 3-5 ans 16-23kg - x16","p":13.93,"u":"0,87 €/P","img":"https://fd3-photos.leclercdrive.fr/image.ashx?id=2830873&use=l&cat=p&typeid=i","cat":290633},{"id":213037,"n":"Culottes Drynites Huggies  4/7ans - x16","p":9.84,"u":"0,62 €/P","img":"https://fd3-photos.leclercdrive.fr/image.ashx?id=2844730&use=l&cat=p&typeid=i","cat":290633},{"id":213058,"n":"IGP Cancoillotte Badoz Beurre - 11% MG. - 220g","p":2.43,"u":"11,05 €/KG","img":"https://fd3-photos.leclercdrive.fr/image.ashx?id=2575366&use=l&cat=p&typeid=i","cat":314037},{"id":213061,"n":"IGP Cancoillotte Badoz Nature - 7.5% MG. - 400g","p":3.93,"u":"9,83 €/KG","img":"https://fd3-photos.leclercdrive.fr/image.ashx?id=2575369&use=l&cat=p&typeid=i","cat":314029},{"id":213062,"n":"IGP Cancoillotte ail Badoz 7.5% MG. - 400g","p":3.97,"u":"9,93 €/KG","img":"https://fd3-photos.leclercdrive.fr/image.ashx?id=2575372&use=l&cat=p&typeid=i","cat":314029},{"id":213111,"n":"Sauté de foie de veau Goepper Sauce vin rouge - 450g","p":6.37,"u":"14,16 €/KG","img":"https://fd3-photos.leclercdrive.fr/image.ashx?id=2575384&use=l&cat=p&typeid=i","cat":333665},{"id":213141,"n":"Boisson Milky Way 350ml","p":1.85,"u":"5,29 €/L","img":"https://fd3-photos.leclercdrive.fr/image.ashx?id=2575867&use=l&cat=p&typeid=i","cat":295246},{"id":213145,"n":"Crème aux oeufs Sacré Willy  x2 - 250g","p":4.03,"u":"16,12 €/KG","img":"https://fd3-photos.leclercdrive.fr/image.ashx?id=2576268&use=l&cat=p&typeid=i","cat":285041},{"id":213176,"n":"Nouilles à la chinoise Marie Au Poulet - 900g","p":6.19,"u":"6,88 €/KG","img":"https://fd3-photos.leclercdrive.fr/image.ashx?id=2996773&use=l&cat=p&typeid=i","cat":284254},{"id":213181,"n":"Dentifrice Elmex Sensitive Nettoyage fraîcheur - 2x75ml","p":9.15,"u":"61,00 €/L","img":"https://fd3-photos.leclercdrive.fr/image.ashx?id=2692878&use=l&cat=p&typeid=i","cat":284612},{"id":213186,"n":"Mélange de fruits Sun Mix N°2 - 190g","p":3.12,"u":"16,42 €/KG","img":"https://fd3-photos.leclercdrive.fr/image.ashx?id=2943894&use=l&cat=p&typeid=i","cat":284357},{"id":213187,"n":"Mélange de fruits secs Sun Mix N°3 - 190g","p":3.7,"u":"19,47 €/KG","img":"https://fd3-photos.leclercdrive.fr/image.ashx?id=2943897&use=l&cat=p&typeid=i","cat":284357},{"id":213188,"n":"Mélange de fruits secs Sun Mix N°4 - 190g","p":3.72,"u":"19,58 €/KG","img":"https://fd3-photos.leclercdrive.fr/image.ashx?id=2943900&use=l&cat=p&typeid=i","cat":284357},{"id":213189,"n":"Milky fromage enfant à tartiner Les Croisés 24 portions - 432g","p":3.59,"u":"8,31 €/KG","img":"https://fd3-photos.leclercdrive.fr/image.ashx?id=2791899&use=l&cat=p&typeid=i","cat":314030},{"id":213190,"n":"Milky fromage enfant à tartiner Les Croisés 12 portions - 216g","p":1.85,"u":"8,56 €/KG","img":"https://fd3-photos.leclercdrive.fr/image.ashx?id=2791914&use=l&cat=p&typeid=i","cat":314030},{"id":213200,"n":"Gaufrettes Quadro Cémoi Choco noisettes - 187g","p":1.94,"u":"10,37 €/KG","img":"https://fd3-photos.leclercdrive.fr/image.ashx?id=2654731&use=l&cat=p&typeid=i","cat":284488},{"id":213204,"n":"Ourson guimauve Cémoi Chocolat au lait - 170g","p":2.19,"u":"12,88 €/KG","img":"https://fd3-photos.leclercdrive.fr/image.ashx?id=2576462&use=l&cat=p&typeid=i","cat":304250},{"id":213242,"n":"Céréales Coco Pops Kellogg's Original - 330g","p":2.86,"u":"8,67 €/KG","img":"https://fd3-photos.leclercdrive.fr/image.ashx?id=2577099&use=l&cat=p&typeid=i","cat":309513},{"id":213288,"n":"Cake sans gluten Gerblé Chocolat - 210g","p":3.37,"u":"16,05 €/KG","img":"https://fd3-photos.leclercdrive.fr/image.ashx?id=2662814&use=l&cat=p&typeid=i","cat":284495},{"id":213300,"n":"Bain de bouche bio Bionaïa  500ml","p":2.49,"u":"4,98 €/L","img":"https://fd3-photos.leclercdrive.fr/image.ashx?id=2577200&use=l&cat=p&typeid=i","cat":284613},{"id":213336,"n":"Jeu vidéo : EA Sports FC 24 Plateforme : PS5","p":39.99,"img":"https://fd3-photos.leclercdrive.fr/image.ashx?id=2577610&use=l&cat=p&typeid=i","cat":300553},{"id":213337,"n":"Jeu vidéo :  EA Sports FC 24 Plateforme : PS4","p":39.99,"img":"https://fd3-photos.leclercdrive.fr/image.ashx?id=2577604&use=l&cat=p&typeid=i","cat":300553},{"id":213338,"n":"Jeu vidéo :  EA Sports FC 24 Plateforme : Xbox","p":24.99,"img":"https://fd3-photos.leclercdrive.fr/image.ashx?id=2577613&use=l&cat=p&typeid=i","cat":300553},{"id":213366,"n":"Toast nature Harrys Tranches épaisses - 250g","p":1.75,"u":"7,00 €/KG","img":"https://fd3-photos.leclercdrive.fr/image.ashx?id=2581253&use=l&cat=p&typeid=i","cat":285454},{"id":213376,"n":"Après-shampooing Ultra Doux Charbon magnétique - 2x200ml","p":8.56,"u":"21,40 €/L","img":"https://fd3-photos.leclercdrive.fr/image.ashx?id=2581756&use=l&cat=p&typeid=i","cat":284607},{"id":213393,"n":"Lait Cica Réparation Mixa Peaux Sèches, Sensibles - 250ml","p":5.17,"u":"20,68 €/L","img":"https://fd3-photos.leclercdrive.fr/image.ashx?id=2579032&use=l&cat=p&typeid=i","cat":325349},{"id":213394,"n":"Gel-Crème Hydratant Mixa Hypoallergénique - 50ml","p":5.87,"u":"11,74 €/L","img":"https://fd3-photos.leclercdrive.fr/image.ashx?id=2585804&use=l&cat=p&typeid=i","cat":325345},{"id":213404,"n":"Crème cica Mixa Réparation - 400ml","p":5.97,"u":"14,93 €/L","img":"https://fd3-photos.leclercdrive.fr/image.ashx?id=2579023&use=l&cat=p&typeid=i","cat":325350},{"id":213417,"n":"Thé vert bio Jardin Bio Duo de citron - 30g","p":2.02,"u":"67,33 €/KG","img":"https://fd3-photos.leclercdrive.fr/image.ashx?id=2579008&use=l&cat=p&typeid=i","cat":293233},{"id":213432,"n":"Gel Corps et Cheveux Cadum Hypoallergenique - 750ml","p":4.55,"u":"6,07 €/L","img":"https://fd3-photos.leclercdrive.fr/image.ashx?id=2581798&use=l&cat=p&typeid=i","cat":284594},{"id":213443,"n":"Après-Shampoing Franck Provost Expert nutrition - 450ml","p":4.06,"u":"9,02 €/L","img":"https://fd3-photos.leclercdrive.fr/image.ashx?id=2581807&use=l&cat=p&typeid=i","cat":284607},{"id":213454,"n":"Petits pois Eco+ 1kg","p":1.52,"u":"1,52 €/KG","img":"https://fd3-photos.leclercdrive.fr/image.ashx?id=2728225&use=l&cat=p&typeid=i","cat":319805},{"id":213455,"n":"Champignons Eco+ 1kg","p":1.45,"u":"1,45 €/KG","img":"https://fd3-photos.leclercdrive.fr/image.ashx?id=2593339&use=l&cat=p&typeid=i","cat":319805},{"id":213456,"n":"Quart de jambon sec Eco+ 14 tranches - 200g","p":2.33,"u":"11,65 €/KG","img":"https://fd3-photos.leclercdrive.fr/image.ashx?id=2579219&use=l&cat=p&typeid=i","cat":316007},{"id":213457,"n":"Cônes Eco+ Vanille fraise x8 - 512g","p":2.07,"u":"4,04 €/KG","img":"https://fd3-photos.leclercdrive.fr/image.ashx?id=2615576&use=l&cat=p&typeid=i","cat":284264},{"id":213478,"n":"Chocolat instantané Ethiquable 50% CI/Haïti/Togo Bio 425g","p":5.83,"u":"13,72 €/KG","img":"https://fd3-photos.leclercdrive.fr/image.ashx?id=2876893&use=l&cat=p&typeid=i","cat":293235},{"id":213550,"n":"Litière chats Tous mes Amis Agglomérante charbon actif - 5L","p":3.5,"u":"0,70 €/L","img":"https://fd3-photos.leclercdrive.fr/image.ashx?id=2580258&use=l&cat=p&typeid=i","cat":284683},{"id":213570,"n":"Gel douche Le Petit Marseillais Bois de cade & fougère  - 250ml","p":1.67,"u":"6,68 €/MT","img":"https://fd3-photos.leclercdrive.fr/image.ashx?id=2684545&use=l&cat=p&typeid=i","cat":284619},{"id":213575,"n":"Shampoing disciplinant Elsève Liss-Intense Cheveu sec - 350ml","p":3.72,"u":"10,63 €/L","img":"https://fd3-photos.leclercdrive.fr/image.ashx?id=2582255&use=l&cat=p&typeid=i","cat":284606},{"id":213581,"n":"Gel douche Cadum Crème d'amande - 450ml","p":2.79,"u":"6,20 €/L","img":"https://fd3-photos.leclercdrive.fr/image.ashx?id=2582273&use=l&cat=p&typeid=i","cat":284594},{"id":213582,"n":"Crème Douche surgras Bio Cadum Karité - 450ml","p":2.73,"u":"6,07 €/L","img":"https://fd3-photos.leclercdrive.fr/image.ashx?id=2580801&use=l&cat=p&typeid=i","cat":284594},{"id":213594,"n":"Tablette de chocolat Lindt  Noir pailleté gaufrette - 100g","p":2.73,"u":"27,30 €/KG","img":"https://fd3-photos.leclercdrive.fr/image.ashx?id=2750390&use=l&cat=p&typeid=i","cat":284956},{"id":213600,"n":"Crème Douche Nourrissante Cadum Huile de Coco Bio - 450ml","p":2.4,"u":"5,33 €/L","img":"https://fd3-photos.leclercdrive.fr/image.ashx?id=2582276&use=l&cat=p&typeid=i","cat":284594},{"id":213602,"n":"Crème Douche Nourrissante Cadum Miel de Fleurs bio - 450ml","p":2.97,"u":"6,60 €/L","img":"https://fd3-photos.leclercdrive.fr/image.ashx?id=2582279&use=l&cat=p&typeid=i","cat":284594},{"id":213604,"n":"Crème Douche Hydratation Cadum Huile d'Amandes Douces - 450ml","p":2.66,"u":"5,91 €/L","img":"https://fd3-photos.leclercdrive.fr/image.ashx?id=2582282&use=l&cat=p&typeid=i","cat":284594},{"id":213605,"n":"Crème de douche Cadum Fleur de coton - 450ml","p":2.79,"u":"6,20 €/L","img":"https://fd3-photos.leclercdrive.fr/image.ashx?id=2582285&use=l&cat=p&typeid=i","cat":284594},{"id":213606,"n":"Gel Douche Sans Savon Bio Cadum Huile d'Amandes Douces - 450ml","p":2.9,"u":"6,44 €/L","img":"https://fd3-photos.leclercdrive.fr/image.ashx?id=2582288&use=l&cat=p&typeid=i","cat":284594},{"id":213609,"n":"Douche Crème Dop Fraises Sucrées - 290ml","p":2.04,"u":"7,03 €/L","img":"https://fd3-photos.leclercdrive.fr/image.ashx?id=2582297&use=l&cat=p&typeid=i","cat":284594},{"id":213614,"n":"Lentilles corail Notre Jardin 500g","p":1.72,"u":"3,44 €/KG","img":"https://fd3-photos.leclercdrive.fr/image.ashx?id=2983835&use=l&cat=p&typeid=i","cat":284430},{"id":213628,"n":"Foie de morue Connétable MSC Au sel de Guérande - 2x121g","p":3.99,"u":"16,49 €/KG","img":"https://fd3-photos.leclercdrive.fr/image.ashx?id=2581268&use=l&cat=p&typeid=i","cat":305147},{"id":213629,"n":"Foie de morue Connétable MSC Au citron - 2x121g","p":3.99,"u":"16,49 €/KG","img":"https://fd3-photos.leclercdrive.fr/image.ashx?id=2581265&use=l&cat=p&typeid=i","cat":305147},{"id":213632,"n":"Eau Volvic Zest  Fraise 1.5L","p":1.23,"u":"0,82 €/L","img":"https://fd3-photos.leclercdrive.fr/image.ashx?id=2785442&use=l&cat=p&typeid=i","cat":284537},{"id":213635,"n":"Eau Volvic Zest Fraise - 6x50cl","p":3.75,"u":"1,25 €/L","img":"https://fd3-photos.leclercdrive.fr/image.ashx?id=2730289&use=l&cat=p&typeid=i","cat":284537},{"id":213673,"n":"Pur jus d'orange pressée Andros 1L","p":3.81,"u":"3,81 €/L","img":"https://fd3-photos.leclercdrive.fr/image.ashx?id=2963430&use=l&cat=p&typeid=i","cat":284354},{"id":213676,"n":"Pur jus d'oranges Andros Sans pulpe - 1L","p":2.87,"u":"2,87 €/L","img":"https://fd3-photos.leclercdrive.fr/image.ashx?id=2928873&use=l&cat=p&typeid=i","cat":284354},{"id":213685,"n":"Douche Crème Dop Bonbons Multicolors - 290ml","p":2.09,"u":"7,21 €/L","img":"https://fd3-photos.leclercdrive.fr/image.ashx?id=2582309&use=l&cat=p&typeid=i","cat":284594},{"id":213687,"n":"Shampoing karité Franck Provost Cheveux Secs, très secs - 500ml","p":4.06,"u":"8,12 €/L","img":"https://fd3-photos.leclercdrive.fr/image.ashx?id=2581804&use=l&cat=p&typeid=i","cat":284606},{"id":213688,"n":"Shampoing Karité Franck Provost Cheveux Très Secs épais - 500ml","p":4.06,"u":"8,12 €/L","img":"https://fd3-photos.leclercdrive.fr/image.ashx?id=2582312&use=l&cat=p&typeid=i","cat":284606},{"id":213690,"n":"Shampoing Franck Provost Cheveux abîmés cassants - 500ml","p":4.06,"u":"8,12 €/L","img":"https://fd3-photos.leclercdrive.fr/image.ashx?id=2582315&use=l&cat=p&typeid=i","cat":284606},{"id":213691,"n":"Après-Shampooing Franck Provost Expert réparation - 450ml","p":4.06,"u":"9,02 €/L","img":"https://fd3-photos.leclercdrive.fr/image.ashx?id=2582318&use=l&cat=p&typeid=i","cat":284607},{"id":213692,"n":"Shampooing Franck Provost Cheveux colorés - 500ml","p":4.06,"u":"8,12 €/L","img":"https://fd3-photos.leclercdrive.fr/image.ashx?id=2582321&use=l&cat=p&typeid=i","cat":284606},{"id":213695,"n":"Recharge Gel douche Cadum Sans Sulfate - 500ml","p":2.79,"u":"5,58 €/L","img":"https://fd3-photos.leclercdrive.fr/image.ashx?id=2581810&use=l&cat=p&typeid=i","cat":284594},{"id":213701,"n":"Cerneaux de noix Mon Tour Malin 125g","p":2.08,"u":"16,64 €/KG","img":"https://fd3-photos.leclercdrive.fr/image.ashx?id=2730601&use=l&cat=p&typeid=i","cat":284357},{"id":213703,"n":"Gel Corps et Cheveux Cadum Sans Sulfate - 400ml","p":2.89,"u":"7,23 €/L","img":"https://fd3-photos.leclercdrive.fr/image.ashx?id=2582270&use=l&cat=p&typeid=i","cat":284594},{"id":213722,"n":"Madeleine St Michel -30% de sucre 400g","p":2.63,"u":"6,58 €/KG","img":"https://fd3-photos.leclercdrive.fr/image.ashx?id=2962305&use=l&cat=p&typeid=i","cat":284492},{"id":213724,"n":"Bouchée pour chien Eco+ Boeuf, pâtes, carottes - 1.2kg","p":1.93,"u":"1,61 €/KG","img":"https://fd3-photos.leclercdrive.fr/image.ashx?id=2815728&use=l&cat=p&typeid=i","cat":288578},{"id":213749,"n":"Bière blonde Pélican 6x33cl","p":8.43,"u":"4,26 €/L","img":"https://fd3-photos.leclercdrive.fr/image.ashx?id=2946922&use=l&cat=p&typeid=i","cat":334872},{"id":213751,"n":"Bière blonde Pélican 50cl","p":2.01,"u":"4,02 €/L","img":"https://fd3-photos.leclercdrive.fr/image.ashx?id=2805876&use=l&cat=p&typeid=i","cat":334853},{"id":213752,"n":"Bière rouge Pélican 6x33cl","p":9.77,"u":"4,93 €/L","img":"https://fd3-photos.leclercdrive.fr/image.ashx?id=2805873&use=l&cat=p&typeid=i","cat":334878},{"id":213775,"n":"Boisson Mogu Mogu Melon 32cl","p":1.11,"u":"3,47 €/L","img":"https://fd3-photos.leclercdrive.fr/image.ashx?id=2639861&use=l&cat=p&typeid=i","cat":295018},{"id":213792,"n":"Nettoyant sol savon noir Perfboost Carolin -1L","p":2.73,"u":"2,73 €/L","img":"https://fd3-photos.leclercdrive.fr/image.ashx?id=2582633&use=l&cat=p&typeid=i","cat":284907},{"id":213793,"n":"Burger Bacon Marie Boeuf Charolais Emmental - 190g","p":2.51,"u":"13,21 €/KG","img":"https://fd3-photos.leclercdrive.fr/image.ashx?id=2858615&use=l&cat=p&typeid=i","cat":333671},{"id":213794,"n":"Burger Rustique Marie Boeuf Charolais Emmental - 190g","p":2.48,"u":"13,05 €/KG","img":"https://fd3-photos.leclercdrive.fr/image.ashx?id=2858621&use=l&cat=p&typeid=i","cat":333671},{"id":213817,"n":"Croquettes chats Perfect Fit Stérilisés, saumon - 1.4kg","p":6.73,"u":"4,81 €/KG","img":"https://fd3-photos.leclercdrive.fr/image.ashx?id=2619163&use=l&cat=p&typeid=i","cat":284680},{"id":213818,"n":"Croquettes chats Perfect Fit Stérilisés, dinde - 1.4kg","p":7.08,"u":"5,06 €/KG","img":"https://fd3-photos.leclercdrive.fr/image.ashx?id=2619166&use=l&cat=p&typeid=i","cat":284680},{"id":213821,"n":"Brosse à dents Signal Soins gencives Extra souple x4","p":3.53,"u":"0,88 €/P","img":"https://fd3-photos.leclercdrive.fr/image.ashx?id=2805690&use=l&cat=p&typeid=i","cat":284614},{"id":213823,"n":"Soupline dilué 3D grand air 2.85l","p":6.73,"u":"2,36 €/L","img":"https://fd3-photos.leclercdrive.fr/image.ashx?id=2811791&use=l&cat=p&typeid=i","cat":284650},{"id":213830,"n":"Adoucissant Soupline concentré  3D Grand air - 1,35L","p":5.04,"u":"3,73 €/L","img":"https://fd3-photos.leclercdrive.fr/image.ashx?id=2924950&use=l&cat=p&typeid=i","cat":284650},{"id":213834,"n":"Brosse à dents Colgate Extra-clean souple - x4","p":1.99,"u":"0,50 €/P","img":"https://fd3-photos.leclercdrive.fr/image.ashx?id=3011950&use=l&cat=p&typeid=i","cat":284614},{"id":213836,"n":"Dentifrice Colgate Ultra Brite  Haleine Fraîche - 75ml","p":1.34,"u":"17,87 €/L","img":"https://fd3-photos.leclercdrive.fr/image.ashx?id=2802845&use=l&cat=p&typeid=i","cat":284612},{"id":213857,"n":"Recharges WC Canard Fresh Disc  Fraîcheur Marine - 2x6 disques","p":5.58,"u":"2,79 €/P","img":"https://fd3-photos.leclercdrive.fr/image.ashx?id=2754824&use=l&cat=p&typeid=i","cat":284662},{"id":213868,"n":"Mélange pour salade Ducros 17g","p":5.07,"u":"298,24 €/KG","img":"https://fd3-photos.leclercdrive.fr/image.ashx?id=2583341&use=l&cat=p&typeid=i","cat":298297},{"id":213881,"n":"Soupe pot au feu Maggi  Aux vermicelles - 57g","p":0.6,"u":"10,53 €/KG","img":"https://fd3-photos.leclercdrive.fr/image.ashx?id=2614362&use=l&cat=p&typeid=i","cat":284463},{"id":213914,"n":"Nettoyant sol Carolin Savon de Marseille - 1L","p":2.8,"u":"2,80 €/L","img":"https://fd3-photos.leclercdrive.fr/image.ashx?id=2584566&use=l&cat=p&typeid=i","cat":284907},{"id":213930,"n":"Fromage enfant La Vache qui rit Original 24P à tartiner - 384g","p":3.83,"u":"9,97 €/KG","img":"https://fd3-photos.leclercdrive.fr/image.ashx?id=2945451&use=l&cat=p&typeid=i","cat":314030},{"id":213934,"n":"Jambon végétal nature La Vie 120g","p":2.55,"u":"21,25 €/KG","img":"https://fd3-photos.leclercdrive.fr/image.ashx?id=2887167&use=l&cat=p&typeid=i","cat":316036},{"id":213953,"n":"Recharges WC Canard fresh disc Citron - 2x6 disques","p":4.92,"u":"2,46 €/P","img":"https://fd3-photos.leclercdrive.fr/image.ashx?id=2754821&use=l&cat=p&typeid=i","cat":284662},{"id":213954,"n":"Protège-slips Vania Pocket Normal - x30","p":2.36,"u":"0,08 €/P","img":"https://fd3-photos.leclercdrive.fr/image.ashx?id=2735245&use=l&cat=p&typeid=i","cat":284625},{"id":213958,"n":"Crème Corps Hydratante Mixa Peau très Sèche, terne - 400ml","p":5.23,"u":"13,08 €/L","img":"https://fd3-photos.leclercdrive.fr/image.ashx?id=2595767&use=l&cat=p&typeid=i","cat":325350},{"id":213959,"n":"Nettoyant ménager Pliz Fée du logis - 250ml","p":1.97,"u":"7,88 €/L","img":"https://fd3-photos.leclercdrive.fr/image.ashx?id=2585540&use=l&cat=p&typeid=i","cat":325364},{"id":213961,"n":"Terrine chiens Tous Mes Amis Viandes carottes - 1.2kg","p":1.95,"u":"1,63 €/KG","img":"https://fd3-photos.leclercdrive.fr/image.ashx?id=3015590&use=l&cat=p&typeid=i","cat":288578},{"id":213962,"n":"Patée pour chiens Eco+ Volaille - 150g","p":0.47,"u":"3,13 €/KG","img":"https://fd3-photos.leclercdrive.fr/image.ashx?id=2584913&use=l&cat=p&typeid=i","cat":284673},{"id":213963,"n":"Patée pour chiens Eco+ Boeuf - 150g","p":0.47,"u":"3,13 €/KG","img":"https://fd3-photos.leclercdrive.fr/image.ashx?id=2586360&use=l&cat=p&typeid=i","cat":284673},{"id":213964,"n":"Nettoyant ménager Ajax Maison pure Sureau - 1.25L","p":2.89,"u":"2,31 €/L","img":"https://fd3-photos.leclercdrive.fr/image.ashx?id=2585555&use=l&cat=p&typeid=i","cat":284907},{"id":213965,"n":"Adoucissant Eco+ Fraîcheur - 1.5L - x60","p":1.64,"u":"1,09 €/L","img":"https://fd3-photos.leclercdrive.fr/image.ashx?id=2967543&use=l&cat=p&typeid=i","cat":284650},{"id":213968,"n":"Eau minérale naturelle Vittel 6L","p":2.5,"u":"0,42 €/L","img":"https://fd3-photos.leclercdrive.fr/image.ashx?id=2585843&use=l&cat=p&typeid=i","cat":284535},{"id":214087,"n":"Soda Coca-Cola Original Bouteille - 1,75L","p":2.36,"u":"1,35 €/L","img":"https://fd3-photos.leclercdrive.fr/image.ashx?id=2971745&use=l&cat=p&typeid=i","cat":284530},{"id":214255,"n":"Margarine Proactiv Expert Doux 100% végétale - 225g","p":3.27,"u":"14,53 €/KG","img":"https://fd3-photos.leclercdrive.fr/image.ashx?id=2587873&use=l&cat=p&typeid=i","cat":315229},{"id":214260,"n":"Saucisse Paysanne au Comté x4 - 360g","p":4.97,"u":"13,81 €/KG","img":"https://fd3-photos.leclercdrive.fr/image.ashx?id=2971065&use=l&cat=p&typeid=i","cat":316012},{"id":214297,"n":"Ampoule LED Osram 5W B22 - x3","p":7.9,"u":"Dont 0,36 € d'éco-part.","img":"https://fd3-photos.leclercdrive.fr/image.ashx?id=2653960&use=l&cat=p&typeid=i","cat":300573},{"id":214321,"n":"Déodorant bille Dove Grenade - Anti-transpirant 50ml","p":2.77,"u":"55,40 €/L","img":"https://fd3-photos.leclercdrive.fr/image.ashx?id=2867341&use=l&cat=p&typeid=i","cat":284595},{"id":214326,"n":"Déodorant spray Dovd Grenade anti-transpirant 200ml","p":2.99,"u":"14,95 €/L","img":"https://fd3-photos.leclercdrive.fr/image.ashx?id=2987035&use=l&cat=p&typeid=i","cat":284595},{"id":214327,"n":"Déodorant Spray Dove Anti- Transpirant Beauty Finish 100ml","p":3.46,"u":"34,60 €/L","img":"https://fd3-photos.leclercdrive.fr/image.ashx?id=2987038&use=l&cat=p&typeid=i","cat":284595},{"id":214328,"n":"Déodorant Spray compressé Dove Anti-Transpirant Original 200ml","p":2.28,"u":"11,40 €/L","img":"https://fd3-photos.leclercdrive.fr/image.ashx?id=2877250&use=l&cat=p&typeid=i","cat":284595},{"id":214332,"n":"Chili Cheese Nuggets Pickers By McCain - 230g","p":3.63,"u":"15,78 €/KG","img":"https://fd3-photos.leclercdrive.fr/image.ashx?id=2958678&use=l&cat=p&typeid=i","cat":319822},{"id":214392,"n":"Gel douche Le Petit Marseillais Homme - Minéraux & bois - 250ml","p":1.47,"u":"5,88 €/L","img":"https://fd3-photos.leclercdrive.fr/image.ashx?id=2684548&use=l&cat=p&typeid=i","cat":284619},{"id":214393,"n":"Gel douche Le Petit Marseillais Homme - Pin & eucalyptus 250ml","p":1.87,"u":"7,48 €/L","img":"https://fd3-photos.leclercdrive.fr/image.ashx?id=2684551&use=l&cat=p&typeid=i","cat":284619},{"id":214394,"n":"Crème de douche Le Petit Marseillais Fleur coton 400ml","p":2.83,"u":"7,08 €/L","img":"https://fd3-photos.leclercdrive.fr/image.ashx?id=2947045&use=l&cat=p&typeid=i","cat":284594},{"id":214400,"n":"Shampooing Nature Box Cheveux abîmés flacon  - 385ml","p":5.32,"u":"13,82 €/L","img":"https://fd3-photos.leclercdrive.fr/image.ashx?id=2589278&use=l&cat=p&typeid=i","cat":284606},{"id":214403,"n":"Lessive liquide Bonux L'original 50 Lavages - 2.25L","p":9.84,"u":"4,37 €/L","img":"https://fd3-photos.leclercdrive.fr/image.ashx?id=2881993&use=l&cat=p&typeid=i","cat":284640},{"id":214412,"n":"Vin Blanc Mousseux Brut  Café de Paris - 75cl","p":4.49,"u":"5,99 €/L","img":"https://fd3-photos.leclercdrive.fr/image.ashx?id=2848692&use=l&cat=p&typeid=i","cat":284544},{"id":214413,"n":"Vin Blanc Mousseux Demi-sec Café de Paris - 75cl","p":4.49,"u":"5,99 €/L","img":"https://fd3-photos.leclercdrive.fr/image.ashx?id=2848695&use=l&cat=p&typeid=i","cat":284544},{"id":214414,"n":"Vin Rosé Mousseux Demi-sec Café de Paris - 75cl","p":4.49,"u":"5,99 €/L","img":"https://fd3-photos.leclercdrive.fr/image.ashx?id=2914477&use=l&cat=p&typeid=i","cat":284544},{"id":214429,"n":"L'Onctueux Laiterie Rians  Spéculoos 3+1 offert 360g","p":2.98,"u":"8,28 €/KG","img":"https://fd3-photos.leclercdrive.fr/image.ashx?id=2589296&use=l&cat=p&typeid=i","cat":285041},{"id":214430,"n":"L'Onctueux Laiterie Rians  Café -  3+1 offert 360g","p":2.98,"u":"8,28 €/KG","img":"https://fd3-photos.leclercdrive.fr/image.ashx?id=2771855&use=l&cat=p&typeid=i","cat":285041},{"id":214431,"n":"L'Onctueux Laiterie Rians  Caramel - 3+1 offert 360g","p":2.98,"u":"8,28 €/KG","img":"https://fd3-photos.leclercdrive.fr/image.ashx?id=2762091&use=l&cat=p&typeid=i","cat":285041},{"id":214444,"n":"Tomates séchées Seeberger 125g","p":2.07,"u":"16,56 €/KG","img":"https://fd3-photos.leclercdrive.fr/image.ashx?id=2985510&use=l&cat=p&typeid=i","cat":284357},{"id":214449,"n":"Pop corn pour micro-ondes Sucré - Seeberger - 90g","p":0.91,"u":"10,11 €/KG","img":"https://fd3-photos.leclercdrive.fr/image.ashx?id=2595347&use=l&cat=p&typeid=i","cat":304249},{"id":214484,"n":"Capsule lave-vaisselle Sun Absolu Brillance x42 - 630g","p":12.27,"u":"19,48 €/KG","img":"https://fd3-photos.leclercdrive.fr/image.ashx?id=2590863&use=l&cat=p&typeid=i","cat":284656},{"id":214485,"n":"Capsule lave-vaisselle Sun Absolu Dégraissant x42 - 630g","p":13.97,"u":"22,17 €/KG","img":"https://fd3-photos.leclercdrive.fr/image.ashx?id=2590369&use=l&cat=p&typeid=i","cat":284656},{"id":214504,"n":"Dentifrice Colgate Max Fresh Cristaux fraîcheur - 3x75ml","p":4.99,"u":"66,53 €/L","img":"https://fd3-photos.leclercdrive.fr/image.ashx?id=2590851&use=l&cat=p&typeid=i","cat":284612},{"id":214505,"n":"Dentifrice Colgate Max White Cristaux Blancheur - 3x75ml","p":4.85,"u":"21,56 €/L","img":"https://fd3-photos.leclercdrive.fr/image.ashx?id=2738458&use=l&cat=p&typeid=i","cat":284612},{"id":214516,"n":"Pâte à pizza Herta Épaisse et ronde - 450g","p":2.31,"u":"5,13 €/KG","img":"https://fd3-photos.leclercdrive.fr/image.ashx?id=2813917&use=l&cat=p&typeid=i","cat":333681},{"id":214558,"n":"Café en grains Bio Méo Espresso - 1kg","p":19.97,"u":"19,97 €/KG","img":"https://fd3-photos.leclercdrive.fr/image.ashx?id=2593980&use=l&cat=p&typeid=i","cat":293237},{"id":214567,"n":"Bonbon à sucer Ricola Framboise sans sucre - 50g","p":2.03,"u":"40,60 €/KG","img":"https://fd3-photos.leclercdrive.fr/image.ashx?id=2593014&use=l&cat=p&typeid=i","cat":304252},{"id":214569,"n":"Emincés de cuisse poulet kebab Le Gaulois - 180g","p":2.36,"u":"13,11 €/KG","img":"https://fd3-photos.leclercdrive.fr/image.ashx?id=2732713&use=l&cat=p&typeid=i","cat":284336},{"id":214648,"n":"Nouilles Banzai Noodle bœuf  cup - 67g","p":1.4,"u":"20,90 €/KG","img":"https://fd3-photos.leclercdrive.fr/image.ashx?id=2730001&use=l&cat=p&typeid=i","cat":288992},{"id":214653,"n":"Biscuits Mulino Bianco Tenerezze Citron - 200g","p":2.87,"u":"14,35 €/KG","img":"https://fd3-photos.leclercdrive.fr/image.ashx?id=2593137&use=l&cat=p&typeid=i","cat":289010},{"id":214655,"n":"Biscuits Mulino Bianco Cuor di Mela - 250g","p":3.97,"u":"15,88 €/KG","img":"https://fd3-photos.leclercdrive.fr/image.ashx?id=2593140&use=l&cat=p&typeid=i","cat":284487},{"id":214687,"n":"Knacks de poulet Wagner  x4 - 250g","p":3.49,"u":"3,49 €/KG","img":"https://fd3-photos.leclercdrive.fr/image.ashx?id=2799874&use=l&cat=p&typeid=i","cat":316012},{"id":214723,"n":"Biscuit bébé Kiddylicious  Wafers fraise dès 6 mois 4x2p","p":1.47,"u":"91,88 €/KG","img":"https://fd3-photos.leclercdrive.fr/image.ashx?id=2929152&use=l&cat=p&typeid=i","cat":312394},{"id":214724,"n":"Biscuit bébé Kiddylicious Wafers Banane dès 6 mois (4x2p)","p":1.47,"u":"91,88 €/KG","img":"https://fd3-photos.leclercdrive.fr/image.ashx?id=2929149&use=l&cat=p&typeid=i","cat":312394},{"id":214725,"n":"Biscuits bébé Kiddylicious  Soft Biscotti Pomme 6x2p","p":2.69,"u":"22,42 €/KG","img":"https://fd3-photos.leclercdrive.fr/image.ashx?id=2929146&use=l&cat=p&typeid=i","cat":312394},{"id":214726,"n":"Biscuits bébé Kiddylicious  Saveur Fromage dès 9mois 4x12g","p":2.27,"u":"47,29 €/KG","img":"https://fd3-photos.leclercdrive.fr/image.ashx?id=2929143&use=l&cat=p&typeid=i","cat":312394},{"id":214728,"n":"Biscuits bébé Kiddylicious Saveur légumes dès 9 mois 4x12g","p":2.97,"u":"61,88 €/KG","img":"https://fd3-photos.leclercdrive.fr/image.ashx?id=2929140&use=l&cat=p&typeid=i","cat":312394},{"id":214731,"n":"Thon entier Petit Navire Huile d'olive - Lot de 2x160g","p":6.09,"u":"19,03 €/KG","img":"https://fd3-photos.leclercdrive.fr/image.ashx?id=2592222&use=l&cat=p&typeid=i","cat":303867},{"id":214755,"n":"Lait fermenté Kéfir Lactel  Lactel - 495ml","p":1.33,"u":"2,69 €/L","img":"https://fd3-photos.leclercdrive.fr/image.ashx?id=2857039&use=l&cat=p&typeid=i","cat":285609},{"id":214756,"n":"Feuilleté de Mousse La Laitière Menthe - 4x57g","p":1.43,"u":"6,27 €/KG","img":"https://fd3-photos.leclercdrive.fr/image.ashx?id=3007960&use=l&cat=p&typeid=i","cat":284417},{"id":214762,"n":"Nouilles Banzai Noodle poulet  cup - 67g","p":1.25,"u":"18,66 €/KG","img":"https://fd3-photos.leclercdrive.fr/image.ashx?id=2730004&use=l&cat=p&typeid=i","cat":288992},{"id":214779,"n":"Lait en poudre bio Modilac Croissance - 800g","p":18.11,"u":"22,64 €/KG","img":"https://fd3-photos.leclercdrive.fr/image.ashx?id=2981175&use=l&cat=p&typeid=i","cat":290219},{"id":214800,"n":"Croquettes petit chien   Pedigree au bœuf - 2kg","p":7.43,"u":"3,72 €/KG","img":"https://fd3-photos.leclercdrive.fr/image.ashx?id=2876995&use=l&cat=p&typeid=i","cat":294526},{"id":214801,"n":"Croquettes petit chien   Pedigree à la volaille - 2kg","p":7.72,"u":"3,86 €/KG","img":"https://fd3-photos.leclercdrive.fr/image.ashx?id=2832323&use=l&cat=p&typeid=i","cat":294526},{"id":214808,"n":"Capsule Nescafé Dolce Gusto Neo  Espresso - x12","p":4.28,"pp":2.82,"u":"42,73 €/KG","img":"https://fd3-photos.leclercdrive.fr/image.ashx?id=2774709&use=l&cat=p&typeid=i","cat":293241},{"id":214809,"n":"Capsule Nescafé Dolce Gusto Neo  Lungo - x12","p":4.21,"pp":2.78,"u":"40,29 €/KG","img":"https://fd3-photos.leclercdrive.fr/image.ashx?id=2775041&use=l&cat=p&typeid=i","cat":293241},{"id":214810,"n":"Capsule Nescafé Dolce Gusto Neo  Grande - x12","p":4.32,"pp":2.85,"u":"33,93 €/KG","img":"https://fd3-photos.leclercdrive.fr/image.ashx?id=2947225&use=l&cat=p&typeid=i","cat":293241},{"id":214812,"n":"Capsule Nescafé Dolce Gusto Neo  Cappuccino - x6 - 122g","p":4.31,"pp":2.84,"u":"23,28 €/KG","img":"https://fd3-photos.leclercdrive.fr/image.ashx?id=2947228&use=l&cat=p&typeid=i","cat":293241},{"id":214813,"n":"Capsule Nescafé Dolce Gusto Neo Starbucks Caramel Macchiato x12","p":4.97,"pp":3.28,"u":"27,33 €/KG","img":"https://fd3-photos.leclercdrive.fr/image.ashx?id=2595824&use=l&cat=p&typeid=i","cat":293241},{"id":214816,"n":"Boisson gazeuse Ifri Pomme verte  1.25L","p":1.85,"u":"1,48 €/L","img":"https://fd3-photos.leclercdrive.fr/image.ashx?id=2756473&use=l&cat=p&typeid=i","cat":284532},{"id":214847,"n":"Pontarlier Anis à l'ancienne 45% vol. 50cl","p":16.05,"u":"32,10 €/L","img":"https://fd3-photos.leclercdrive.fr/image.ashx?id=2603390&use=l&cat=p&typeid=i","cat":286032},{"id":214848,"n":"Champignons blancs de Paris  Eco+ - 200g","p":0.95,"u":"4,75 €/KG","img":"https://fd3-photos.leclercdrive.fr/image.ashx?id=2742685&use=l&cat=p&typeid=i","cat":284352},{"id":214862,"n":"Compote Charles & Alice Passion Sans sucres ajoutés - 6x97g","p":2.24,"u":"3,85 €/KG","img":"https://fd3-photos.leclercdrive.fr/image.ashx?id=2595263&use=l&cat=p&typeid=i","cat":284416},{"id":214902,"n":"Colle Loctite Super glue 3 - 20g","p":13.87,"u":"693,50 €/KG","img":"https://fd3-photos.leclercdrive.fr/image.ashx?id=2595215&use=l&cat=p&typeid=i","cat":300576},{"id":214932,"n":"Vin de France rouge Merlot Qui s'y frotte ... 75cl","p":5.96,"u":"7,95 €/L","img":"https://fd3-photos.leclercdrive.fr/image.ashx?id=2596194&use=l&cat=p&typeid=i","cat":289556},{"id":214995,"n":"Sel fin La Baleine -30% sodium Essentiel - 125g","p":1.4,"u":"11,20 €/KG","img":"https://fd3-photos.leclercdrive.fr/image.ashx?id=2628701&use=l&cat=p&typeid=i","cat":284457},{"id":215005,"n":"Choucroute cuite garnie Clavière - 910g","p":10.97,"u":"12,05 €/KG","img":"https://fd3-photos.leclercdrive.fr/image.ashx?id=2596197&use=l&cat=p&typeid=i","cat":333666},{"id":215014,"n":"Crabe Royal et des neiges de l'Antarctique Chatka - 180g","p":15.06,"u":"83,67 €/KG","img":"https://fd3-photos.leclercdrive.fr/image.ashx?id=2596341&use=l&cat=p&typeid=i","cat":305147},{"id":215016,"n":"Croutons nature Tipiak 220g","p":3.47,"u":"15,77 €/KG","img":"https://fd3-photos.leclercdrive.fr/image.ashx?id=2842061&use=l&cat=p&typeid=i","cat":284464},{"id":215017,"n":"Croutons ail Tipiak 220g","p":3.29,"u":"14,95 €/KG","img":"https://fd3-photos.leclercdrive.fr/image.ashx?id=2688872&use=l&cat=p&typeid=i","cat":284464},{"id":215029,"n":"Gnocchi à l'Alsacienne  Schneider - 500g","p":2.68,"u":"5,36 €/KG","img":"https://fd3-photos.leclercdrive.fr/image.ashx?id=2596128&use=l&cat=p&typeid=i","cat":333682},{"id":215041,"n":"Lasagnes à la Bolognaise  Fleury Michon - 300g","p":3.88,"u":"12,93 €/KG","img":"https://fd3-photos.leclercdrive.fr/image.ashx?id=3003242&use=l&cat=p&typeid=i","cat":333665},{"id":215056,"n":"Recharge Lessive liquide  Rainett - Bicarbonate 1.6L","p":5.89,"u":"3,68 €/L","img":"https://fd3-photos.leclercdrive.fr/image.ashx?id=2940291&use=l&cat=p&typeid=i","cat":284640},{"id":215089,"n":"Friandises chien Pedigree Rodeo bœuf fromage x7 - 123g","p":2.26,"u":"18,37 €/KG","img":"https://fd3-photos.leclercdrive.fr/image.ashx?id=2753277&use=l&cat=p&typeid=i","cat":294527},{"id":215091,"n":"Complément Alimentaire Juvamine Vitamine C 500 x30","p":2.95,"u":"46,09 €/KG","img":"https://fd3-photos.leclercdrive.fr/image.ashx?id=2749724&use=l&cat=p&typeid=i","cat":313217},{"id":215093,"n":"Complément Alimentaire Juvamine Vitamine C 500 x30","p":2.95,"u":"38,31 €/KG","img":"https://fd3-photos.leclercdrive.fr/image.ashx?id=2749727&use=l&cat=p&typeid=i","cat":313217},{"id":215098,"n":"Complément Alimentaire Juvamine Magnésium & Vitamines x30","p":3.49,"u":"0,12 €/P","img":"https://fd3-photos.leclercdrive.fr/image.ashx?id=2731495&use=l&cat=p&typeid=i","cat":313217},{"id":215099,"n":"Complément Alimentaire Juvamine 12 Vitamines et Minéraux x30","p":3.49,"u":"0,12 €/P","img":"https://fd3-photos.leclercdrive.fr/image.ashx?id=2749736&use=l&cat=p&typeid=i","cat":313217},{"id":215100,"n":"Complément Alimentaire Juvamine Vitamine C Magnésium x30","p":3.49,"u":"51,32 €/KG","img":"https://fd3-photos.leclercdrive.fr/image.ashx?id=2731501&use=l&cat=p&typeid=i","cat":313217},{"id":215101,"n":"Complément Alimentaire Juvamine Vitamine C, D et Calcium - x30","p":3.49,"u":"45,32 €/KG","img":"https://fd3-photos.leclercdrive.fr/image.ashx?id=2749739&use=l&cat=p&typeid=i","cat":313217},{"id":215122,"n":"Pâtes Alpina Perle - 500g","p":1.24,"u":"2,48 €/KG","img":"https://fd3-photos.leclercdrive.fr/image.ashx?id=2789859&use=l&cat=p&typeid=i","cat":284427},{"id":215125,"n":"Caramel Fudges Vahiné 70g","p":2.47,"u":"35,29 €/KG","img":"https://fd3-photos.leclercdrive.fr/image.ashx?id=2596868&use=l&cat=p&typeid=i","cat":284504},{"id":215146,"n":"Les Légumes Gratinés d'Aucy Chou-fleur Pomme de terre 300g","p":2.59,"u":"8,63 €/KG","img":"https://fd3-photos.leclercdrive.fr/image.ashx?id=2597363&use=l&cat=p&typeid=i","cat":319802},{"id":215152,"n":"Choucroute cuisinée Saugets Riesling et lardons - 500g","p":4.5,"u":"9,00 €/KG","img":"https://fd3-photos.leclercdrive.fr/image.ashx?id=2597459&use=l&cat=p&typeid=i","cat":333665},{"id":215209,"n":"Spray nettoyant La Croix Bicarbonate de soude - 500ml","p":2.41,"u":"4,82 €/L","img":"https://fd3-photos.leclercdrive.fr/image.ashx?id=2597609&use=l&cat=p&typeid=i","cat":325357},{"id":215211,"n":"Dentifrice Oral-B Pro-science Advanced Nettoyage intense 75ml","p":4.17,"u":"55,60 €/L","img":"https://fd3-photos.leclercdrive.fr/image.ashx?id=2737789&use=l&cat=p&typeid=i","cat":284612},{"id":215213,"n":"Sérum visage repulpant Garnier Acide Hyaluronique & Aloe Vera","p":8.06,"u":"268,67 €/L","img":"https://fd3-photos.leclercdrive.fr/image.ashx?id=2979911&use=l&cat=p&typeid=i","cat":325345},{"id":215214,"n":"Brossettes Oral-B Pro Sensitive clean - x2","p":13.07,"u":"6,54 €/PRT","img":"https://fd3-photos.leclercdrive.fr/image.ashx?id=2909254&use=l&cat=p&typeid=i","cat":297133},{"id":215215,"n":"Rasoir électrique Wilkinson Intuition Bikini - x1","p":14.34,"u":"Dont 0,10 € d'éco-part.","img":"https://fd3-photos.leclercdrive.fr/image.ashx?id=2597531&use=l&cat=p&typeid=i","cat":325352},{"id":215216,"n":"Lames rasoir Wilkinson Intuition - 2 en 1 - 3 lames","p":8.77,"u":"2,92 €/P","img":"https://fd3-photos.leclercdrive.fr/image.ashx?id=2849427&use=l&cat=p&typeid=i","cat":325352},{"id":215231,"n":"Petites gambas Fleury Ichon À la persillade - 280g","p":4.36,"u":"15,57 €/KG","img":"https://fd3-photos.leclercdrive.fr/image.ashx?id=2889499&use=l&cat=p&typeid=i","cat":333665},{"id":215233,"n":"Compotes Charles & Alice Pommes morceaux vanille x4 388g","p":1.97,"u":"5,08 €/KG","img":"https://fd3-photos.leclercdrive.fr/image.ashx?id=2757650&use=l&cat=p&typeid=i","cat":284416},{"id":215236,"n":"Compotes Charles & Alice Pomme morceau châtaigne x4 388g","p":1.93,"u":"4,97 €/KG","img":"https://fd3-photos.leclercdrive.fr/image.ashx?id=2757656&use=l&cat=p&typeid=i","cat":284416},{"id":215242,"n":"Tomates séchées bio Gusti Amo 280g","p":3.8,"u":"13,57 €/KG","img":"https://fd3-photos.leclercdrive.fr/image.ashx?id=2598181&use=l&cat=p&typeid=i","cat":312608},{"id":215278,"n":"Bonbons Copains Copines Bouée bi-goût acide - 250 g","p":1.59,"u":"6,36 €/KG","img":"https://fd3-photos.leclercdrive.fr/image.ashx?id=2934763&use=l&cat=p&typeid=i","cat":304250},{"id":215281,"n":"Bonbons Copains Copines Soda fruit acide - 200 g","p":1.19,"u":"5,95 €/KG","img":"https://fd3-photos.leclercdrive.fr/image.ashx?id=2934766&use=l&cat=p&typeid=i","cat":304250},{"id":215282,"n":"Bonbons Copains Copines Unicone - 200 g","p":1.29,"u":"6,45 €/KG","img":"https://fd3-photos.leclercdrive.fr/image.ashx?id=2934769&use=l&cat=p&typeid=i","cat":304250},{"id":215283,"n":"Bonbons DinoAcid' Copains Copines - 200g","p":1.19,"u":"5,95 €/KG","img":"https://fd3-photos.leclercdrive.fr/image.ashx?id=2597345&use=l&cat=p&typeid=i","cat":304250},{"id":215311,"n":"P'tit biscuit Nestlé 180g","p":2.05,"u":"11,39 €/KG","img":"https://fd3-photos.leclercdrive.fr/image.ashx?id=2737225&use=l&cat=p&typeid=i","cat":312227},{"id":215356,"n":"Cookies de Noël Fortwenger 150g","p":3.18,"u":"21,20 €/KG","img":"https://fd3-photos.leclercdrive.fr/image.ashx?id=2598870&use=l&cat=p&typeid=i","cat":284488},{"id":215377,"n":"Fromage Persillée Bresse Bleu Le véritable - 200g","p":2.74,"u":"13,70 €/KG","img":"https://fd3-photos.leclercdrive.fr/image.ashx?id=2927486&use=l&cat=p&typeid=i","cat":314032},{"id":215379,"n":"Sérum Visage Anti-âge Nivea Anti-taches Luminous - 30ml","p":19.08,"u":"636,00 €/L","img":"https://fd3-photos.leclercdrive.fr/image.ashx?id=2985492&use=l&cat=p&typeid=i","cat":325345},{"id":215399,"n":"Noix de Saint-Jacques Nautilus Au naturel - 111g","p":6.98,"u":"62,88 €/KG","img":"https://fd3-photos.leclercdrive.fr/image.ashx?id=2598510&use=l&cat=p&typeid=i","cat":305147},{"id":215403,"n":"Châtaignes pelées au feu Mont d'Or - 420g","p":6.34,"u":"15,10 €/KG","img":"https://fd3-photos.leclercdrive.fr/image.ashx?id=2600812&use=l&cat=p&typeid=i","cat":289010},{"id":215448,"n":"Huile d'olive aromatisée Borde À la truffe noire - 250ml","p":10.24,"u":"40,96 €/L","img":"https://fd3-photos.leclercdrive.fr/image.ashx?id=2598783&use=l&cat=p&typeid=i","cat":284453},{"id":215479,"n":"Les Petites Girolles bocal Borde - 100g","p":2.92,"u":"29,20 €/KG","img":"https://fd3-photos.leclercdrive.fr/image.ashx?id=2598789&use=l&cat=p&typeid=i","cat":312610},{"id":215564,"n":"Boules praliné lait Jacquot Eclat de noisettes 1 Kg","p":15.52,"u":"15,52 €/KG","img":"https://fd3-photos.leclercdrive.fr/image.ashx?id=2599607&use=l&cat=p&typeid=i","cat":327595},{"id":215571,"n":"Père Noël Jacquot moulage chocolat 100g","p":2.52,"u":"25,20 €/KG","img":"https://fd3-photos.leclercdrive.fr/image.ashx?id=2855876&use=l&cat=p&typeid=i","cat":327592},{"id":215581,"n":"Bouchées chocolats mon chéri  x30 - 315g","p":8.29,"u":"26,32 €/KG","img":"https://fd3-photos.leclercdrive.fr/image.ashx?id=2952923&use=l&cat=p&typeid=i","cat":327601},{"id":215600,"n":"Boîte Ferrero collection  42 pièces - 431g","p":16.65,"u":"38,63 €/KG","img":"https://fd3-photos.leclercdrive.fr/image.ashx?id=2899752&use=l&cat=p&typeid=i","cat":327595},{"id":215712,"n":"Boîte sélection Côte d'or 135g","p":7.59,"u":"56,22 €/KG","img":"https://fd3-photos.leclercdrive.fr/image.ashx?id=2599964&use=l&cat=p&typeid=i","cat":327595},{"id":215719,"n":"Mini délices oreo & cacao Milka 320g","p":11.42,"u":"35,69 €/KG","img":"https://fd3-photos.leclercdrive.fr/image.ashx?id=2599952&use=l&cat=p&typeid=i","cat":327597},{"id":215740,"n":"Crunch Chocolat Noël Mini Figurines - 144g","p":6.33,"u":"43,96 €/KG","img":"https://fd3-photos.leclercdrive.fr/image.ashx?id=2763987&use=l&cat=p&typeid=i","cat":327592},{"id":215749,"n":"Authentique Revillon Noir et  Lait- 360g","p":8.73,"u":"24,25 €/KG","img":"https://fd3-photos.leclercdrive.fr/image.ashx?id=2618399&use=l&cat=p&typeid=i","cat":327597},{"id":215789,"n":"Marrons entiers Mont d'Or 800g","p":6.36,"u":"7,95 €/KG","img":"https://fd3-photos.leclercdrive.fr/image.ashx?id=2600815&use=l&cat=p&typeid=i","cat":289010},{"id":215890,"n":"Piles alcalines Varta V23GA - x2","p":4.74,"u":"2,37 €/P","img":"https://fd3-photos.leclercdrive.fr/image.ashx?id=2600770&use=l&cat=p&typeid=i","cat":300572},{"id":215910,"n":"Bain de bouche Expert Dentamyl Blanche - 500ml","p":1.97,"u":"3,94 €/L","img":"https://fd3-photos.leclercdrive.fr/image.ashx?id=2600627&use=l&cat=p&typeid=i","cat":284613},{"id":215912,"n":"Gel douche Le Petit Marseillais Homme - Orange Safran 250ml","p":2.78,"u":"11,12 €/L","img":"https://fd3-photos.leclercdrive.fr/image.ashx?id=2941772&use=l&cat=p&typeid=i","cat":284619},{"id":215932,"n":"Eponges Spontex Fibres recyclées - x2","p":1.66,"u":"0,83 €/P","img":"https://fd3-photos.leclercdrive.fr/image.ashx?id=2758078&use=l&cat=p&typeid=i","cat":284667},{"id":215951,"n":"Film étirable Alfapac Vegetal origin - 40m","p":2.06,"img":"https://fd3-photos.leclercdrive.fr/image.ashx?id=2986353&use=l&cat=p&typeid=i","cat":285194},{"id":216007,"n":"Petits pots bébé P'TIT SOUPER Quinotto carottes 8M+ - 2x200g","p":2.07,"u":"5,18 €/KG","img":"https://fd3-photos.leclercdrive.fr/image.ashx?id=2737762&use=l&cat=p&typeid=i","cat":312239},{"id":216014,"n":"Feta bio Bio Village 150g","p":2.49,"u":"16,60 €/KG","img":"https://fd3-photos.leclercdrive.fr/image.ashx?id=2615813&use=l&cat=p&typeid=i","cat":314026},{"id":216017,"n":"Dessert Lacté P'TIT BRASSE BIO  Végétal Coco Kiwi 6M+ - 4X90g","p":3.3,"u":"9,17 €/KG","img":"https://fd3-photos.leclercdrive.fr/image.ashx?id=2601812&use=l&cat=p&typeid=i","cat":312392},{"id":216018,"n":"Desserts Lactés P'TIT BRASSE BIO Vanille  6M+ - 4X90g","p":2.07,"u":"5,75 €/KG","img":"https://fd3-photos.leclercdrive.fr/image.ashx?id=2601208&use=l&cat=p&typeid=i","cat":312392},{"id":216021,"n":"Desserts Lactés P'TIT ONCTUEUX  Mini Fraise 6M+ - 6x50g","p":2.26,"u":"7,53 €/KG","img":"https://fd3-photos.leclercdrive.fr/image.ashx?id=2601881&use=l&cat=p&typeid=i","cat":312392},{"id":216071,"n":"Beurre Président  Doux - 60% MG - 200g","p":1.75,"u":"8,75 €/KG","img":"https://fd3-photos.leclercdrive.fr/image.ashx?id=2887683&use=l&cat=p&typeid=i","cat":284379},{"id":216072,"n":"Beurre Président Demi-sel - 60% MG - 200g","p":1.72,"u":"8,60 €/KG","img":"https://fd3-photos.leclercdrive.fr/image.ashx?id=2841265&use=l&cat=p&typeid=i","cat":284379},{"id":216093,"n":"Chips Tortilla Doritos Goût barbecue style - 160g","p":2.0,"u":"12,50 €/KG","img":"https://fd3-photos.leclercdrive.fr/image.ashx?id=2880718&use=l&cat=p&typeid=i","cat":287899},{"id":216094,"n":"Lait bébé en poudre Blédilait croissance 1-3 ans 1,2kg","p":13.49,"u":"11,24 €/KG","img":"https://fd3-photos.leclercdrive.fr/image.ashx?id=2608157&use=l&cat=p&typeid=i","cat":290219},{"id":216095,"n":"Chips Tortilla Doritos Goût nacho cheese - 160g","p":1.53,"u":"9,56 €/KG","img":"https://fd3-photos.leclercdrive.fr/image.ashx?id=2990478&use=l&cat=p&typeid=i","cat":287899},{"id":216096,"n":"Chips Tortilla Doritos Goût Nature Sel - 160g","p":1.85,"u":"11,56 €/KG","img":"https://fd3-photos.leclercdrive.fr/image.ashx?id=2880715&use=l&cat=p&typeid=i","cat":287899},{"id":216097,"n":"Chips Tortilla Doritos Goût paprika - 160g","p":2.07,"u":"12,94 €/KG","img":"https://fd3-photos.leclercdrive.fr/image.ashx?id=2890091&use=l&cat=p&typeid=i","cat":287899},{"id":216098,"n":"Chips Tortilla Doritos Goût sweet chili - 160g","p":1.87,"u":"11,69 €/KG","img":"https://fd3-photos.leclercdrive.fr/image.ashx?id=2990475&use=l&cat=p&typeid=i","cat":287899},{"id":216099,"n":"Chips Tortilla Doritos Goût sour cream - 160g","p":1.98,"u":"12,38 €/KG","img":"https://fd3-photos.leclercdrive.fr/image.ashx?id=2890088&use=l&cat=p&typeid=i","cat":287899},{"id":216105,"n":"Pané raclette Grand Fermage x4 - 100g","p":1.93,"u":"19,30 €/KG","img":"https://fd3-photos.leclercdrive.fr/image.ashx?id=2603402&use=l&cat=p&typeid=i","cat":314037},{"id":216108,"n":"Compotes Materne 5 fruits - 12x100g","p":4.2,"u":"3,50 €/KG","img":"https://fd3-photos.leclercdrive.fr/image.ashx?id=3003104&use=l&cat=p&typeid=i","cat":284416},{"id":216109,"n":"Compotes Materne 5 fruits rose & orange 12x100g","p":4.42,"u":"3,68 €/KG","img":"https://fd3-photos.leclercdrive.fr/image.ashx?id=3003107&use=l&cat=p&typeid=i","cat":284416},{"id":216110,"n":"Compotes Materne Pomme Pêche de vigne - 4x100g","p":1.46,"u":"3,65 €/KG","img":"https://fd3-photos.leclercdrive.fr/image.ashx?id=3003110&use=l&cat=p&typeid=i","cat":284416},{"id":216113,"n":"Yaourt Fruits Panier de Yoplait Mûre Myrtille - 4x125g","p":2.08,"u":"4,16 €/KG","img":"https://fd3-photos.leclercdrive.fr/image.ashx?id=2884480&use=l&cat=p&typeid=i","cat":284410},{"id":216119,"n":"Yaourt Panier de Yoplait Fruits Jaunes - 8x125g","p":3.03,"u":"3,03 €/KG","img":"https://fd3-photos.leclercdrive.fr/image.ashx?id=2811965&use=l&cat=p&typeid=i","cat":284410},{"id":216123,"n":"Yaourt Fruits Panier de Yoplait Panaché - 16x125g","p":5.15,"u":"2,58 €/KG","img":"https://fd3-photos.leclercdrive.fr/image.ashx?id=2884489&use=l&cat=p&typeid=i","cat":284410},{"id":216128,"n":"Yaourt Fruits Panier de Yoplait Panaché 0%Mg - 16x125g","p":4.76,"u":"2,38 €/KG","img":"https://fd3-photos.leclercdrive.fr/image.ashx?id=2884495&use=l&cat=p&typeid=i","cat":284410},{"id":216273,"n":"Nettoyant multi-surfaces Pliz Pistolet - 500ml","p":3.19,"u":"6,38 €/L","img":"https://fd3-photos.leclercdrive.fr/image.ashx?id=2604828&use=l&cat=p&typeid=i","cat":325357},{"id":216274,"n":"Nettoyant bois aloe vera Pliz Pistolet 500ml","p":3.61,"u":"7,22 €/L","img":"https://fd3-photos.leclercdrive.fr/image.ashx?id=2604840&use=l&cat=p&typeid=i","cat":325364},{"id":216275,"n":"Gel wc action intense menthe Canard WC - 750ml","p":1.57,"u":"2,09 €/L","img":"https://fd3-photos.leclercdrive.fr/image.ashx?id=2604831&use=l&cat=p&typeid=i","cat":284662},{"id":216277,"n":"Piège anti mites Raid Mites alimentaires  - x3","p":4.58,"u":"1,53 €/P","img":"https://fd3-photos.leclercdrive.fr/image.ashx?id=2604837&use=l&cat=p&typeid=i","cat":298368},{"id":216323,"n":"Cake au chapon cèpes et marron 230g","p":8.25,"u":"35,87 €/KG","img":"https://fd3-photos.leclercdrive.fr/image.ashx?id=2996638&use=l&cat=p&typeid=i","cat":327280},{"id":216325,"n":"Gel douche Adidas Active Skin & Mind - Energy Kick - 250ml","p":2.72,"u":"10,88 €/L","img":"https://fd3-photos.leclercdrive.fr/image.ashx?id=2990784&use=l&cat=p&typeid=i","cat":284619},{"id":216350,"n":"Émincés de porc au curry L'Atelier Boucherie - 300g","p":4.59,"u":"15,30 €/KG","img":"https://fd3-photos.leclercdrive.fr/image.ashx?id=2854279&use=l&cat=p&typeid=i","cat":284331},{"id":216351,"n":"Émincés de porc Cacahuète L'Atelier Boucherie - 300g","p":4.59,"u":"15,30 €/KG","img":"https://fd3-photos.leclercdrive.fr/image.ashx?id=2854291&use=l&cat=p&typeid=i","cat":284331},{"id":216353,"n":"Émincés de porc caramel L'Atelier Boucherie - 300g","p":4.59,"u":"15,30 €/KG","img":"https://fd3-photos.leclercdrive.fr/image.ashx?id=2854297&use=l&cat=p&typeid=i","cat":284331},{"id":216378,"n":"Dessert Lacté P'TIT BRASSE Mini BIO Pomme Poire SSA 4M+ - 6x50g","p":2.47,"u":"8,23 €/KG","img":"https://fd3-photos.leclercdrive.fr/image.ashx?id=2651726&use=l&cat=p&typeid=i","cat":312392},{"id":216381,"n":"Émincés de boeuf Tex-Mex L'Atelier Boucherie - 200g","p":4.79,"u":"23,95 €/KG","img":"https://fd3-photos.leclercdrive.fr/image.ashx?id=2854282&use=l&cat=p&typeid=i","cat":284328},{"id":216383,"n":"Émincés de boeuf chinois L'Atelier Boucherie - 200g","p":4.79,"u":"23,95 €/KG","img":"https://fd3-photos.leclercdrive.fr/image.ashx?id=2854288&use=l&cat=p&typeid=i","cat":284328},{"id":216398,"n":"Pain de mie 100% Mie Brioché Toasts sans croûte 285G","p":1.55,"u":"5,44 €/KG","img":"https://fd3-photos.leclercdrive.fr/image.ashx?id=2606271&use=l&cat=p&typeid=i","cat":284478},{"id":216462,"n":"Spray Prêt à l'emploi St Marc  Acide Citrique - 500ml","p":2.97,"u":"5,94 €/L","img":"https://fd3-photos.leclercdrive.fr/image.ashx?id=2653867&use=l&cat=p&typeid=i","cat":325357},{"id":216463,"n":"Lingettes désinfectantes St  Marc Anti-Bactériennes - x80","p":2.4,"u":"0,03 €/P","img":"https://fd3-photos.leclercdrive.fr/image.ashx?id=2811341&use=l&cat=p&typeid=i","cat":325358},{"id":216465,"n":"Gâteaux P'tit moelleux Savane 135g","p":1.57,"u":"11,63 €/KG","img":"https://fd3-photos.leclercdrive.fr/image.ashx?id=2881458&use=l&cat=p&typeid=i","cat":284495},{"id":216474,"n":"Infusion La Tisanière Bio - menthe & citron vert 30g","p":2.8,"u":"93,33 €/KG","img":"https://fd3-photos.leclercdrive.fr/image.ashx?id=2606906&use=l&cat=p&typeid=i","cat":293234},{"id":216477,"n":"Spray nasal Prorhinel Jet tonique - Adulte - 100ml","p":5.59,"u":"55,90 €/L","img":"https://fd3-photos.leclercdrive.fr/image.ashx?id=2917864&use=l&cat=p&typeid=i","cat":284630},{"id":216480,"n":"Infusion La Tisanière  Bio fruits rouges  Hibiscus 32g","p":2.67,"u":"83,44 €/KG","img":"https://fd3-photos.leclercdrive.fr/image.ashx?id=2606903&use=l&cat=p&typeid=i","cat":293234},{"id":216485,"n":"Gourde dès 6 mois Bledina Poires amandes - 4x85g","p":4.58,"u":"13,47 €/KG","img":"https://fd3-photos.leclercdrive.fr/image.ashx?id=2843322&use=l&cat=p&typeid=i","cat":312388},{"id":216521,"n":"Yaourt à la grecque YAOS  Nature - 850g","p":2.78,"u":"3,27 €/KG","img":"https://fd3-photos.leclercdrive.fr/image.ashx?id=2729776&use=l&cat=p&typeid=i","cat":314999},{"id":216525,"n":"Nesquik Chocoballs 4x120g","p":2.74,"u":"5,71 €/KG","img":"https://fd3-photos.leclercdrive.fr/image.ashx?id=2606876&use=l&cat=p&typeid=i","cat":284414},{"id":216563,"n":"Chocolat Révillon Caramel et Nougatine d'Exception - 340g","p":11.52,"u":"33,88 €/KG","img":"https://fd3-photos.leclercdrive.fr/image.ashx?id=2608728&use=l&cat=p&typeid=i","cat":327597},{"id":216596,"n":"Pâte à tartiner Andros be nuts Cacahuète croquant - 325g","p":3.38,"u":"10,40 €/KG","img":"https://fd3-photos.leclercdrive.fr/image.ashx?id=2906484&use=l&cat=p&typeid=i","cat":284481},{"id":216597,"n":"Pâte à tartiner Andros be nuts Cacahuète crémeux - 325g","p":3.33,"u":"10,25 €/KG","img":"https://fd3-photos.leclercdrive.fr/image.ashx?id=2916201&use=l&cat=p&typeid=i","cat":284481},{"id":216629,"n":"Soda Twist Pik Haribo Sachet bonbons acidulés - 190g","p":2.07,"u":"10,89 €/KG","img":"https://fd3-photos.leclercdrive.fr/image.ashx?id=2984958&use=l&cat=p&typeid=i","cat":304250},{"id":216634,"n":"Infusion La Tisanière  Bio citron","p":2.97,"u":"99,00 €/KG","img":"https://fd3-photos.leclercdrive.fr/image.ashx?id=2608605&use=l&cat=p&typeid=i","cat":293234},{"id":216638,"n":"Nectar multifruits Pressade Bio  - 1L","p":2.67,"u":"2,67 €/L","img":"https://fd3-photos.leclercdrive.fr/image.ashx?id=2692380&use=l&cat=p&typeid=i","cat":284917},{"id":216741,"n":"Sauce tomate Gusti Amo Bio tomate basilic  - 350g","p":2.44,"u":"6,97 €/KG","img":"https://fd3-photos.leclercdrive.fr/image.ashx?id=2608872&use=l&cat=p&typeid=i","cat":288384},{"id":216746,"n":"Sauce tomate Gusti Amo Bio ricotta - 350g","p":2.44,"u":"6,97 €/KG","img":"https://fd3-photos.leclercdrive.fr/image.ashx?id=2608869&use=l&cat=p&typeid=i","cat":288384},{"id":216747,"n":"Boudin blanc aux morilles Maitre Jacques - 375g","p":5.96,"u":"15,89 €/KG","img":"https://fd3-photos.leclercdrive.fr/image.ashx?id=2746974&use=l&cat=p&typeid=i","cat":327289},{"id":216748,"n":"Boudin blanc forestier Maître Jacques - 375g","p":5.66,"u":"15,09 €/KG","img":"https://fd3-photos.leclercdrive.fr/image.ashx?id=2746980&use=l&cat=p&typeid=i","cat":327289},{"id":216749,"n":"Sauce pesto Gusti Amo Bio Pesto verde - 130g","p":2.35,"u":"18,08 €/KG","img":"https://fd3-photos.leclercdrive.fr/image.ashx?id=2608875&use=l&cat=p&typeid=i","cat":299047},{"id":216750,"n":"Coquilles St Jacques Bretonne Comptoir des Marées x6 - 540g","p":16.49,"u":"30,54 €/KG","img":"https://fd3-photos.leclercdrive.fr/image.ashx?id=2608815&use=l&cat=p&typeid=i","cat":319775},{"id":216772,"n":"Desserts Lactés P'TIT ONCTUEUX Pomme 6M+ - 4x90g","p":2.32,"u":"6,44 €/KG","img":"https://fd3-photos.leclercdrive.fr/image.ashx?id=2737765&use=l&cat=p&typeid=i","cat":312392},{"id":216999,"n":"Pétales céréales Grainea Nature - 750g","p":2.99,"u":"3,99 €/KG","img":"https://fd3-photos.leclercdrive.fr/image.ashx?id=2609438&use=l&cat=p&typeid=i","cat":309512},{"id":217003,"n":"Céréales coco pops Kellogg's Au chocolat - 550g","p":3.8,"u":"6,91 €/KG","img":"https://fd3-photos.leclercdrive.fr/image.ashx?id=2611080&use=l&cat=p&typeid=i","cat":309513},{"id":217008,"n":"Champagne René Martin Brut Blanc de blancs - 75cl","p":25.9,"u":"34,53 €/L","img":"https://fd3-photos.leclercdrive.fr/image.ashx?id=2842028&use=l&cat=p&typeid=i","cat":284542},{"id":217017,"n":"Montagne St Emilion Château Angelot - 1.5L","p":15.99,"u":"10,66 €/L","img":"https://fd3-photos.leclercdrive.fr/image.ashx?id=2630061&use=l&cat=p&typeid=i","cat":289556},{"id":217096,"n":"Boisson énergisante Crazy Tiger Tropical - 1L","p":2.48,"u":"2,48 €/L","img":"https://fd3-photos.leclercdrive.fr/image.ashx?id=2861078&use=l&cat=p&typeid=i","cat":284533},{"id":217097,"n":"Boisson énergisante Crazy Tiger Cerise - 1L","p":2.46,"u":"2,46 €/L","img":"https://fd3-photos.leclercdrive.fr/image.ashx?id=2859509&use=l&cat=p&typeid=i","cat":284533},{"id":217118,"n":"Dosettes café Senseo Espresso Intense x32","p":5.93,"u":"26,71 €/KG","img":"https://fd3-photos.leclercdrive.fr/image.ashx?id=2788055&use=l&cat=p&typeid=i","cat":293238},{"id":217119,"n":"Dosettes café Senseo Espresso Colombia x32","p":5.83,"u":"26,26 €/KG","img":"https://fd3-photos.leclercdrive.fr/image.ashx?id=2764646&use=l&cat=p&typeid=i","cat":293238},{"id":217184,"n":"Culotte menstruelle Nana Noir - Taille M","p":17.76,"u":"35,52 €/L","img":"https://fd3-photos.leclercdrive.fr/image.ashx?id=2986894&use=l&cat=p&typeid=i","cat":284624},{"id":217237,"n":"Crème visage hydratante L'Oréal Men Expert - 50ml","p":6.23,"u":"124,60 €/L","img":"https://fd3-photos.leclercdrive.fr/image.ashx?id=2613573&use=l&cat=p&typeid=i","cat":284622},{"id":217377,"n":"Gel Anti-Mites Raid Senteur Lavande - 2 pièces","p":3.5,"u":"1,75 €/P","img":"https://fd3-photos.leclercdrive.fr/image.ashx?id=2612760&use=l&cat=p&typeid=i","cat":298368},{"id":217404,"n":"Mini rôti volaille Maître Coq Aux figues  - 2x200g","p":7.29,"u":"18,23 €/KG","img":"https://fd3-photos.leclercdrive.fr/image.ashx?id=2962503&use=l&cat=p&typeid=i","cat":327289},{"id":217532,"n":"Steaks hâchés façon bouchère  Al Qassab 15%MG x8 - 1kg","p":20.41,"u":"20,41 €/KG","img":"https://fd3-photos.leclercdrive.fr/image.ashx?id=2614065&use=l&cat=p&typeid=i","cat":319778},{"id":217533,"n":"Viande hâchée Al Qassab 20%MG Halal - 1kg","p":22.54,"u":"22,54 €/KG","img":"https://fd3-photos.leclercdrive.fr/image.ashx?id=2614068&use=l&cat=p&typeid=i","cat":319779},{"id":217537,"n":"Raclette Gratte Givre Tech9 Orange - 1 pièce","p":2.55,"img":"https://fd3-photos.leclercdrive.fr/image.ashx?id=2613212&use=l&cat=p&typeid=i","cat":298252},{"id":217538,"n":"Raclette Gratte Givre Tech9 Bleu - 1 pièce","p":2.55,"img":"https://fd3-photos.leclercdrive.fr/image.ashx?id=2613215&use=l&cat=p&typeid=i","cat":298252},{"id":217541,"n":"Papillotes Revillon Noir 70% Pralinés d'exception - 340g","p":12.57,"u":"36,97 €/KG","img":"https://fd3-photos.leclercdrive.fr/image.ashx?id=2614014&use=l&cat=p&typeid=i","cat":327597},{"id":217543,"n":"Papillotes Revillon Lait Pralinés d'exception - 340g","p":12.57,"u":"36,97 €/KG","img":"https://fd3-photos.leclercdrive.fr/image.ashx?id=2614011&use=l&cat=p&typeid=i","cat":327597},{"id":217562,"n":"Coffret Goudale de Noël 75cl + 2 verres","p":8.09,"u":"10,79 €/L","img":"https://fd3-photos.leclercdrive.fr/image.ashx?id=2786351&use=l&cat=p&typeid=i","cat":334872},{"id":217576,"n":"AOC Vin Rouge Sud-Ouest Bio Bergerac - Les Vigonies - 75cl","p":4.7,"u":"6,27 €/L","img":"https://fd3-photos.leclercdrive.fr/image.ashx?id=2673809&use=l&cat=p&typeid=i","cat":289556},{"id":217600,"n":"Bocal asperges d'Alsace Fraisal - 330g","p":6.82,"u":"20,67 €/KG","img":"https://fd3-photos.leclercdrive.fr/image.ashx?id=2744995&use=l&cat=p&typeid=i","cat":312611},{"id":217610,"n":"Café en grain  Bio Village Bio Pur arabica - 500g","p":8.39,"u":"16,78 €/KG","img":"https://fd3-photos.leclercdrive.fr/image.ashx?id=2615376&use=l&cat=p&typeid=i","cat":293237},{"id":217612,"n":"Café en grain Plantation Pur arabica - 1kg","p":13.06,"u":"13,06 €/KG","img":"https://fd3-photos.leclercdrive.fr/image.ashx?id=2824307&use=l&cat=p&typeid=i","cat":293237},{"id":217613,"n":"Café en grain Plantation Ethiopie - 500g","p":7.99,"u":"15,98 €/KG","img":"https://fd3-photos.leclercdrive.fr/image.ashx?id=2824310&use=l&cat=p&typeid=i","cat":293237},{"id":217617,"n":"Compotes Cool Fruits Vitabio Bio  - 12x90g","p":8.87,"u":"49,28 €/KG","img":"https://fd3-photos.leclercdrive.fr/image.ashx?id=2615038&use=l&cat=p&typeid=i","cat":284508},{"id":217618,"n":"Velouté bio Jardin Bio Potiron patate douce 1L","p":3.46,"u":"3,46 €/L","img":"https://fd3-photos.leclercdrive.fr/image.ashx?id=2615077&use=l&cat=p&typeid=i","cat":284462},{"id":217622,"n":"Concassé de tomates bio Jardin Bio - 400g","p":1.4,"u":"3,50 €/KG","img":"https://fd3-photos.leclercdrive.fr/image.ashx?id=2615071&use=l&cat=p&typeid=i","cat":288384},{"id":217703,"n":"Dés de Gouda au cumin Petit Marché - 120g","p":2.55,"u":"21,25 €/KG","img":"https://fd3-photos.leclercdrive.fr/image.ashx?id=2622531&use=l&cat=p&typeid=i","cat":314027},{"id":217706,"n":"Brossettes Oral-B Pro Sensitive","p":96.32,"img":"https://fd3-photos.leclercdrive.fr/image.ashx?id=2615191&use=l&cat=p&typeid=i","cat":297133},{"id":217719,"n":"Déodorant spray Dove  Advanced Care - 2x100ml","p":5.15,"u":"25,75 €/L","img":"https://fd3-photos.leclercdrive.fr/image.ashx?id=2903872&use=l&cat=p&typeid=i","cat":284595},{"id":217721,"n":"Déodorant spray Dove Invisible Dry - 2x100ml","p":5.15,"u":"25,75 €/L","img":"https://fd3-photos.leclercdrive.fr/image.ashx?id=2903875&use=l&cat=p&typeid=i","cat":284595},{"id":217726,"n":"Ravioles de la Drôme NRT Saint-Marcellin - 240g","p":3.39,"u":"14,13 €/KG","img":"https://fd3-photos.leclercdrive.fr/image.ashx?id=2613951&use=l&cat=p&typeid=i","cat":333682},{"id":217905,"n":"Petits pots bébé P'TITE RECETTE BIO Carottes bœuf 12M+ - 2x190g","p":3.25,"u":"8,55 €/KG","img":"https://fd3-photos.leclercdrive.fr/image.ashx?id=2615774&use=l&cat=p&typeid=i","cat":312237},{"id":217907,"n":"Mix croquant Tramier Natura 175g","p":3.96,"u":"22,63 €/KG","img":"https://fd3-photos.leclercdrive.fr/image.ashx?id=2985624&use=l&cat=p&typeid=i","cat":284357},{"id":217912,"n":"Pistaches  Tramier Natura Grillées - 160g","p":3.97,"u":"24,81 €/KG","img":"https://fd3-photos.leclercdrive.fr/image.ashx?id=2948510&use=l&cat=p&typeid=i","cat":284448},{"id":217917,"n":"IGP Nids d'Alsace 500g","p":2.69,"u":"5,38 €/KG","img":"https://fd3-photos.leclercdrive.fr/image.ashx?id=2856624&use=l&cat=p&typeid=i","cat":284427},{"id":217920,"n":"Spaguetti  Nos Régions ont du talent 500g","p":1.99,"u":"3,98 €/KG","img":"https://fd3-photos.leclercdrive.fr/image.ashx?id=2856621&use=l&cat=p&typeid=i","cat":284427},{"id":217921,"n":"Olives vertes Tramier  Confites dénoyauté 320g","p":2.34,"u":"7,31 €/KG","img":"https://fd3-photos.leclercdrive.fr/image.ashx?id=2616087&use=l&cat=p&typeid=i","cat":284450},{"id":217934,"n":"Gel douche Adidas Active Skin & Mind - Cool Down - 250ml","p":2.53,"u":"10,12 €/L","img":"https://fd3-photos.leclercdrive.fr/image.ashx?id=2990775&use=l&cat=p&typeid=i","cat":284619},{"id":217935,"n":"Désodorisant diffuseur Airwick  Active Fresh Coton - 75ml","p":3.77,"u":"50,27 €/L","img":"https://fd3-photos.leclercdrive.fr/image.ashx?id=2616186&use=l&cat=p&typeid=i","cat":311629},{"id":217946,"n":"Détachant textile Texil Multi-usage - 500g","p":2.8,"u":"5,60 €/KG","img":"https://fd3-photos.leclercdrive.fr/image.ashx?id=2988132&use=l&cat=p&typeid=i","cat":284651},{"id":217952,"n":"Rouge à lèvres L'Oréal Paris Color Riche 303 - Rose tendre","p":12.88,"img":"https://fd3-photos.leclercdrive.fr/image.ashx?id=3014434&use=l&cat=p&typeid=i","cat":287029},{"id":217956,"n":"Brosse à dent électrique Oral-B Pro series 1 - Bleue x1","p":40.8,"img":"https://fd3-photos.leclercdrive.fr/image.ashx?id=2616255&use=l&cat=p&typeid=i","cat":297133},{"id":217959,"n":"Dentifrice Oral-B  3D White luxe - 75ml","p":3.83,"u":"51,07 €/L","img":"https://fd3-photos.leclercdrive.fr/image.ashx?id=2737540&use=l&cat=p&typeid=i","cat":284612},{"id":217961,"n":"Brossettes Oral-B Pro Precision clean - x2","p":11.38,"u":"5,69 €/P","img":"https://fd3-photos.leclercdrive.fr/image.ashx?id=2957692&use=l&cat=p&typeid=i","cat":297133},{"id":217968,"n":"Dentifrice Oral-B Pro-science Advanced - Blancheur - 75ml","p":4.0,"u":"53,33 €/L","img":"https://fd3-photos.leclercdrive.fr/image.ashx?id=2616288&use=l&cat=p&typeid=i","cat":284612},{"id":217973,"n":"Culottes Huggies® Extra Care® Taille 4 x26 (9-14 kg)","p":13.47,"u":"0,52 €/P","img":"https://fd3-photos.leclercdrive.fr/image.ashx?id=2831405&use=l&cat=p&typeid=i","cat":290633},{"id":217975,"n":"Culottes Huggies® Extra Care® Taille 5 x24 (12-17 kg)","p":11.61,"u":"0,48 €/P","img":"https://fd3-photos.leclercdrive.fr/image.ashx?id=2831408&use=l&cat=p&typeid=i","cat":290633},{"id":217987,"n":"Dentifrice Signal Integral 8 Prébiotique complet - 100ml","p":2.41,"u":"24,10 €/L","img":"https://fd3-photos.leclercdrive.fr/image.ashx?id=2738668&use=l&cat=p&typeid=i","cat":284612},{"id":217989,"n":"Dentifrice Integral 8 Signal HaleineFraîche Prébiotique 75ml","p":2.18,"u":"29,07 €/L","img":"https://fd3-photos.leclercdrive.fr/image.ashx?id=2985660&use=l&cat=p&typeid=i","cat":284612},{"id":217991,"n":"Dentifrice Signal Integral 8 Nettoyage intense - 75ml","p":2.43,"u":"32,40 €/L","img":"https://fd3-photos.leclercdrive.fr/image.ashx?id=2818190&use=l&cat=p&typeid=i","cat":284612},{"id":217995,"n":"Dentifrice Signal Integral 8 Resist +Prébiotique - 75ml","p":2.0,"u":"26,67 €/L","img":"https://fd3-photos.leclercdrive.fr/image.ashx?id=2818199&use=l&cat=p&typeid=i","cat":284612},{"id":218000,"n":"Dentifrice Signal Système Blancheur 1 semaine - 75ml","p":1.78,"u":"23,73 €/L","img":"https://fd3-photos.leclercdrive.fr/image.ashx?id=2777516&use=l&cat=p&typeid=i","cat":284612},{"id":218001,"n":"Dentifrice Signal Système Blancheur - Charbon - 75ml","p":2.43,"u":"32,40 €/L","img":"https://fd3-photos.leclercdrive.fr/image.ashx?id=2981421&use=l&cat=p&typeid=i","cat":284612},{"id":218002,"n":"Dentifrice Signal Système Blancheur Eclat brillance 75ml","p":2.53,"u":"33,73 €/L","img":"https://fd3-photos.leclercdrive.fr/image.ashx?id=2981424&use=l&cat=p&typeid=i","cat":284612},{"id":218003,"n":"Brosse à dents Signal Integral  8 - Noir - Souple - x1","p":2.57,"img":"https://fd3-photos.leclercdrive.fr/image.ashx?id=2748707&use=l&cat=p&typeid=i","cat":284614},{"id":218027,"n":"Assortiment Mini Barre Kit Kat Chocolat au lait - 240g","p":4.77,"u":"19,88 €/KG","img":"https://fd3-photos.leclercdrive.fr/image.ashx?id=2792873&use=l&cat=p&typeid=i","cat":284498},{"id":218042,"n":"Saumon naturel Pêche Océan ASC 112g","p":3.1,"u":"27,68 €/KG","img":"https://fd3-photos.leclercdrive.fr/image.ashx?id=2615937&use=l&cat=p&typeid=i","cat":305147},{"id":218074,"n":"AOC Ventoux Rouge Demoiselles Coiffées - 75cl","p":3.9,"u":"5,20 €/L","img":"https://fd3-photos.leclercdrive.fr/image.ashx?id=2894248&use=l&cat=p&typeid=i","cat":289556},{"id":218081,"n":"Pâte Linguine Bio - 500g","p":1.78,"u":"3,56 €/KG","img":"https://fd3-photos.leclercdrive.fr/image.ashx?id=2616619&use=l&cat=p&typeid=i","cat":284427},{"id":218101,"n":"Petits Biscuits Babybio Bio - 160g","p":3.87,"u":"24,19 €/KG","img":"https://fd3-photos.leclercdrive.fr/image.ashx?id=2875384&use=l&cat=p&typeid=i","cat":312394},{"id":218151,"n":"Papillotes Revillon noir Lait et blanc -700g","p":15.42,"u":"22,03 €/KG","img":"https://fd3-photos.leclercdrive.fr/image.ashx?id=2616910&use=l&cat=p&typeid=i","cat":327597},{"id":218153,"n":"Adoucissant concentré Soupline Lavande 3D - 1.7L - x77","p":8.3,"u":"4,88 €/L","img":"https://fd3-photos.leclercdrive.fr/image.ashx?id=2617123&use=l&cat=p&typeid=i","cat":284650},{"id":218173,"n":"Boisson aux fruits Capri Sun Mango & carapuja - 33cl","p":0.97,"u":"2,94 €/L","img":"https://fd3-photos.leclercdrive.fr/image.ashx?id=2617060&use=l&cat=p&typeid=i","cat":295018},{"id":218176,"n":"Papillotes Revillon Noir 70% Lait Cafés d'exception - 340g","p":11.62,"u":"34,18 €/KG","img":"https://fd3-photos.leclercdrive.fr/image.ashx?id=2863281&use=l&cat=p&typeid=i","cat":327597},{"id":218177,"n":"Papillotes Revillon Lait ganaches d'exception - 340g","p":11.62,"u":"34,18 €/KG","img":"https://fd3-photos.leclercdrive.fr/image.ashx?id=2616916&use=l&cat=p&typeid=i","cat":327597},{"id":218178,"n":"Nuggets de dinde Côté Croc 1kg","p":5.99,"img":"https://fd3-photos.leclercdrive.fr/image.ashx?id=2837072&use=l&cat=p&typeid=i","cat":333684},{"id":218189,"n":"Pizza croustimoelleuse extrême  Marie Tartiflette - 2+1 offerte","p":7.06,"u":"4,28 €/KG","img":"https://fd3-photos.leclercdrive.fr/image.ashx?id=2996665&use=l&cat=p&typeid=i","cat":284256},{"id":218209,"n":"Soupe harira marocaine Maggi 90g","p":1.4,"u":"15,56 €/KG","img":"https://fd3-photos.leclercdrive.fr/image.ashx?id=2618092&use=l&cat=p&typeid=i","cat":289013},{"id":218212,"n":"Gummies Appetit' Control Vitea 90g","p":7.43,"u":"82,56 €/KG","img":"https://fd3-photos.leclercdrive.fr/image.ashx?id=2744896&use=l&cat=p&typeid=i","cat":313217},{"id":218231,"n":"Bonbons Krema Fruits rouges - 240g","p":2.24,"u":"9,33 €/KG","img":"https://fd3-photos.leclercdrive.fr/image.ashx?id=2618047&use=l&cat=p&typeid=i","cat":304250},{"id":218251,"n":"Bonbons Dooo & Fizz Lutti 450g","p":5.01,"u":"11,13 €/KG","img":"https://fd3-photos.leclercdrive.fr/image.ashx?id=2964459&use=l&cat=p&typeid=i","cat":304250},{"id":218304,"n":"Cordon bleu de dinde Côté Croc 1kg","p":5.99,"u":"5,99 €/KG","img":"https://fd3-photos.leclercdrive.fr/image.ashx?id=2617319&use=l&cat=p&typeid=i","cat":333683},{"id":218305,"n":"Saucisses de Montbéliard IGP NRT - 500g","p":5.99,"u":"11,98 €/KG","img":"https://fd3-photos.leclercdrive.fr/image.ashx?id=2991509&use=l&cat=p&typeid=i","cat":316012},{"id":218311,"n":"Pain de mie Epi d'Or Cérales & Graines - 580g","p":2.54,"u":"4,38 €/KG","img":"https://fd3-photos.leclercdrive.fr/image.ashx?id=2728270&use=l&cat=p&typeid=i","cat":284477},{"id":218316,"n":"Infusion La Tisanière  verveine menthe - 24g","p":2.71,"u":"112,92 €/KG","img":"https://fd3-photos.leclercdrive.fr/image.ashx?id=2881293&use=l&cat=p&typeid=i","cat":293234},{"id":218330,"n":"Mini croque-monsieur Côté Table Truffe x12 - 100g","p":4.99,"u":"49,90 €/KG","img":"https://fd3-photos.leclercdrive.fr/image.ashx?id=2617383&use=l&cat=p&typeid=i","cat":319774},{"id":218331,"n":"Saumon fumé Petit Navire Écosse 10 tranches - 290g","p":10.7,"u":"36,90 €/KG","img":"https://fd3-photos.leclercdrive.fr/image.ashx?id=2950495&use=l&cat=p&typeid=i","cat":285188},{"id":218332,"n":"Pizza feu de bois Turini Montagnarde - 450g","p":3.24,"u":"7,20 €/KG","img":"https://fd3-photos.leclercdrive.fr/image.ashx?id=2816621&use=l&cat=p&typeid=i","cat":284256},{"id":218333,"n":"Yakitori poulet Ajinomoto Sauce Teriaki - 200g","p":4.97,"u":"24,85 €/KG","img":"https://fd3-photos.leclercdrive.fr/image.ashx?id=2692596&use=l&cat=p&typeid=i","cat":319774},{"id":218336,"n":"Bûche glacée Erhard Marron vanille - 420g","p":9.97,"pp":6.98,"u":"16,62 €/KG","img":"https://fd3-photos.leclercdrive.fr/image.ashx?id=2631135&use=l&cat=p&typeid=i","cat":284266},{"id":218370,"n":"Pizza Turini Poulet - 400g","p":3.35,"u":"8,38 €/KG","img":"https://fd3-photos.leclercdrive.fr/image.ashx?id=2888971&use=l&cat=p&typeid=i","cat":333679},{"id":218383,"n":"Saucisse de Toulouse  Tendre & Plus x4 - 500g","p":3.25,"u":"6,50 €/KG","img":"https://fd3-photos.leclercdrive.fr/image.ashx?id=2618987&use=l&cat=p&typeid=i","cat":284334},{"id":218402,"n":"Badiane Ducros 25g","p":2.21,"u":"88,40 €/KG","img":"https://fd3-photos.leclercdrive.fr/image.ashx?id=2618891&use=l&cat=p&typeid=i","cat":298297},{"id":218407,"n":"Melange pour curry Ducros 20g","p":1.27,"u":"63,50 €/KG","img":"https://fd3-photos.leclercdrive.fr/image.ashx?id=2618888&use=l&cat=p&typeid=i","cat":298297},{"id":218454,"n":"Velouté La Potagère Butternut & Lentilles Corail - 75cl","p":1.97,"u":"2,63 €/L","img":"https://fd3-photos.leclercdrive.fr/image.ashx?id=2973036&use=l&cat=p&typeid=i","cat":284462},{"id":218472,"n":"Compote Fruit Intense Materne Pomme myrtille sauvage - 400g","p":1.46,"u":"3,65 €/KG","img":"https://fd3-photos.leclercdrive.fr/image.ashx?id=3003113&use=l&cat=p&typeid=i","cat":284416},{"id":218475,"n":"Compote Fruit Intense Materne Pomme cerise noire - 400g","p":1.46,"u":"3,65 €/KG","img":"https://fd3-photos.leclercdrive.fr/image.ashx?id=3003116&use=l&cat=p&typeid=i","cat":284416},{"id":218488,"n":"Pizza XXL Turini La Montagnarde - 520g","p":4.39,"u":"8,44 €/KG","img":"https://fd3-photos.leclercdrive.fr/image.ashx?id=2905943&use=l&cat=p&typeid=i","cat":333679},{"id":218494,"n":"Panés aux poissons Eco+ 200g","p":1.55,"u":"7,75 €/KG","img":"https://fd3-photos.leclercdrive.fr/image.ashx?id=2618706&use=l&cat=p&typeid=i","cat":284344},{"id":218560,"n":"Tortillas Old El Paso de blé  nature familial x12 - 489g","p":2.97,"u":"0,25 €/P","img":"https://fd3-photos.leclercdrive.fr/image.ashx?id=2737669&use=l&cat=p&typeid=i","cat":288993},{"id":218563,"n":"Sauce Tomates Cuisinées Panzani - 650G","p":2.39,"u":"3,68 €/KG","img":"https://fd3-photos.leclercdrive.fr/image.ashx?id=2977936&use=l&cat=p&typeid=i","cat":287599},{"id":218572,"n":"Sauce Pesto Barilla Basilic et citron - 190g","p":3.19,"u":"16,79 €/KG","img":"https://fd3-photos.leclercdrive.fr/image.ashx?id=2620758&use=l&cat=p&typeid=i","cat":287599},{"id":218582,"n":"Biscuits Tentation Delacre Chocolat Boîte - 150g","p":2.87,"u":"19,13 €/KG","img":"https://fd3-photos.leclercdrive.fr/image.ashx?id=2673142&use=l&cat=p&typeid=i","cat":284490},{"id":218670,"n":"Mini roulés feuilletés  Côté Table x36 - 432g","p":6.02,"u":"13,94 €/KG","img":"https://fd3-photos.leclercdrive.fr/image.ashx?id=2619856&use=l&cat=p&typeid=i","cat":319774},{"id":218800,"n":"Croquettes chat Perfect Fit  Stérilisé Anti Hairball - 1,4kg","p":7.33,"u":"5,24 €/KG","img":"https://fd3-photos.leclercdrive.fr/image.ashx?id=2622756&use=l&cat=p&typeid=i","cat":284680},{"id":218804,"n":"Croquettes chat Perfect Fit Boeuf Stérilisés Adulte 1.4kg","p":7.83,"u":"5,59 €/KG","img":"https://fd3-photos.leclercdrive.fr/image.ashx?id=2622792&use=l&cat=p&typeid=i","cat":284680},{"id":218807,"n":"Croquettes chat Perfect Fit Poulet stérilisés - 1.4kg","p":6.56,"u":"4,69 €/KG","img":"https://fd3-photos.leclercdrive.fr/image.ashx?id=2622795&use=l&cat=p&typeid=i","cat":284680},{"id":218819,"n":"Croquettes chat sénior Perfect  Fit 7+ au poulet - 1,4kg","p":7.27,"u":"5,19 €/KG","img":"https://fd3-photos.leclercdrive.fr/image.ashx?id=2624332&use=l&cat=p&typeid=i","cat":284680},{"id":219039,"n":"Pétales de céréales Grainea Chocolat noir - 550g","p":2.73,"u":"4,96 €/KG","img":"https://fd3-photos.leclercdrive.fr/image.ashx?id=2888649&use=l&cat=p&typeid=i","cat":309512},{"id":219041,"n":"Pétales de céréales Grainea Chocolat au lait - 550g","p":2.58,"u":"4,69 €/KG","img":"https://fd3-photos.leclercdrive.fr/image.ashx?id=2917669&use=l&cat=p&typeid=i","cat":309512},{"id":219069,"n":"Sauce Pesto Barilla Alla Calabrese - 190g","p":2.87,"u":"15,11 €/KG","img":"https://fd3-photos.leclercdrive.fr/image.ashx?id=2624751&use=l&cat=p&typeid=i","cat":287599},{"id":219070,"n":"Poivre saveur & épices 40g","p":2.37,"u":"59,25 €/KG","img":"https://fd3-photos.leclercdrive.fr/image.ashx?id=2624592&use=l&cat=p&typeid=i","cat":284457},{"id":219123,"n":"Lessive liquide L'Arbre Vert Amande douce - 1.53 - x34","p":7.57,"u":"4,95 €/L","img":"https://fd3-photos.leclercdrive.fr/image.ashx?id=3008539&use=l&cat=p&typeid=i","cat":284640},{"id":219125,"n":"Liquide vaisselle Uni Vert Ecologique - Rose - 500ml","p":1.25,"u":"2,50 €/L","img":"https://fd3-photos.leclercdrive.fr/image.ashx?id=2999520&use=l&cat=p&typeid=i","cat":284655},{"id":219134,"n":"Mini Saucisses de Montbéliard  IGP - 210g","p":3.04,"u":"14,48 €/KG","img":"https://fd3-photos.leclercdrive.fr/image.ashx?id=2846015&use=l&cat=p&typeid=i","cat":284334},{"id":219135,"n":"Saucisse de Montbéliard IGP Cuite sous vide x3 - 430g","p":9.44,"u":"21,95 €/KG","img":"https://fd3-photos.leclercdrive.fr/image.ashx?id=2624670&use=l&cat=p&typeid=i","cat":284334},{"id":219140,"n":"Détachant poudre Vanish  Blanc Format Familial - 720g","p":6.98,"u":"9,69 €/KG","img":"https://fd3-photos.leclercdrive.fr/image.ashx?id=2680305&use=l&cat=p&typeid=i","cat":284651},{"id":219142,"n":"Lessive liquide Chanteclair Musc Blanc - 1800ml","p":7.47,"u":"4,15 €/L","img":"https://fd3-photos.leclercdrive.fr/image.ashx?id=2997298&use=l&cat=p&typeid=i","cat":284640},{"id":219148,"n":"Cuisse de pintade Le Gaulois Sauce aux Cèpes x2 - 320g","p":6.1,"u":"19,06 €/KG","img":"https://fd3-photos.leclercdrive.fr/image.ashx?id=2639561&use=l&cat=p&typeid=i","cat":327289},{"id":219160,"n":"Pépites Sainte Lucie Chocolat au lait - 125g","p":3.28,"u":"26,24 €/KG","img":"https://fd3-photos.leclercdrive.fr/image.ashx?id=2625427&use=l&cat=p&typeid=i","cat":284504},{"id":219162,"n":"Amandes entières Sun sans sel Décortiquées et grillées - 300g","p":5.32,"u":"17,73 €/KG","img":"https://fd3-photos.leclercdrive.fr/image.ashx?id=2692197&use=l&cat=p&typeid=i","cat":284448},{"id":219169,"n":"AOP Saint-Emilion vin rouge Château Tricot - 75cl","p":7.45,"pp":5.59,"u":"7,45 €/L","img":"https://fd3-photos.leclercdrive.fr/image.ashx?id=2950408&use=l&cat=p&typeid=i","cat":289556},{"id":219273,"n":"Pepites Sainte Lucie Chocolat noir - 100g","p":3.57,"u":"35,70 €/KG","img":"https://fd3-photos.leclercdrive.fr/image.ashx?id=2628650&use=l&cat=p&typeid=i","cat":284504},{"id":219283,"n":"Granola extra cookie Chocolat - 6x184g","p":10.5,"pp":7.35,"u":"6,66 €/KG","img":"https://fd3-photos.leclercdrive.fr/image.ashx?id=2629719&use=l&cat=p&typeid=i","cat":284488},{"id":219500,"n":"AOP vin rouge Bordeaux  Bernard Cordelier - 3L","p":7.49,"u":"2,50 €/L","img":"https://fd3-photos.leclercdrive.fr/image.ashx?id=2825209&use=l&cat=p&typeid=i","cat":289556},{"id":219601,"n":"Petits pains grillés Pasquier Blé complet - 225g","p":1.87,"u":"8,31 €/KG","img":"https://fd3-photos.leclercdrive.fr/image.ashx?id=2834452&use=l&cat=p&typeid=i","cat":284479},{"id":219602,"n":"Petits pains grillés Pasquier Froment - 225g","p":1.73,"u":"7,69 €/KG","img":"https://fd3-photos.leclercdrive.fr/image.ashx?id=2834455&use=l&cat=p&typeid=i","cat":284479},{"id":219672,"n":"AOC Vin Rouge Saint-Emilion Croix des Bardes - 75cl","p":8.95,"pp":7.16,"u":"9,55 €/L","img":"https://fd3-photos.leclercdrive.fr/image.ashx?id=2672083&use=l&cat=p&typeid=i","cat":289556},{"id":220027,"n":"Miel Soutenons nos agriculteurs Liquide - 500 g","p":5.59,"u":"11,18 €/KG","img":"https://fd3-photos.leclercdrive.fr/image.ashx?id=2724865&use=l&cat=p&typeid=i","cat":287643},{"id":220127,"n":"Muesli chia sans gluten bio  Terres et Céréales - 500g","p":4.42,"pp":3.09,"u":"6,18 €/KG","img":"https://fd3-photos.leclercdrive.fr/image.ashx?id=2634148&use=l&cat=p&typeid=i","cat":309512},{"id":220132,"n":"Dosettes café Senseo Espresso Classique x32","p":5.93,"u":"26,95 €/KG","img":"https://fd3-photos.leclercdrive.fr/image.ashx?id=2788061&use=l&cat=p&typeid=i","cat":293238},{"id":220213,"n":"Raisin rosé sans pépins Panier du Primeur - 500g","p":3.49,"u":"6,98 €/KG","img":"https://fd3-photos.leclercdrive.fr/image.ashx?id=2858144&use=l&cat=p&typeid=i","cat":284356},{"id":220240,"n":"Sachet fraîcheur chiot Pedigree Mixte en gelée - 12x100g","p":6.21,"u":"5,18 €/KG","img":"https://fd3-photos.leclercdrive.fr/image.ashx?id=2876125&use=l&cat=p&typeid=i","cat":284673},{"id":220243,"n":"Croquettes chien  Pedigree au bœuf - 3kg","p":8.03,"u":"2,68 €/KG","img":"https://fd3-photos.leclercdrive.fr/image.ashx?id=2634328&use=l&cat=p&typeid=i","cat":284672},{"id":220245,"n":"Croquettes chien  Pedigree à la volaille - 7kg","p":19.36,"u":"2,77 €/KG","img":"https://fd3-photos.leclercdrive.fr/image.ashx?id=2813495&use=l&cat=p&typeid=i","cat":284672},{"id":220252,"n":"Croquettes chien  Pedigree à la volaille - 3kg","p":7.83,"u":"2,61 €/KG","img":"https://fd3-photos.leclercdrive.fr/image.ashx?id=2832320&use=l&cat=p&typeid=i","cat":284672},{"id":220254,"n":"Croquettes chien  Pedigree au bœuf - 7kg","p":19.87,"u":"2,84 €/KG","img":"https://fd3-photos.leclercdrive.fr/image.ashx?id=2981286&use=l&cat=p&typeid=i","cat":284672},{"id":220258,"n":"Sachet fraîcheur chat Sheba  Volaille en sauce - 40x85g","p":16.67,"u":"4,90 €/KG","img":"https://fd3-photos.leclercdrive.fr/image.ashx?id=2642729&use=l&cat=p&typeid=i","cat":285286},{"id":220265,"n":"Friandises chat Catisfactions  Creamy au saumon - 4x10g","p":1.57,"u":"39,25 €/KG","img":"https://fd3-photos.leclercdrive.fr/image.ashx?id=2912536&use=l&cat=p&typeid=i","cat":285285},{"id":220268,"n":"Moutarde de Dijon Alélor Forte et puissante - 350g","p":2.15,"u":"6,14 €/KG","img":"https://fd3-photos.leclercdrive.fr/image.ashx?id=2857240&use=l&cat=p&typeid=i","cat":288850},{"id":220269,"n":"Friandises chat Catisfactions  Herbe à chat - 60g","p":1.34,"u":"22,33 €/KG","img":"https://fd3-photos.leclercdrive.fr/image.ashx?id=2914765&use=l&cat=p&typeid=i","cat":285285},{"id":220272,"n":"Sachet fraîcheur chat Whiskas  Carte mixte en gelée - 12x85g","p":4.59,"u":"4,50 €/KG","img":"https://fd3-photos.leclercdrive.fr/image.ashx?id=2902990&use=l&cat=p&typeid=i","cat":285286},{"id":220284,"n":"Sachet fraîcheur chat Whiskas Campagnes en sauce - 24x85g","p":10.27,"u":"5,03 €/KG","img":"https://fd3-photos.leclercdrive.fr/image.ashx?id=2634325&use=l&cat=p&typeid=i","cat":285286},{"id":220286,"n":"Sachet fraîcheur chat Whiskas Festins volaille sauce - 24x85g","p":10.33,"u":"5,06 €/KG","img":"https://fd3-photos.leclercdrive.fr/image.ashx?id=2633881&use=l&cat=p&typeid=i","cat":285286},{"id":220293,"n":"Stevia en bûchettes x50 - 50g","p":1.29,"u":"25,80 €/KG","img":"https://fd3-photos.leclercdrive.fr/image.ashx?id=2632683&use=l&cat=p&typeid=i","cat":324846},{"id":220298,"n":"Bonbons Tubes Acid'  Copains Copines - 180g","p":1.39,"u":"7,72 €/KG","img":"https://fd3-photos.leclercdrive.fr/image.ashx?id=2934775&use=l&cat=p&typeid=i","cat":304250},{"id":220344,"n":"Lot Pâtés Canard Jean de France Magret Cèpes et Morilles 3x180g","p":9.37,"u":"17,35 €/KG","img":"https://fd3-photos.leclercdrive.fr/image.ashx?id=2634253&use=l&cat=p&typeid=i","cat":305148},{"id":220347,"n":"Sachet fraîcheur chat Whiskas  Classiques en sauce - 12x85g","p":4.8,"u":"4,71 €/KG","img":"https://fd3-photos.leclercdrive.fr/image.ashx?id=2633887&use=l&cat=p&typeid=i","cat":285286},{"id":220350,"n":"Stevia en comprimés Edulcorel x100 - 7g","p":0.99,"u":"141,43 €/KG","img":"https://fd3-photos.leclercdrive.fr/image.ashx?id=2632915&use=l&cat=p&typeid=i","cat":324846},{"id":220357,"n":"Crème de Cassis Giffard Impérial - 18% vol. - 50cl","p":6.77,"u":"13,54 €/L","img":"https://fd3-photos.leclercdrive.fr/image.ashx?id=2633953&use=l&cat=p&typeid=i","cat":286032},{"id":220382,"n":"Chewing-gum Airwaves  Cool cerise - 70g","p":2.32,"u":"33,14 €/KG","img":"https://fd3-photos.leclercdrive.fr/image.ashx?id=3008987&use=l&cat=p&typeid=i","cat":304251},{"id":220410,"n":"Bonbons Haribo Assortiment de Noël - 600g","p":4.95,"pp":3.47,"u":"5,78 €/KG","img":"https://fd3-photos.leclercdrive.fr/image.ashx?id=2906094&use=l&cat=p&typeid=i","cat":304250},{"id":220496,"n":"Crémant d'Alsace Wolfberger  Brut - 1.5L","p":13.5,"u":"9,00 €/L","img":"https://fd3-photos.leclercdrive.fr/image.ashx?id=2764185&use=l&cat=p&typeid=i","cat":284545},{"id":220512,"n":"Dentifrice Signal Integral 8  Blancheur - 3x75ml","p":6.85,"u":"30,44 €/L","img":"https://fd3-photos.leclercdrive.fr/image.ashx?id=2971461&use=l&cat=p&typeid=i","cat":284612},{"id":220546,"n":"Raisin blanc sans pépins Panier du Primeur - 500g","p":3.99,"u":"7,98 €/KG","img":"https://fd3-photos.leclercdrive.fr/image.ashx?id=2858132&use=l&cat=p&typeid=i","cat":284356},{"id":220689,"n":"Dentifrice Integral 8 Signal Interdentaire Prébiotique 75ml","p":2.41,"u":"32,13 €/L","img":"https://fd3-photos.leclercdrive.fr/image.ashx?id=2940654&use=l&cat=p&typeid=i","cat":284612},{"id":220710,"n":"Coulis de tomates bio Bio Village - 500g","p":1.42,"u":"2,84 €/KG","img":"https://fd3-photos.leclercdrive.fr/image.ashx?id=2635783&use=l&cat=p&typeid=i","cat":288384},{"id":220742,"n":"Savon Le Petit Marseillais  Recharge antibacterien - 250ml","p":1.71,"u":"6,84 €/L","img":"https://fd3-photos.leclercdrive.fr/image.ashx?id=2684230&use=l&cat=p&typeid=i","cat":284597},{"id":220783,"n":"Coloration Permanente Olia 6.0 Chatain Très Clair","p":9.0,"img":"https://fd3-photos.leclercdrive.fr/image.ashx?id=2635958&use=l&cat=p&typeid=i","cat":288899},{"id":220784,"n":"Lait Fluide SPF30 Garnier Ambre Solaire - 175ml","p":10.84,"u":"61,94 €/L","img":"https://fd3-photos.leclercdrive.fr/image.ashx?id=2638313&use=l&cat=p&typeid=i","cat":325355},{"id":220788,"n":"Recharge crème lavante mains Le Petit Marseillais Lait 250ml","p":0.82,"u":"3,28 €/L","img":"https://fd3-photos.leclercdrive.fr/image.ashx?id=2735242&use=l&cat=p&typeid=i","cat":284597},{"id":220789,"n":"Coloration Permanente Olia 5.15 Chocolat Glacé","p":8.97,"img":"https://fd3-photos.leclercdrive.fr/image.ashx?id=2635961&use=l&cat=p&typeid=i","cat":288899},{"id":220791,"n":"Après-shampooing Garnier Cheveu coloré ou méché - 250ml","p":2.39,"u":"9,56 €/L","img":"https://fd3-photos.leclercdrive.fr/image.ashx?id=2828049&use=l&cat=p&typeid=i","cat":284607},{"id":220804,"n":"Rasoirs rechargeables Homme Bic Hybrid Flex 3 - x1+4 recharges","p":7.18,"u":"1,44 €/P","img":"https://fd3-photos.leclercdrive.fr/image.ashx?id=2636075&use=l&cat=p&typeid=i","cat":284616},{"id":220813,"n":"Rasoirs rechargeables Homme Bic Hybrid 5 Flex - 1+ x4recharges","p":9.5,"u":"2,38 €/P","img":"https://fd3-photos.leclercdrive.fr/image.ashx?id=3004822&use=l&cat=p&typeid=i","cat":284616},{"id":220815,"n":"Rasoirs rechargeables Femme Bic Click 3 Soleil - x1+4 recharges","p":7.1,"u":"1,42 €/P","img":"https://fd3-photos.leclercdrive.fr/image.ashx?id=2636078&use=l&cat=p&typeid=i","cat":325352},{"id":220821,"n":"Crème lavante mains Le Petit Marseillais - Amande - 250ml","p":0.83,"u":"3,32 €/L","img":"https://fd3-photos.leclercdrive.fr/image.ashx?id=2684209&use=l&cat=p&typeid=i","cat":284597},{"id":220822,"n":"Gel lavant mains Le Petit Marseillais Antibactérien 300ml","p":1.88,"u":"6,27 €/L","img":"https://fd3-photos.leclercdrive.fr/image.ashx?id=2684557&use=l&cat=p&typeid=i","cat":284597},{"id":220823,"n":"Gel lavant mains Le Petit Marseillais - Lavande - 300ml","p":1.65,"u":"5,50 €/L","img":"https://fd3-photos.leclercdrive.fr/image.ashx?id=2684221&use=l&cat=p&typeid=i","cat":284597},{"id":220824,"n":"Crème lavante mains Le Petit Marseillais - Lait - 300ml","p":1.82,"u":"6,07 €/L","img":"https://fd3-photos.leclercdrive.fr/image.ashx?id=2684224&use=l&cat=p&typeid=i","cat":284597},{"id":220826,"n":"Gel lavant mains Le Petit  Marseillais Le cuisinier 250ml","p":1.21,"u":"4,84 €/L","img":"https://fd3-photos.leclercdrive.fr/image.ashx?id=2684560&use=l&cat=p&typeid=i","cat":284597},{"id":220827,"n":"Sérum Autobronzant Garnier Natural Bronzer visage - 30ml","p":11.63,"u":"387,67 €/L","img":"https://fd3-photos.leclercdrive.fr/image.ashx?id=2669280&use=l&cat=p&typeid=i","cat":325355},{"id":220851,"n":"Saumon fumé Ronde des Mers Écosse - 14 tranches - 490g","p":17.49,"u":"35,69 €/KG","img":"https://fd3-photos.leclercdrive.fr/image.ashx?id=2976303&use=l&cat=p&typeid=i","cat":285188},{"id":220878,"n":"Eau plate minérale naturelle  Velleminfroy - 6x1.5L","p":3.68,"u":"2,45 €/L","img":"https://fd3-photos.leclercdrive.fr/image.ashx?id=2811485&use=l&cat=p&typeid=i","cat":284535},{"id":220993,"n":"Rasoirs Homme GilletteLabs Exfoliant - 1 manche + 1 lame","p":25.07,"img":"https://fd3-photos.leclercdrive.fr/image.ashx?id=2867806&use=l&cat=p&typeid=i","cat":284616},{"id":221109,"n":"Huile Solaire SPF50 Garnier Sublimatrice - 150ml","p":9.6,"u":"64,00 €/L","img":"https://fd3-photos.leclercdrive.fr/image.ashx?id=2669274&use=l&cat=p&typeid=i","cat":325355},{"id":221147,"n":"Serviette hygénique Always Platinum - Long+ - x10","p":2.73,"u":"0,27 €/P","img":"https://fd3-photos.leclercdrive.fr/image.ashx?id=2890442&use=l&cat=p&typeid=i","cat":284624},{"id":221174,"n":"Tablette de chocolat L'Atelier Blanc noisettes - 150g","p":3.69,"u":"24,60 €/KG","img":"https://fd3-photos.leclercdrive.fr/image.ashx?id=2807915&use=l&cat=p&typeid=i","cat":284957},{"id":221193,"n":"Gressins sésame  Eco+ 120g","p":1.04,"u":"8,32 €/KG","img":"https://fd3-photos.leclercdrive.fr/image.ashx?id=2640004&use=l&cat=p&typeid=i","cat":297000},{"id":221203,"n":"Jus multivitamines Andros 1,5L","p":3.42,"u":"2,28 €/L","img":"https://fd3-photos.leclercdrive.fr/image.ashx?id=2904269&use=l&cat=p&typeid=i","cat":284917},{"id":221205,"n":"Fromage fondu Burger Eco+ x10 - 200g","p":1.31,"u":"6,55 €/KG","img":"https://fd3-photos.leclercdrive.fr/image.ashx?id=2956960&use=l&cat=p&typeid=i","cat":314028},{"id":221208,"n":"Disques à démaquiller x120","p":0.39,"img":"https://fd3-photos.leclercdrive.fr/image.ashx?id=2640119&use=l&cat=p&typeid=i","cat":285593},{"id":221211,"n":"Milky goûter fromage enfants  Les Croisés 8 portions 280g","p":2.99,"u":"10,68 €/KG","img":"https://fd3-photos.leclercdrive.fr/image.ashx?id=2791902&use=l&cat=p&typeid=i","cat":314030},{"id":221215,"n":"Nectar de poire Pauline  1L","p":2.86,"u":"2,86 €/L","img":"https://fd3-photos.leclercdrive.fr/image.ashx?id=2733868&use=l&cat=p&typeid=i","cat":284915},{"id":221217,"n":"Maxi croustis Cheesy Bonduelle Potiron lentille emmental -240g","p":2.73,"u":"11,38 €/KG","img":"https://fd3-photos.leclercdrive.fr/image.ashx?id=2979650&use=l&cat=p&typeid=i","cat":319822},{"id":221220,"n":"Maxi croustis Texas Bonduelle Maïs poivron haricot rouge 240g","p":2.78,"u":"11,58 €/KG","img":"https://fd3-photos.leclercdrive.fr/image.ashx?id=2979653&use=l&cat=p&typeid=i","cat":319822},{"id":221222,"n":"Mini croustis Italian Bonduelle Aubergine poivron mozza - 240g","p":3.27,"u":"13,63 €/KG","img":"https://fd3-photos.leclercdrive.fr/image.ashx?id=2960708&use=l&cat=p&typeid=i","cat":319822},{"id":221223,"n":"Mini croustis Mexican Bonduelle Maïs haricot rouge cheddar 240g","p":3.73,"u":"15,54 €/KG","img":"https://fd3-photos.leclercdrive.fr/image.ashx?id=2996530&use=l&cat=p&typeid=i","cat":319822},{"id":221279,"n":"Cerneaux de noix Eco+ 400g","p":4.59,"u":"11,48 €/KG","img":"https://fd3-photos.leclercdrive.fr/image.ashx?id=2768454&use=l&cat=p&typeid=i","cat":284357},{"id":221340,"n":"AOP Feta affinée En fût - 150g","p":3.24,"u":"21,60 €/KG","img":"https://fd3-photos.leclercdrive.fr/image.ashx?id=2856359&use=l&cat=p&typeid=i","cat":314026},{"id":221398,"n":"Riz Tradizioni d'Italia Carnaroli - 500g","p":2.39,"u":"4,78 €/KG","img":"https://fd3-photos.leclercdrive.fr/image.ashx?id=2641422&use=l&cat=p&typeid=i","cat":284428},{"id":221401,"n":"Saumon fumé Ronde des Mers Norvège 14 tranches - 490g","p":17.49,"u":"35,69 €/KG","img":"https://fd3-photos.leclercdrive.fr/image.ashx?id=2976300&use=l&cat=p&typeid=i","cat":285188},{"id":221498,"n":"Infusion nuit tranquille miel Elephant - x20 - 30g","p":2.17,"u":"72,33 €/KG","img":"https://fd3-photos.leclercdrive.fr/image.ashx?id=2655650&use=l&cat=p&typeid=i","cat":293234},{"id":221506,"n":"Crème lavante mains Fleur d'oranger Bio - 250ml","p":0.83,"u":"3,13 €/L","img":"https://fd3-photos.leclercdrive.fr/image.ashx?id=2684542&use=l&cat=p&typeid=i","cat":284597},{"id":221507,"n":"Infusion nuit tranquille  Elephant - x20 - 30g","p":1.44,"u":"48,00 €/KG","img":"https://fd3-photos.leclercdrive.fr/image.ashx?id=2655647&use=l&cat=p&typeid=i","cat":293234},{"id":221508,"n":"Gel lavant mains Le Petit Marseillais Huile d'olive 300ml","p":1.63,"u":"5,43 €/L","img":"https://fd3-photos.leclercdrive.fr/image.ashx?id=2684218&use=l&cat=p&typeid=i","cat":284597},{"id":221513,"n":"Gel lavant mains Le Petit Marseillais - Olive - 250ml","p":1.05,"img":"https://fd3-photos.leclercdrive.fr/image.ashx?id=2684227&use=l&cat=p&typeid=i","cat":284597},{"id":221726,"n":"Estragon Les Crudettes 11g","p":1.4,"u":"127,27 €/KG","img":"https://fd3-photos.leclercdrive.fr/image.ashx?id=2654635&use=l&cat=p&typeid=i","cat":293607},{"id":221760,"n":"Lait de toilette So Bio Baby  Aloe vera Camomille Bio 500ml","p":6.02,"u":"12,04 €/L","img":"https://fd3-photos.leclercdrive.fr/image.ashx?id=2645600&use=l&cat=p&typeid=i","cat":284741},{"id":221798,"n":"Crème dessert Sacré Willy Châtaigne x2 - 250g","p":3.15,"u":"12,60 €/KG","img":"https://fd3-photos.leclercdrive.fr/image.ashx?id=2646593&use=l&cat=p&typeid=i","cat":285041},{"id":221874,"n":"Gyoza Deli's World Grillés aux légumes x8 - 180g","p":3.47,"u":"19,28 €/KG","img":"https://fd3-photos.leclercdrive.fr/image.ashx?id=2647140&use=l&cat=p&typeid=i","cat":319774},{"id":221875,"n":"Brochettes Deli's World Poulet Satay x7 - 190g","p":4.87,"u":"25,63 €/KG","img":"https://fd3-photos.leclercdrive.fr/image.ashx?id=2647146&use=l&cat=p&typeid=i","cat":284254},{"id":221882,"n":"Dentifrice Oral-B Pro Repair Original - 2x75ml","p":7.09,"u":"47,27 €/L","img":"https://fd3-photos.leclercdrive.fr/image.ashx?id=2745367&use=l&cat=p&typeid=i","cat":284612},{"id":221884,"n":"Haricots verts extra fins Bonduelle - 3 x 440g","p":4.77,"u":"3,61 €/KG","img":"https://fd3-photos.leclercdrive.fr/image.ashx?id=2856967&use=l&cat=p&typeid=i","cat":312606},{"id":221893,"n":"Déodorant bille Axe Aqua Bergamot - 2x50ml","p":7.48,"u":"74,80 €/L","img":"https://fd3-photos.leclercdrive.fr/image.ashx?id=2858588&use=l&cat=p&typeid=i","cat":284618},{"id":221894,"n":"Déodorant bille Axe Blue lavender - 2x50ml","p":7.11,"u":"71,10 €/L","img":"https://fd3-photos.leclercdrive.fr/image.ashx?id=2859164&use=l&cat=p&typeid=i","cat":284618},{"id":221911,"n":"Munster AOP Le Grand Sapin Au cumin des prés - 200g","p":3.04,"u":"15,20 €/KG","img":"https://fd3-photos.leclercdrive.fr/image.ashx?id=2653579&use=l&cat=p&typeid=i","cat":329558},{"id":221933,"n":"Dentifrice Oral-B 3D White Advanced Luxe blancheur 2x75ml","p":7.43,"u":"49,53 €/L","img":"https://fd3-photos.leclercdrive.fr/image.ashx?id=2795914&use=l&cat=p&typeid=i","cat":284612},{"id":221934,"n":"Dentifrice Oral-B 3D White Advanced Luxe perfection 2x75ml","p":7.41,"u":"49,40 €/L","img":"https://fd3-photos.leclercdrive.fr/image.ashx?id=2745334&use=l&cat=p&typeid=i","cat":284612},{"id":222010,"n":"Riz long Basmati  Riz du Monde Elephant - 2kg","p":7.73,"u":"3,87 €/KG","img":"https://fd3-photos.leclercdrive.fr/image.ashx?id=2648208&use=l&cat=p&typeid=i","cat":288992},{"id":222027,"n":"Sérum physiologique Prorhinel 2x15cl","p":5.73,"u":"19,10 €/L","img":"https://fd3-photos.leclercdrive.fr/image.ashx?id=2826834&use=l&cat=p&typeid=i","cat":284741},{"id":222032,"n":"Rasoir hydro 5 Wilkinson Starter sensitive + 4 lames","p":13.6,"img":"https://fd3-photos.leclercdrive.fr/image.ashx?id=2736331&use=l&cat=p&typeid=i","cat":284616},{"id":222046,"n":"Déodorant Axe Aqua bergamot - 2x150ml","p":7.48,"u":"24,93 €/L","img":"https://fd3-photos.leclercdrive.fr/image.ashx?id=2649325&use=l&cat=p&typeid=i","cat":284618},{"id":222052,"n":"Fruit de la passion 1p","p":1.19,"img":"https://fd3-photos.leclercdrive.fr/image.ashx?id=1633904&use=l&cat=p&typeid=i","cat":284356},{"id":222061,"n":"Pomelo rouge 1p","p":0.89,"img":"https://fd3-photos.leclercdrive.fr/image.ashx?id=1636326&use=l&cat=p&typeid=i","cat":284356},{"id":222064,"n":"Grenade 1p","p":0.99,"img":"https://fd3-photos.leclercdrive.fr/image.ashx?id=1633898&use=l&cat=p&typeid=i","cat":284356},{"id":222082,"n":"Shampoing nutrition Ultra Doux Argan et Camélia - 600ml","p":5.06,"u":"8,43 €/L","img":"https://fd3-photos.leclercdrive.fr/image.ashx?id=2648781&use=l&cat=p&typeid=i","cat":284606},{"id":222083,"n":"Shampoing illuminant Ultra Doux Camomille Miel - 600ml","p":5.04,"u":"8,40 €/L","img":"https://fd3-photos.leclercdrive.fr/image.ashx?id=2926602&use=l&cat=p&typeid=i","cat":284606},{"id":222086,"n":"Poire Abate  1p","p":0.95,"img":"https://fd3-photos.leclercdrive.fr/image.ashx?id=1628301&use=l&cat=p&typeid=i","cat":284356},{"id":222087,"n":"Shampoing Enfants Ultra Doux Abricot - 600ml","p":5.33,"u":"8,88 €/L","img":"https://fd3-photos.leclercdrive.fr/image.ashx?id=2851096&use=l&cat=p&typeid=i","cat":284606},{"id":222089,"n":"Shampoing nutrition Ultra Doux Avocat et Karité - 600ml","p":4.93,"u":"8,22 €/L","img":"https://fd3-photos.leclercdrive.fr/image.ashx?id=2944852&use=l&cat=p&typeid=i","cat":284606},{"id":222093,"n":"Pomme Royal Gala  1p","p":0.5,"img":"https://fd3-photos.leclercdrive.fr/image.ashx?id=1630963&use=l&cat=p&typeid=i","cat":284356},{"id":222097,"n":"Pomme Granny Smith  1p","p":0.5,"img":"https://fd3-photos.leclercdrive.fr/image.ashx?id=1630969&use=l&cat=p&typeid=i","cat":284356},{"id":222113,"n":"Fenouil  1p","p":1.09,"img":"https://fd3-photos.leclercdrive.fr/image.ashx?id=612612&use=l&cat=p&typeid=i","cat":284352},{"id":222118,"n":"Chou chinois 1p","p":2.49,"img":"https://fd3-photos.leclercdrive.fr/image.ashx?id=578704&use=l&cat=p&typeid=i","cat":284352},{"id":222121,"n":"Choudou 1p","p":2.99,"img":"https://fd3-photos.leclercdrive.fr/image.ashx?id=2127418&use=l&cat=p&typeid=i","cat":284352},{"id":222128,"n":"Poivron doux rouge  1p","p":0.9,"img":"https://fd3-photos.leclercdrive.fr/image.ashx?id=1633094&use=l&cat=p&typeid=i","cat":284352},{"id":222132,"n":"Poivron doux jaune  1p","p":0.65,"img":"https://fd3-photos.leclercdrive.fr/image.ashx?id=1631227&use=l&cat=p&typeid=i","cat":284352},{"id":222146,"n":"Ail blanc  1p","p":1.55,"img":"https://fd3-photos.leclercdrive.fr/image.ashx?id=1631469&use=l&cat=p&typeid=i","cat":284352},{"id":222160,"n":"Céleri  1 branche","p":2.49,"img":"https://fd3-photos.leclercdrive.fr/image.ashx?id=1631818&use=l&cat=p&typeid=i","cat":284352},{"id":222169,"n":"Citron  1p","p":0.45,"img":"https://fd3-photos.leclercdrive.fr/image.ashx?id=1628602&use=l&cat=p&typeid=i","cat":284356},{"id":222171,"n":"Citron  1p","p":0.45,"img":"https://fd3-photos.leclercdrive.fr/image.ashx?id=1628602&use=l&cat=p&typeid=i","cat":284356},{"id":222172,"n":"Citron vert  1p","p":0.35,"img":"https://fd3-photos.leclercdrive.fr/image.ashx?id=1628331&use=l&cat=p&typeid=i","cat":284356},{"id":222175,"n":"Oranges à déguster  1p","p":0.65,"img":"https://fd3-photos.leclercdrive.fr/image.ashx?id=1629690&use=l&cat=p&typeid=i","cat":284356},{"id":222179,"n":"Pomelo rouge 1p","p":0.89,"img":"https://fd3-photos.leclercdrive.fr/image.ashx?id=1636326&use=l&cat=p&typeid=i","cat":284356},{"id":222181,"n":"Grenade 1p","p":0.99,"img":"https://fd3-photos.leclercdrive.fr/image.ashx?id=1633898&use=l&cat=p&typeid=i","cat":284356},{"id":222214,"n":"Poire Abate  1p","p":0.95,"img":"https://fd3-photos.leclercdrive.fr/image.ashx?id=1628301&use=l&cat=p&typeid=i","cat":284356},{"id":222221,"n":"Poire Williams   1p","p":0.45,"img":"https://fd3-photos.leclercdrive.fr/image.ashx?id=1636644&use=l&cat=p&typeid=i","cat":284356},{"id":222222,"n":"Poire Williams   1p","p":0.45,"img":"https://fd3-photos.leclercdrive.fr/image.ashx?id=1636644&use=l&cat=p&typeid=i","cat":284356},{"id":222223,"n":"Pomme Golden  1p","p":0.5,"img":"https://fd3-photos.leclercdrive.fr/image.ashx?id=1630966&use=l&cat=p&typeid=i","cat":284356},{"id":222237,"n":"Pomme Pink Lady  1p","p":0.75,"img":"https://fd3-photos.leclercdrive.fr/image.ashx?id=2121659&use=l&cat=p&typeid=i","cat":284356},{"id":222256,"n":"Avocat  1p","p":0.99,"img":"https://fd3-photos.leclercdrive.fr/image.ashx?id=1633637&use=l&cat=p&typeid=i","cat":284352},{"id":222257,"n":"Avocat  1p","p":0.99,"img":"https://fd3-photos.leclercdrive.fr/image.ashx?id=1633637&use=l&cat=p&typeid=i","cat":284352},{"id":222267,"n":"Carotte  1p","p":0.2,"img":"https://fd3-photos.leclercdrive.fr/image.ashx?id=1631592&use=l&cat=p&typeid=i","cat":284352},{"id":222280,"n":"Aubergine 1p","p":2.19,"img":"https://fd3-photos.leclercdrive.fr/image.ashx?id=1631421&use=l&cat=p&typeid=i","cat":284352},{"id":222283,"n":"Courgette  1p","p":0.89,"img":"https://fd3-photos.leclercdrive.fr/image.ashx?id=1631964&use=l&cat=p&typeid=i","cat":284352},{"id":222292,"n":"Poivron doux vert  1p","p":0.9,"img":"https://fd3-photos.leclercdrive.fr/image.ashx?id=1633202&use=l&cat=p&typeid=i","cat":284352},{"id":222300,"n":"Tomate allongée  1p","p":0.25,"img":"https://fd3-photos.leclercdrive.fr/image.ashx?id=1631200&use=l&cat=p&typeid=i","cat":284352},{"id":222303,"n":"Tomate ronde à farcir  1p","p":0.9,"img":"https://fd3-photos.leclercdrive.fr/image.ashx?id=1631239&use=l&cat=p&typeid=i","cat":284352},{"id":222360,"n":"Petit délice de poulet fumé Oriental Viandes Halal - 150g","p":1.56,"u":"10,40 €/KG","img":"https://fd3-photos.leclercdrive.fr/image.ashx?id=2654962&use=l&cat=p&typeid=i","cat":316013},{"id":222384,"n":"Miel de France liquide 375g","p":5.48,"u":"14,61 €/KG","img":"https://fd3-photos.leclercdrive.fr/image.ashx?id=2649966&use=l&cat=p&typeid=i","cat":287643},{"id":222390,"n":"Décor pour gateaux Vahiné Pirate","p":1.27,"img":"https://fd3-photos.leclercdrive.fr/image.ashx?id=2649683&use=l&cat=p&typeid=i","cat":284504},{"id":222394,"n":"Décor pour gateaux Vahiné Animaux","p":1.27,"img":"https://fd3-photos.leclercdrive.fr/image.ashx?id=2649686&use=l&cat=p&typeid=i","cat":284504},{"id":222397,"n":"Décor pour gateaux Vahiné Princesse","p":1.27,"img":"https://fd3-photos.leclercdrive.fr/image.ashx?id=2649689&use=l&cat=p&typeid=i","cat":284504},{"id":222453,"n":"Acide citrique Briochin Ecocert - 450g","p":4.28,"u":"9,51 €/KG","img":"https://fd3-photos.leclercdrive.fr/image.ashx?id=3000755&use=l&cat=p&typeid=i","cat":325365},{"id":222455,"n":"Recharge lessive détachante  savon noir 37 lavages - 1,7L","p":5.87,"u":"3,45 €/L","img":"https://fd3-photos.leclercdrive.fr/image.ashx?id=3000782&use=l&cat=p&typeid=i","cat":284640},{"id":222472,"n":"Ananas Eco+ Morceaux - Sirop léger - 340g","p":1.06,"u":"3,12 €/KG","img":"https://fd3-photos.leclercdrive.fr/image.ashx?id=2650907&use=l&cat=p&typeid=i","cat":284507},{"id":222473,"n":"Thé blanc bio Joyce Fraise menthe - 30g","p":2.27,"u":"75,67 €/KG","img":"https://fd3-photos.leclercdrive.fr/image.ashx?id=2924140&use=l&cat=p&typeid=i","cat":293233},{"id":222474,"n":"Thé blanc Bio Joyce  Saveur tarte au citron - 30g","p":2.04,"u":"68,00 €/KG","img":"https://fd3-photos.leclercdrive.fr/image.ashx?id=2651624&use=l&cat=p&typeid=i","cat":293233},{"id":222475,"n":"Thé noir Joyce Bio Earl grey fleuri - 30g","p":2.04,"u":"68,00 €/KG","img":"https://fd3-photos.leclercdrive.fr/image.ashx?id=2651627&use=l&cat=p&typeid=i","cat":293233},{"id":222476,"n":"Thé noir Joyce Bio pain grillé - 30g","p":2.04,"u":"68,00 €/KG","img":"https://fd3-photos.leclercdrive.fr/image.ashx?id=2651630&use=l&cat=p&typeid=i","cat":293233},{"id":222479,"n":"Pop corn sucre de canne Vico Micro-ondable 240g","p":2.2,"u":"9,17 €/KG","img":"https://fd3-photos.leclercdrive.fr/image.ashx?id=2651585&use=l&cat=p&typeid=i","cat":304249},{"id":222480,"n":"Pop corn Vico Salé - 240g","p":2.15,"u":"8,96 €/KG","img":"https://fd3-photos.leclercdrive.fr/image.ashx?id=2815049&use=l&cat=p&typeid=i","cat":304249},{"id":222486,"n":"Thé noir bio Joyce Pain d'épices - 30g","p":1.87,"u":"62,33 €/KG","img":"https://fd3-photos.leclercdrive.fr/image.ashx?id=2896651&use=l&cat=p&typeid=i","cat":293233},{"id":222492,"n":"Pecharmant St Albert  75cl Nos vignerons ont du talent","p":7.25,"u":"9,67 €/L","img":"https://fd3-photos.leclercdrive.fr/image.ashx?id=2799186&use=l&cat=p&typeid=i","cat":289556},{"id":222516,"n":"Frites de poulet Maître Coq 800g","p":6.13,"u":"7,66 €/KG","img":"https://fd3-photos.leclercdrive.fr/image.ashx?id=2853931&use=l&cat=p&typeid=i","cat":333684},{"id":222582,"n":"Shampoing Restaurateur Eslève Glycolic Gloss - 200ml","p":5.87,"u":"29,35 €/L","img":"https://fd3-photos.leclercdrive.fr/image.ashx?id=2657157&use=l&cat=p&typeid=i","cat":284606},{"id":222584,"n":"Pâte à tartiner Nutella 220g","p":2.37,"u":"10,77 €/KG","img":"https://fd3-photos.leclercdrive.fr/image.ashx?id=2755216&use=l&cat=p&typeid=i","cat":284481},{"id":222586,"n":"Démêlant Cheveux Elsève Glycolic Gloss - 150ml","p":5.57,"u":"37,13 €/L","img":"https://fd3-photos.leclercdrive.fr/image.ashx?id=2657160&use=l&cat=p&typeid=i","cat":284607},{"id":222591,"n":"Soin anti-tâches L'Oréal Paris Bright Reveal SPF50+ - 50ml","p":14.0,"u":"280,00 €/L","img":"https://fd3-photos.leclercdrive.fr/image.ashx?id=2921879&use=l&cat=p&typeid=i","cat":325345},{"id":222593,"n":"Dentifrice Aquafresh Naturals Blancheur Charbon - 2x75ml","p":3.49,"u":"23,27 €/L","img":"https://fd3-photos.leclercdrive.fr/image.ashx?id=2889289&use=l&cat=p&typeid=i","cat":284612},{"id":222594,"n":"Pur jus de raisin Jafaden  90cl","p":2.21,"u":"2,46 €/L","img":"https://fd3-photos.leclercdrive.fr/image.ashx?id=2723183&use=l&cat=p&typeid=i","cat":285435},{"id":222597,"n":"Sérum anti-taches L'Oréal Paris Bright Reveal - 30ml","p":12.66,"u":"422,00 €/L","img":"https://fd3-photos.leclercdrive.fr/image.ashx?id=2865881&use=l&cat=p&typeid=i","cat":325345},{"id":222598,"n":"Pur jus de pomme framboise Jafaden - 90cl","p":2.43,"u":"2,70 €/L","img":"https://fd3-photos.leclercdrive.fr/image.ashx?id=2723195&use=l&cat=p&typeid=i","cat":285435},{"id":222599,"n":"Sérum correcteur L'Oréal Paris  Age Perfect - 30ml","p":11.97,"pp":7.9,"u":"263,33 €/L","img":"https://fd3-photos.leclercdrive.fr/image.ashx?id=2664491&use=l&cat=p&typeid=i","cat":325345},{"id":222608,"n":"Jambon cru Serrano Aoste  6 tranches + 3 offertes - 150g","p":3.66,"u":"24,40 €/KG","img":"https://fd3-photos.leclercdrive.fr/image.ashx?id=2653669&use=l&cat=p&typeid=i","cat":316007},{"id":222620,"n":"Lait sans lactose Matin Léger Lactel 1.2%MG UHT - 10x1L","p":17.24,"u":"1,72 €/L","img":"https://fd3-photos.leclercdrive.fr/image.ashx?id=2653651&use=l&cat=p&typeid=i","cat":317169},{"id":222631,"n":"Gâteau Savane Brossard Max Barr' Pocket x14 - 420g","p":3.74,"u":"8,90 €/KG","img":"https://fd3-photos.leclercdrive.fr/image.ashx?id=2964721&use=l&cat=p&typeid=i","cat":294776},{"id":222638,"n":"Chocolat pâtissier Nestlé Corsé - 2x200g","p":5.77,"u":"14,43 €/KG","img":"https://fd3-photos.leclercdrive.fr/image.ashx?id=2905654&use=l&cat=p&typeid=i","cat":285562},{"id":222644,"n":"Compote de pomme Valade Sans sucre ajouté - 630g","p":1.67,"u":"2,65 €/KG","img":"https://fd3-photos.leclercdrive.fr/image.ashx?id=2731633&use=l&cat=p&typeid=i","cat":284508},{"id":222646,"n":"Compote pomme poire Valade Sans sucre ajoutés - 630g","p":1.67,"u":"2,65 €/KG","img":"https://fd3-photos.leclercdrive.fr/image.ashx?id=2731636&use=l&cat=p&typeid=i","cat":284508},{"id":222667,"n":"Tablette Chocolat Noir Crunch x2- 200g","p":3.15,"u":"15,75 €/KG","img":"https://fd3-photos.leclercdrive.fr/image.ashx?id=2899737&use=l&cat=p&typeid=i","cat":284956},{"id":222668,"n":"Gaufrettes Wafer cacao Balconi 175g","p":0.98,"u":"5,60 €/KG","img":"https://fd3-photos.leclercdrive.fr/image.ashx?id=2828883&use=l&cat=p&typeid=i","cat":284488},{"id":222678,"n":"Beignets de poulet frit Mei Asia - 300g","p":6.93,"u":"23,10 €/KG","img":"https://fd3-photos.leclercdrive.fr/image.ashx?id=2653849&use=l&cat=p&typeid=i","cat":319774},{"id":222680,"n":"Poulet Pané Katsu Mei Asia - 300g","p":6.93,"u":"23,10 €/KG","img":"https://fd3-photos.leclercdrive.fr/image.ashx?id=2653843&use=l&cat=p&typeid=i","cat":284254},{"id":222702,"n":"Dentifrice Integral 8 Signal Fraîcheur Intense 75ml","p":2.43,"u":"32,40 €/L","img":"https://fd3-photos.leclercdrive.fr/image.ashx?id=2818196&use=l&cat=p&typeid=i","cat":284612},{"id":222703,"n":"Dentifrice Signal Extra fraîcheur blancheur 75ml","p":2.31,"u":"30,80 €/L","img":"https://fd3-photos.leclercdrive.fr/image.ashx?id=2938328&use=l&cat=p&typeid=i","cat":284612},{"id":222704,"n":"Dentifrice Signal Extra fraîcheur intense - 75ml","p":1.99,"u":"26,53 €/L","img":"https://fd3-photos.leclercdrive.fr/image.ashx?id=2654212&use=l&cat=p&typeid=i","cat":284612},{"id":222735,"n":"Déodorant spray Dove 2x100ml","p":6.24,"u":"31,20 €/L","img":"https://fd3-photos.leclercdrive.fr/image.ashx?id=2905714&use=l&cat=p&typeid=i","cat":284595},{"id":222740,"n":"Pommes bicolores Eco+ x4","p":0.99,"u":"0,25 €/P","img":"https://fd3-photos.leclercdrive.fr/image.ashx?id=2928210&use=l&cat=p&typeid=i","cat":284356},{"id":222742,"n":"Swiffer wetjet Kit Lavable Système anti-poussière - x1","p":30.48,"pp":18.29,"img":"https://fd3-photos.leclercdrive.fr/image.ashx?id=2927708&use=l&cat=p&typeid=i","cat":325364},{"id":222743,"n":"Sauce Sriracha Mayo Hot Chili - 215ml","p":2.77,"u":"12,88 €/L","img":"https://fd3-photos.leclercdrive.fr/image.ashx?id=2655211&use=l&cat=p&typeid=i","cat":288992},{"id":222778,"n":"Eau de javel La Croix Traditionnelle désinfectant- 5L","p":4.31,"u":"0,86 €/L","img":"https://fd3-photos.leclercdrive.fr/image.ashx?id=2672740&use=l&cat=p&typeid=i","cat":284661},{"id":222779,"n":"Eau de javel La Croix Traditionnelle - 1.5L","p":1.64,"u":"1,09 €/L","img":"https://fd3-photos.leclercdrive.fr/image.ashx?id=2667556&use=l&cat=p&typeid=i","cat":284661},{"id":222782,"n":"Adoucissant Soupline Lingettes Voile Sèche-linge Grand air-x20","p":2.76,"u":"0,14 €/P","img":"https://fd3-photos.leclercdrive.fr/image.ashx?id=2654435&use=l&cat=p&typeid=i","cat":325302},{"id":222790,"n":"Fromage blanc Bibeleskaes Citron - Alsace Lait - 4x125g","p":2.82,"u":"5,64 €/KG","img":"https://fd3-photos.leclercdrive.fr/image.ashx?id=2654800&use=l&cat=p&typeid=i","cat":284409},{"id":222820,"n":"Bonbons Haribo Pocket Assortiment mini sachets - 340g","p":2.37,"u":"6,97 €/KG","img":"https://fd3-photos.leclercdrive.fr/image.ashx?id=2654653&use=l&cat=p&typeid=i","cat":304250},{"id":222824,"n":"Carottes râpées Notre Jardin 250g","p":1.49,"u":"5,96 €/KG","img":"https://fd3-photos.leclercdrive.fr/image.ashx?id=2664626&use=l&cat=p&typeid=i","cat":284353},{"id":222826,"n":"Chou blanc carotte Notre Jardin 250g","p":1.51,"u":"6,04 €/KG","img":"https://fd3-photos.leclercdrive.fr/image.ashx?id=2740975&use=l&cat=p&typeid=i","cat":284353},{"id":222838,"n":"Coeur de Scarole Notre Jardin 200g","p":1.43,"u":"7,15 €/KG","img":"https://fd3-photos.leclercdrive.fr/image.ashx?id=2720187&use=l&cat=p&typeid=i","cat":284353},{"id":222839,"n":"Duo mâche et betterave Notre Jardin - 175g","p":1.32,"u":"7,54 €/KG","img":"https://fd3-photos.leclercdrive.fr/image.ashx?id=2663296&use=l&cat=p&typeid=i","cat":284353},{"id":222841,"n":"Mâche Bio Village Bio - 100g","p":1.89,"u":"18,90 €/KG","img":"https://fd3-photos.leclercdrive.fr/image.ashx?id=2655622&use=l&cat=p&typeid=i","cat":284353},{"id":222842,"n":"Acide citrique Clair 500g","p":2.99,"u":"5,98 €/KG","img":"https://fd3-photos.leclercdrive.fr/image.ashx?id=2822147&use=l&cat=p&typeid=i","cat":325365},{"id":222843,"n":"Liquide vaisselle Uni vert Ecolo amande - 500ml","p":1.15,"u":"2,30 €/L","img":"https://fd3-photos.leclercdrive.fr/image.ashx?id=2999523&use=l&cat=p&typeid=i","cat":284655},{"id":222844,"n":"Gel douche Le Petit Marseillais Fleur de tiaré - 650ml","p":3.22,"u":"4,95 €/L","img":"https://fd3-photos.leclercdrive.fr/image.ashx?id=2656060&use=l&cat=p&typeid=i","cat":284594},{"id":222846,"n":"Gel douche Le Petit Marseillais Cerise & jasmin - 250ml","p":1.77,"u":"7,08 €/L","img":"https://fd3-photos.leclercdrive.fr/image.ashx?id=2685198&use=l&cat=p&typeid=i","cat":284594},{"id":222854,"n":"Lingette lavable Swiffer Wetj Wetjet - Microfibre - x1","p":8.65,"pp":5.19,"img":"https://fd3-photos.leclercdrive.fr/image.ashx?id=2656240&use=l&cat=p&typeid=i","cat":325364},{"id":222895,"n":"Fromage à raclette Richesmonts Duo - 420g +20% offerts","p":5.89,"u":"14,02 €/KG","img":"https://fd3-photos.leclercdrive.fr/image.ashx?id=2953839&use=l&cat=p&typeid=i","cat":314037},{"id":222896,"n":"Fromage à raclette Richesmonts Duo Poivre - 420g +20% offerts","p":5.23,"u":"12,45 €/KG","img":"https://fd3-photos.leclercdrive.fr/image.ashx?id=2953842&use=l&cat=p&typeid=i","cat":314037},{"id":222897,"n":"Fromage à raclette Richesmonts Caractère - 420g +20% offerts","p":5.89,"u":"14,02 €/KG","img":"https://fd3-photos.leclercdrive.fr/image.ashx?id=2953845&use=l&cat=p&typeid=i","cat":314037},{"id":222898,"n":"Dentifrice Sensodyne Anti-Tâches - 75ml","p":6.18,"u":"82,40 €/L","img":"https://fd3-photos.leclercdrive.fr/image.ashx?id=2997775&use=l&cat=p&typeid=i","cat":284612},{"id":222899,"n":"Dentifrice Sensodyne Email renforcé - 75ml","p":5.37,"u":"71,60 €/L","img":"https://fd3-photos.leclercdrive.fr/image.ashx?id=2997208&use=l&cat=p&typeid=i","cat":284612},{"id":222912,"n":"Sauce soja sucrée Suzi Wan 250ml","p":3.03,"u":"12,12 €/L","img":"https://fd3-photos.leclercdrive.fr/image.ashx?id=2886217&use=l&cat=p&typeid=i","cat":288992},{"id":222913,"n":"Sauce pour nems Suzi Wan 250ml","p":2.95,"u":"11,80 €/L","img":"https://fd3-photos.leclercdrive.fr/image.ashx?id=2990877&use=l&cat=p&typeid=i","cat":288992},{"id":222942,"n":"Les Palmiers snack Tokapi Fromage gouda edam - 75g","p":1.87,"u":"24,93 €/KG","img":"https://fd3-photos.leclercdrive.fr/image.ashx?id=2656396&use=l&cat=p&typeid=i","cat":297000},{"id":222958,"n":"Sérum bio So'Bio Etic Anti-âge global - Argan - 30ml","p":14.97,"u":"499,00 €/L","img":"https://fd3-photos.leclercdrive.fr/image.ashx?id=2977480&use=l&cat=p&typeid=i","cat":325345},{"id":222959,"n":"Soin jour bio So'Bio Etic Anti-tâches - Lys - 50ml","p":16.89,"u":"337,80 €/L","img":"https://fd3-photos.leclercdrive.fr/image.ashx?id=3000207&use=l&cat=p&typeid=i","cat":325345},{"id":222960,"n":"Soin nuit bio So'Bio Etic Peeling - Anti-tâche - Lys 50ml","p":17.88,"u":"357,60 €/L","img":"https://fd3-photos.leclercdrive.fr/image.ashx?id=2997019&use=l&cat=p&typeid=i","cat":325345},{"id":222961,"n":"Soin regard So'Bio Etic Lift Grenade bio - 15ml","p":12.28,"u":"818,67 €/L","img":"https://fd3-photos.leclercdrive.fr/image.ashx?id=2787113&use=l&cat=p&typeid=i","cat":325345},{"id":222995,"n":"Nouilles Banzai Noodle Curry cup - 67g","p":1.25,"u":"18,66 €/KG","img":"https://fd3-photos.leclercdrive.fr/image.ashx?id=2730007&use=l&cat=p&typeid=i","cat":288992},{"id":222998,"n":"Jambon de Paris Tradilège Sans nitrite 4 tranches - 140g","p":1.89,"u":"13,50 €/KG","img":"https://fd3-photos.leclercdrive.fr/image.ashx?id=2991530&use=l&cat=p&typeid=i","cat":316009},{"id":222999,"n":"Jambon de Paris Tradilège Sans nitrite 6 tranches - 210g","p":2.83,"u":"13,48 €/KG","img":"https://fd3-photos.leclercdrive.fr/image.ashx?id=2991533&use=l&cat=p&typeid=i","cat":316009},{"id":223003,"n":"Jambon supérieur Tradilège Sans nitrite 4 tranches - 160g","p":2.23,"u":"13,94 €/KG","img":"https://fd3-photos.leclercdrive.fr/image.ashx?id=2657145&use=l&cat=p&typeid=i","cat":316009},{"id":223004,"n":"Jambon supérieur Tradilège Sans nitrite 8 tranches - 280g","p":3.7,"u":"13,21 €/KG","img":"https://fd3-photos.leclercdrive.fr/image.ashx?id=2994399&use=l&cat=p&typeid=i","cat":316009},{"id":223023,"n":"Après-shampooing Herbal Essences - Aloe - 200ml","p":4.15,"u":"20,75 €/L","img":"https://fd3-photos.leclercdrive.fr/image.ashx?id=2759739&use=l&cat=p&typeid=i","cat":284607},{"id":223024,"n":"Shampooing Herbal Essences Aloe - 250ml","p":3.46,"u":"13,84 €/L","img":"https://fd3-photos.leclercdrive.fr/image.ashx?id=2748671&use=l&cat=p&typeid=i","cat":284606},{"id":223028,"n":"Shampooing Herbal Essences Coconut - 250ml","p":3.48,"u":"13,92 €/L","img":"https://fd3-photos.leclercdrive.fr/image.ashx?id=2677600&use=l&cat=p&typeid=i","cat":284606},{"id":223030,"n":"Après-shampooing Herbal Essences - Coconut - 200ml","p":3.39,"u":"16,95 €/L","img":"https://fd3-photos.leclercdrive.fr/image.ashx?id=2737813&use=l&cat=p&typeid=i","cat":284606},{"id":223033,"n":"Pain de mie Epi d'Or Complet - 100% mie - 780g","p":2.41,"u":"3,09 €/KG","img":"https://fd3-photos.leclercdrive.fr/image.ashx?id=2807300&use=l&cat=p&typeid=i","cat":325068},{"id":223035,"n":"Shampooing Herbal Essences Rose - 250ml","p":3.17,"u":"12,68 €/L","img":"https://fd3-photos.leclercdrive.fr/image.ashx?id=2737819&use=l&cat=p&typeid=i","cat":284606},{"id":223085,"n":"Gel Nettoyant visage Garnier Argile - 250ml","p":4.78,"u":"19,12 €/L","img":"https://fd3-photos.leclercdrive.fr/image.ashx?id=2833741&use=l&cat=p&typeid=i","cat":284603},{"id":223115,"n":"Muesli amande sans gluten bio  Terres et Céréales - 500g","p":5.09,"u":"10,18 €/KG","img":"https://fd3-photos.leclercdrive.fr/image.ashx?id=2659352&use=l&cat=p&typeid=i","cat":309512},{"id":223129,"n":"Boulettes kefta Férial 350g","p":3.85,"u":"11,00 €/KG","img":"https://fd3-photos.leclercdrive.fr/image.ashx?id=2660577&use=l&cat=p&typeid=i","cat":319779},{"id":223141,"n":"Mini Bretzels Boehli Saveur aïoli - 150g","p":1.43,"u":"9,53 €/KG","img":"https://fd3-photos.leclercdrive.fr/image.ashx?id=2659918&use=l&cat=p&typeid=i","cat":297000},{"id":223142,"n":"Mini Bretzels Boehli Saveur italienne - 150g","p":1.24,"u":"8,27 €/KG","img":"https://fd3-photos.leclercdrive.fr/image.ashx?id=2659915&use=l&cat=p&typeid=i","cat":297000},{"id":223144,"n":"Eau pétillante Carola zéro sucres - Cerise 1.25L","p":1.07,"u":"0,86 €/L","img":"https://fd3-photos.leclercdrive.fr/image.ashx?id=2951788&use=l&cat=p&typeid=i","cat":284536},{"id":223151,"n":"Jus ACE Pauline 1L","p":2.79,"u":"2,79 €/L","img":"https://fd3-photos.leclercdrive.fr/image.ashx?id=2675454&use=l&cat=p&typeid=i","cat":284521},{"id":223157,"n":"Vinaigre blanc 5L - 10°","p":3.57,"u":"0,71 €/L","img":"https://fd3-photos.leclercdrive.fr/image.ashx?id=2659792&use=l&cat=p&typeid=i","cat":298543},{"id":223229,"n":"Dentifrice Parodontax Réparation active gencives 75ml","p":4.37,"u":"58,27 €/L","img":"https://fd3-photos.leclercdrive.fr/image.ashx?id=2917534&use=l&cat=p&typeid=i","cat":284612},{"id":223233,"n":"Nectar Caresse Antillaise Mangue Passion - 1L","p":3.34,"u":"3,34 €/L","img":"https://fd3-photos.leclercdrive.fr/image.ashx?id=2660898&use=l&cat=p&typeid=i","cat":285435},{"id":223243,"n":"Sésame complet Naturaline Bio non décortiqué - 250g","p":2.46,"u":"9,84 €/KG","img":"https://fd3-photos.leclercdrive.fr/image.ashx?id=2660817&use=l&cat=p&typeid=i","cat":284430},{"id":223244,"n":"Purée de noisettes Naturaline Bio - 350g","p":12.41,"u":"35,46 €/KG","img":"https://fd3-photos.leclercdrive.fr/image.ashx?id=2664941&use=l&cat=p&typeid=i","cat":284481},{"id":223249,"n":"Burger de poulet cornflakes Halal Hünkar - 800g","p":8.75,"u":"10,94 €/KG","img":"https://fd3-photos.leclercdrive.fr/image.ashx?id=2864774&use=l&cat=p&typeid=i","cat":319780},{"id":223250,"n":"Spicy de poulet Künkar  Halal - 800g","p":8.69,"u":"10,86 €/KG","img":"https://fd3-photos.leclercdrive.fr/image.ashx?id=2963811&use=l&cat=p&typeid=i","cat":319780},{"id":223278,"n":"Bière Kasteel Rubus 75cl","p":5.08,"u":"6,77 €/L","img":"https://fd3-photos.leclercdrive.fr/image.ashx?id=2661454&use=l&cat=p&typeid=i","cat":334872},{"id":223293,"n":"Eau Minérale Wattwiller Fontaine 5L","p":2.97,"u":"0,59 €/L","img":"https://fd3-photos.leclercdrive.fr/image.ashx?id=3003330&use=l&cat=p&typeid=i","cat":284535},{"id":223365,"n":"Boisson aux fruits Jafun Multifruits - 4x20cl","p":1.44,"u":"1,80 €/L","img":"https://fd3-photos.leclercdrive.fr/image.ashx?id=2992570&use=l&cat=p&typeid=i","cat":295018},{"id":223392,"n":"Boisson aux fruits Jafun Fruits rouges - 4x20cl","p":1.44,"u":"1,80 €/L","img":"https://fd3-photos.leclercdrive.fr/image.ashx?id=2992573&use=l&cat=p&typeid=i","cat":295018},{"id":223394,"n":"Boisson aux fruits Jafun Tropical - 4x20cl","p":1.49,"u":"1,86 €/L","img":"https://fd3-photos.leclercdrive.fr/image.ashx?id=2992576&use=l&cat=p&typeid=i","cat":295018},{"id":223396,"n":"Boisson aux fruits Jafun Pomme cassis framboise 10x20cl","p":3.35,"u":"1,68 €/L","img":"https://fd3-photos.leclercdrive.fr/image.ashx?id=2992594&use=l&cat=p&typeid=i","cat":295018},{"id":223401,"n":"Bâtonnets Manger Main Bio Yooji Fraise banane avoine - 150g","p":4.2,"u":"28,00 €/KG","img":"https://fd3-photos.leclercdrive.fr/image.ashx?id=2662475&use=l&cat=p&typeid=i","cat":290631},{"id":223402,"n":"Bâtonnets Manger Main Bio Yooji Mangue banane avoine - 150g","p":3.09,"u":"20,60 €/KG","img":"https://fd3-photos.leclercdrive.fr/image.ashx?id=2662478&use=l&cat=p&typeid=i","cat":312394},{"id":223431,"n":"Crème dessert protéinée Hipro  Chocolat noisette - 180g","p":1.87,"u":"10,39 €/KG","img":"https://fd3-photos.leclercdrive.fr/image.ashx?id=2800294&use=l&cat=p&typeid=i","cat":285041},{"id":223437,"n":"Gratte-éponge Spontex Secret d'antan - x4","p":3.5,"u":"0,88 €/P","img":"https://fd3-photos.leclercdrive.fr/image.ashx?id=2673214&use=l&cat=p&typeid=i","cat":284667},{"id":223445,"n":"Shampoing fortifiant Fructis Force et Brillance - 300ml","p":2.77,"u":"9,23 €/L","img":"https://fd3-photos.leclercdrive.fr/image.ashx?id=2669271&use=l&cat=p&typeid=i","cat":284606},{"id":223452,"n":"Pur jus de pomme Jafaden 1.5L","p":2.99,"u":"1,99 €/L","img":"https://fd3-photos.leclercdrive.fr/image.ashx?id=2919667&use=l&cat=p&typeid=i","cat":284522},{"id":223498,"n":"Ketchup Rustica 900g","p":1.79,"u":"1,99 €/KG","img":"https://fd3-photos.leclercdrive.fr/image.ashx?id=2954394&use=l&cat=p&typeid=i","cat":284455},{"id":223499,"n":"Ketchup Rustica 390g","p":1.09,"u":"2,79 €/KG","img":"https://fd3-photos.leclercdrive.fr/image.ashx?id=2954391&use=l&cat=p&typeid=i","cat":284455},{"id":223500,"n":"Mais croquant Notre Jardin 2x285g","p":1.7,"u":"2,98 €/KG","img":"https://fd3-photos.leclercdrive.fr/image.ashx?id=3005694&use=l&cat=p&typeid=i","cat":312611},{"id":223520,"n":"Biscuit sablé bio  Nocciolata Fourré pâte à tartiner - 250g","p":3.39,"u":"13,56 €/KG","img":"https://fd3-photos.leclercdrive.fr/image.ashx?id=2664244&use=l&cat=p&typeid=i","cat":284488},{"id":223521,"n":"Biscuit bio  Nocciolata bianca Fourré pâte à tartiner - 250g","p":3.4,"u":"13,60 €/KG","img":"https://fd3-photos.leclercdrive.fr/image.ashx?id=2664554&use=l&cat=p&typeid=i","cat":284487},{"id":223527,"n":"Anti-moustiques Marie Rose Zones tropicales - 100ml","p":5.78,"u":"57,80 €/L","img":"https://fd3-photos.leclercdrive.fr/image.ashx?id=2684455&use=l&cat=p&typeid=i","cat":299654},{"id":223528,"n":"Culotte menstruelle Feel Natural - Noir - Taille XS","p":13.08,"pp":7.85,"img":"https://fd3-photos.leclercdrive.fr/image.ashx?id=2795216&use=l&cat=p&typeid=i","cat":284624},{"id":223533,"n":"Culotte menstruelle Feel Natural - Noir - Taille XL","p":13.08,"pp":7.85,"img":"https://fd3-photos.leclercdrive.fr/image.ashx?id=2830642&use=l&cat=p&typeid=i","cat":284624},{"id":223534,"n":"Culotte menstruelle Feel Natural - Noir - Taille XXL","p":13.08,"pp":7.85,"img":"https://fd3-photos.leclercdrive.fr/image.ashx?id=2664503&use=l&cat=p&typeid=i","cat":284624},{"id":223537,"n":"Bloc Energy 5 WC Net Actions - Brise aquatique - 38g","p":1.83,"u":"48,16 €/KG","img":"https://fd3-photos.leclercdrive.fr/image.ashx?id=2664449&use=l&cat=p&typeid=i","cat":284662},{"id":223538,"n":"Bloc Energy 5 actions WC Net Javel Agrumes et iris - 38g","p":1.94,"u":"51,05 €/KG","img":"https://fd3-photos.leclercdrive.fr/image.ashx?id=2664452&use=l&cat=p&typeid=i","cat":284662},{"id":223539,"n":"Bloc Energy 5 actions WC Net Fraîcheur givrée et menthe 38g","p":1.75,"u":"46,05 €/KG","img":"https://fd3-photos.leclercdrive.fr/image.ashx?id=2664455&use=l&cat=p&typeid=i","cat":284662},{"id":223540,"n":"Bloc Energy 5 actions WC Net Lavande et patchouli - 38g","p":2.16,"u":"56,84 €/KG","img":"https://fd3-photos.leclercdrive.fr/image.ashx?id=2664458&use=l&cat=p&typeid=i","cat":284662},{"id":223542,"n":"Bloc Energy WC Net Eau bleue / Marine fresh 40g","p":2.18,"u":"54,50 €/KG","img":"https://fd3-photos.leclercdrive.fr/image.ashx?id=2664464&use=l&cat=p&typeid=i","cat":284662},{"id":223554,"n":"Tablettes WC Harpic  Power Plus Fraicheur Active- x6","p":3.53,"u":"26,15 €/KG","img":"https://fd3-photos.leclercdrive.fr/image.ashx?id=2665391&use=l&cat=p&typeid=i","cat":284662},{"id":223556,"n":"Serviettes fuites urinaires Always Discreet - Long x8","p":5.63,"u":"0,70 €/P","img":"https://fd3-photos.leclercdrive.fr/image.ashx?id=2681296&use=l&cat=p&typeid=i","cat":284628},{"id":223560,"n":"Culottes fuites urinaires Always Discreet - Taille M x13","p":9.96,"u":"0,77 €/P","img":"https://fd3-photos.leclercdrive.fr/image.ashx?id=2927029&use=l&cat=p&typeid=i","cat":284628},{"id":223561,"n":"Culottes fuites urinaires Always Discreet - Taille L x11","p":9.96,"u":"0,91 €/P","img":"https://fd3-photos.leclercdrive.fr/image.ashx?id=2927032&use=l&cat=p&typeid=i","cat":284628},{"id":223562,"n":"Culottes fuites urinaires Always Discreet - Taille L x8","p":14.24,"u":"1,78 €/P","img":"https://fd3-photos.leclercdrive.fr/image.ashx?id=2685429&use=l&cat=p&typeid=i","cat":284628},{"id":223563,"n":"Culottes fuites urinaires Always Discreet Noir - L x8","p":10.64,"u":"1,33 €/P","img":"https://fd3-photos.leclercdrive.fr/image.ashx?id=2685432&use=l&cat=p&typeid=i","cat":284628},{"id":223569,"n":"Culottes fuites urinaires Always Discreet - L x8","p":10.64,"u":"1,33 €/P","img":"https://fd3-photos.leclercdrive.fr/image.ashx?id=2685435&use=l&cat=p&typeid=i","cat":284628},{"id":223574,"n":"Serviettes fuites urinaires Always Discreet - Nuit - x12","p":7.16,"u":"0,60 €/P","img":"https://fd3-photos.leclercdrive.fr/image.ashx?id=2685459&use=l&cat=p&typeid=i","cat":284628},{"id":223575,"n":"Serviettes fuites urinaires Always Discreet - x12","p":7.16,"u":"0,60 €/P","img":"https://fd3-photos.leclercdrive.fr/image.ashx?id=2845650&use=l&cat=p&typeid=i","cat":284628},{"id":223577,"n":"Serviettes fuites urinaires Always Discreet - Nuit - x6","p":4.03,"u":"0,67 €/P","img":"https://fd3-photos.leclercdrive.fr/image.ashx?id=3005383&use=l&cat=p&typeid=i","cat":284628},{"id":223578,"n":"Serviettes fuites urinaires Always Discreet - Long - x26","p":9.41,"u":"0,36 €/P","img":"https://fd3-photos.leclercdrive.fr/image.ashx?id=2685465&use=l&cat=p&typeid=i","cat":284628},{"id":223579,"n":"Serviettes fuites urinaires Always Discreet - Long+ - x8","p":3.84,"u":"0,48 €/P","img":"https://fd3-photos.leclercdrive.fr/image.ashx?id=3005386&use=l&cat=p&typeid=i","cat":284628},{"id":223581,"n":"Serviettes fuites urinaires Always Discreet - Long+ - x16","p":6.74,"u":"0,42 €/P","img":"https://fd3-photos.leclercdrive.fr/image.ashx?id=2685471&use=l&cat=p&typeid=i","cat":284628},{"id":223583,"n":"Serviettes fuites urinaires Always Discreet - Normal - x12","p":3.61,"u":"0,30 €/P","img":"https://fd3-photos.leclercdrive.fr/image.ashx?id=2665517&use=l&cat=p&typeid=i","cat":284628},{"id":223586,"n":"Serviettes fuites urinaires Always Discreet - Taille S x20","p":4.21,"u":"0,21 €/P","img":"https://fd3-photos.leclercdrive.fr/image.ashx?id=3009221&use=l&cat=p&typeid=i","cat":284628},{"id":223587,"n":"Serviettes fuites urinaires Always Discreet - Long - x10","p":3.63,"u":"0,36 €/P","img":"https://fd3-photos.leclercdrive.fr/image.ashx?id=2685474&use=l&cat=p&typeid=i","cat":284628},{"id":223588,"n":"Serviettes fuites urinaires Always Discreet - Nuit - x16","p":9.34,"u":"0,58 €/P","img":"https://fd3-photos.leclercdrive.fr/image.ashx?id=2680479&use=l&cat=p&typeid=i","cat":284628},{"id":223589,"n":"Serviettes fuites urinaires Always Discreet - x8","p":5.67,"u":"0,71 €/P","img":"https://fd3-photos.leclercdrive.fr/image.ashx?id=2953995&use=l&cat=p&typeid=i","cat":284628},{"id":223599,"n":"Pâtes Barilla Torsades - 1kg","p":1.83,"u":"1,83 €/KG","img":"https://fd3-photos.leclercdrive.fr/image.ashx?id=2664785&use=l&cat=p&typeid=i","cat":284427},{"id":223603,"n":"Fil dentaire Dentamyl Cire menthe - 80m","p":2.72,"u":"0,03 €/MT","img":"https://fd3-photos.leclercdrive.fr/image.ashx?id=2672888&use=l&cat=p&typeid=i","cat":285159},{"id":223604,"n":"Shampoing fortifiant Fructis Antipelliculaire - 300ml","p":2.72,"u":"9,07 €/L","img":"https://fd3-photos.leclercdrive.fr/image.ashx?id=2667862&use=l&cat=p&typeid=i","cat":284606},{"id":223605,"n":"Crème Douche Hydratation Cadum Peaux Sèches - 500ml","p":2.37,"u":"4,74 €/L","img":"https://fd3-photos.leclercdrive.fr/image.ashx?id=2739318&use=l&cat=p&typeid=i","cat":284594},{"id":223606,"n":"Crème Douche Nourrissante Cadum Miel de Fleurs Bio - 750ml","p":3.88,"u":"5,17 €/L","img":"https://fd3-photos.leclercdrive.fr/image.ashx?id=2805465&use=l&cat=p&typeid=i","cat":284594},{"id":223608,"n":"Crème Douche Tolérance Cadum Sans Sulfate - 400ml","p":2.79,"u":"6,98 €/L","img":"https://fd3-photos.leclercdrive.fr/image.ashx?id=2696007&use=l&cat=p&typeid=i","cat":284594},{"id":223611,"n":"Désodorisant Febreze Petit coin Fleur naissante - 7.5ml","p":3.2,"u":"400,00 €/L","img":"https://fd3-photos.leclercdrive.fr/image.ashx?id=2955230&use=l&cat=p&typeid=i","cat":311628},{"id":223612,"n":"Désodorisant Febreze Petit coin Linge frais - 7.5ml","p":3.99,"u":"498,75 €/L","img":"https://fd3-photos.leclercdrive.fr/image.ashx?id=2955233&use=l&cat=p&typeid=i","cat":311628},{"id":223613,"n":"Désodorisant Febreze Petit coin Coton - 7.5ml","p":3.2,"u":"400,00 €/L","img":"https://fd3-photos.leclercdrive.fr/image.ashx?id=2955236&use=l&cat=p&typeid=i","cat":311628},{"id":223631,"n":"Huile précieuse Gliss Hair Repair - Schwarzkopf - 75ml","p":6.43,"u":"85,73 €/L","img":"https://fd3-photos.leclercdrive.fr/image.ashx?id=2665274&use=l&cat=p&typeid=i","cat":284608},{"id":223648,"n":"Rasoir Gillette Skinguard + 1 recharge - Aloe vera - x1","p":10.59,"img":"https://fd3-photos.leclercdrive.fr/image.ashx?id=2665499&use=l&cat=p&typeid=i","cat":284616},{"id":223649,"n":"Shampooing Head & shoulder 2-en-1 - Classic - 300ml","p":4.69,"u":"15,63 €/L","img":"https://fd3-photos.leclercdrive.fr/image.ashx?id=2863003&use=l&cat=p&typeid=i","cat":284606},{"id":223650,"n":"Shampooing Head & shoulder 1in1 - Classic - 330ml","p":4.84,"u":"14,67 €/L","img":"https://fd3-photos.leclercdrive.fr/image.ashx?id=2859962&use=l&cat=p&typeid=i","cat":284606},{"id":223654,"n":"Shampooing Head & shoulders 2en1 - Anti-démangeaisons 300ml","p":5.01,"u":"16,70 €/L","img":"https://fd3-photos.leclercdrive.fr/image.ashx?id=2828964&use=l&cat=p&typeid=i","cat":284606},{"id":223661,"n":"Pains au chocolat Croustipate  x6 - 275g","p":3.01,"u":"10,95 €/KG","img":"https://fd3-photos.leclercdrive.fr/image.ashx?id=2902055&use=l&cat=p&typeid=i","cat":333681},{"id":223834,"n":"Shampooing Head & shoulders Apple fresh - 330ml","p":5.06,"u":"15,33 €/L","img":"https://fd3-photos.leclercdrive.fr/image.ashx?id=2668767&use=l&cat=p&typeid=i","cat":284606},{"id":223839,"n":"Shampooing Head & shoulders 1in1 - Anti-démangeaisons 330ml","p":5.14,"u":"15,58 €/L","img":"https://fd3-photos.leclercdrive.fr/image.ashx?id=2681329&use=l&cat=p&typeid=i","cat":284606},{"id":223844,"n":"Shampooing Head & shoulders 1in1 - Lisse & soyeux - 330ml","p":5.96,"u":"18,06 €/L","img":"https://fd3-photos.leclercdrive.fr/image.ashx?id=2737843&use=l&cat=p&typeid=i","cat":284606},{"id":223850,"n":"Déodorant Spray Femme Narta Anti-Trace Blanche 48h - 200ml","p":2.38,"u":"11,90 €/L","img":"https://fd3-photos.leclercdrive.fr/image.ashx?id=2678589&use=l&cat=p&typeid=i","cat":284595},{"id":223851,"n":"Déodorant Spray Homme 48h Narta Fraîcheur Classique - 200mL","p":2.38,"u":"11,90 €/L","img":"https://fd3-photos.leclercdrive.fr/image.ashx?id=2675511&use=l&cat=p&typeid=i","cat":284618},{"id":223852,"n":"Déodorant Spray Homme Sans Alcool - Anti-transpirant 200ml","p":2.36,"u":"11,80 €/L","img":"https://fd3-photos.leclercdrive.fr/image.ashx?id=2681880&use=l&cat=p&typeid=i","cat":284618},{"id":223853,"n":"Déodorant Spray Femme Narta Fraîcheur Cologne 48h - 200ml","p":2.37,"u":"11,85 €/L","img":"https://fd3-photos.leclercdrive.fr/image.ashx?id=2678592&use=l&cat=p&typeid=i","cat":284595},{"id":223857,"n":"Déodorant Spray Femme Narta 48h Sans Alcool - 200ML","p":2.35,"u":"11,75 €/L","img":"https://fd3-photos.leclercdrive.fr/image.ashx?id=2680242&use=l&cat=p&typeid=i","cat":284595},{"id":223858,"n":"Déodorant femme Narta Magnesium protect - 100ml","p":4.27,"u":"42,70 €/L","img":"https://fd3-photos.leclercdrive.fr/image.ashx?id=2680245&use=l&cat=p&typeid=i","cat":284595},{"id":223884,"n":"Brossettes Dentamyl Perfect angle - x2","p":6.99,"u":"3,50 €/P","img":"https://fd3-photos.leclercdrive.fr/image.ashx?id=2824298&use=l&cat=p&typeid=i","cat":297133},{"id":223893,"n":"Lingettes de nettoyage Swiffer Wet Jet - x12","p":7.19,"pp":4.31,"u":"0,36 €/P","img":"https://fd3-photos.leclercdrive.fr/image.ashx?id=2948525&use=l&cat=p&typeid=i","cat":325364},{"id":223913,"n":"Rasoir Gillette Venus Classic - +1 recharge","p":12.03,"img":"https://fd3-photos.leclercdrive.fr/image.ashx?id=2667187&use=l&cat=p&typeid=i","cat":325352},{"id":223919,"n":"Papier aluminium Albal 30m","p":5.71,"img":"https://fd3-photos.leclercdrive.fr/image.ashx?id=2667109&use=l&cat=p&typeid=i","cat":285194},{"id":223920,"n":"Film fraîcheur Albal 50m","p":4.53,"img":"https://fd3-photos.leclercdrive.fr/image.ashx?id=2929059&use=l&cat=p&typeid=i","cat":285194},{"id":223921,"n":"Sacs pooubelle Handy Bag Poignées coulissantes - 50L x8","p":4.13,"u":"0,52 €/P","img":"https://fd3-photos.leclercdrive.fr/image.ashx?id=2740244&use=l&cat=p&typeid=i","cat":285168},{"id":223922,"n":"Bonbon Fun for all Trolli  1kg","p":5.95,"u":"5,95 €/KG","img":"https://fd3-photos.leclercdrive.fr/image.ashx?id=2890352&use=l&cat=p&typeid=i","cat":304250},{"id":223925,"n":"Riz Long grain Ben's original Vrac 10mn - 1kg","p":2.97,"u":"2,97 €/KG","img":"https://fd3-photos.leclercdrive.fr/image.ashx?id=2990961&use=l&cat=p&typeid=i","cat":284428},{"id":223940,"n":"Street pizza Grando's Parmigiana - 190g","p":2.18,"u":"11,47 €/KG","img":"https://fd3-photos.leclercdrive.fr/image.ashx?id=2760160&use=l&cat=p&typeid=i","cat":284256},{"id":223976,"n":"Ampoule LED Foxter Flamme - E14 40W - Chaud  x1","p":4.49,"u":"Dont 0,29 € d'éco-part.","img":"https://fd3-photos.leclercdrive.fr/image.ashx?id=2670485&use=l&cat=p&typeid=i","cat":300573},{"id":223977,"n":"Ampoule LED Foxter Flamme - E14 40W - Froid x1","p":4.49,"u":"Dont 0,29 € d'éco-part.","img":"https://fd3-photos.leclercdrive.fr/image.ashx?id=2670488&use=l&cat=p&typeid=i","cat":300573},{"id":223979,"n":"Ampoule LED Foxter Spot - GU10 35W - Froid x1","p":2.99,"u":"Dont 0,29 € d'éco-part.","img":"https://fd3-photos.leclercdrive.fr/image.ashx?id=2669753&use=l&cat=p&typeid=i","cat":300573},{"id":224082,"n":"Biscuits croquants Délichoc Chocolat au lait pocket - 250g","p":3.13,"u":"12,52 €/KG","img":"https://fd3-photos.leclercdrive.fr/image.ashx?id=2682192&use=l&cat=p&typeid=i","cat":284488},{"id":224088,"n":"Crème solaire Nivea Sun FPS 50+ 250ml","p":11.99,"u":"44,41 €/L","img":"https://fd3-photos.leclercdrive.fr/image.ashx?id=2881482&use=l&cat=p&typeid=i","cat":null},{"id":224140,"n":"Bun's jambon ketchup McCain 460g","p":3.85,"u":"8,37 €/KG","img":"https://fd3-photos.leclercdrive.fr/image.ashx?id=2741180&use=l&cat=p&typeid=i","cat":319822},{"id":224141,"n":"Bun's bolognaise McCain 460g","p":3.65,"u":"7,93 €/KG","img":"https://fd3-photos.leclercdrive.fr/image.ashx?id=2750675&use=l&cat=p&typeid=i","cat":319822},{"id":224143,"n":"Bun's Burger McCain 460g","p":3.8,"u":"8,26 €/KG","img":"https://fd3-photos.leclercdrive.fr/image.ashx?id=2741183&use=l&cat=p&typeid=i","cat":319822},{"id":224144,"n":"Bun's jambon 4 fromages McCain 460g","p":4.39,"u":"9,54 €/KG","img":"https://fd3-photos.leclercdrive.fr/image.ashx?id=2668111&use=l&cat=p&typeid=i","cat":319822},{"id":224146,"n":"Bun's Raclette McCain 460g","p":4.3,"u":"9,35 €/KG","img":"https://fd3-photos.leclercdrive.fr/image.ashx?id=2750678&use=l&cat=p&typeid=i","cat":319822},{"id":224233,"n":"AOP Vin rosé Rhône  Visan - Terroir Daronton - 75cl","p":6.59,"u":"8,79 €/L","img":"https://fd3-photos.leclercdrive.fr/image.ashx?id=2669211&use=l&cat=p&typeid=i","cat":289558},{"id":224240,"n":"Dentifrice L'Arbre vert Blancheur - Mente - 75ml","p":2.69,"u":"35,87 €/L","img":"https://fd3-photos.leclercdrive.fr/image.ashx?id=2892805&use=l&cat=p&typeid=i","cat":284612},{"id":224255,"n":"Recharches lames Wilkinson Intuition complete - x3","p":9.54,"u":"3,18 €/P","img":"https://fd3-photos.leclercdrive.fr/image.ashx?id=2669337&use=l&cat=p&typeid=i","cat":325352},{"id":224263,"n":"Monster Energy zéro sucres 50cl","p":1.61,"u":"3,22 €/L","img":"https://fd3-photos.leclercdrive.fr/image.ashx?id=2669358&use=l&cat=p&typeid=i","cat":284533},{"id":224264,"n":"Monster Ultra gold 50cl","p":1.67,"u":"3,34 €/L","img":"https://fd3-photos.leclercdrive.fr/image.ashx?id=2669355&use=l&cat=p&typeid=i","cat":284533},{"id":224265,"n":"Monster Energy Juice Bad apple 50cl","p":1.83,"u":"3,66 €/L","img":"https://fd3-photos.leclercdrive.fr/image.ashx?id=2759044&use=l&cat=p&typeid=i","cat":284533},{"id":224273,"n":"Rasoirs Wilkinson My intuition Hydro silk - x3","p":7.08,"u":"2,36 €/P","img":"https://fd3-photos.leclercdrive.fr/image.ashx?id=2680353&use=l&cat=p&typeid=i","cat":325352},{"id":224281,"n":"Crème Revitalift Dermo Expertise - Jour - 2x50ml","p":27.43,"u":"274,30 €/L","img":"https://fd3-photos.leclercdrive.fr/image.ashx?id=2679876&use=l&cat=p&typeid=i","cat":325345},{"id":224352,"n":"Rouge à lèvres L'Oréal Paris Color Riche 302 Bois de rose","p":12.88,"img":"https://fd3-photos.leclercdrive.fr/image.ashx?id=3014431&use=l&cat=p&typeid=i","cat":287029},{"id":224353,"n":"Eosine Mercurochrome 2% Solution aquese - 100ml","p":2.87,"u":"28,70 €/L","img":"https://fd3-photos.leclercdrive.fr/image.ashx?id=2670710&use=l&cat=p&typeid=i","cat":284630},{"id":224354,"n":"Répulsif Anti-moustiques  Marie Rose - Végétale 100ml","p":6.81,"u":"68,10 €/L","img":"https://fd3-photos.leclercdrive.fr/image.ashx?id=2670713&use=l&cat=p&typeid=i","cat":299654},{"id":224355,"n":"Masque Nutrition Intense Elsève Cheveux très Secs - 310ml","p":5.08,"u":"16,39 €/L","img":"https://fd3-photos.leclercdrive.fr/image.ashx?id=2739312&use=l&cat=p&typeid=i","cat":284608},{"id":224357,"n":"Coloration Permanente Garnier 3.0 Châtain Foncé Chocolat Noir","p":10.4,"img":"https://fd3-photos.leclercdrive.fr/image.ashx?id=2752122&use=l&cat=p&typeid=i","cat":288899},{"id":224359,"n":"Crème Visage Homme Nivea Men Anti-taches Power 2en1 - 50ml","p":13.4,"pp":8.84,"u":"176,80 €/L","img":"https://fd3-photos.leclercdrive.fr/image.ashx?id=3014617&use=l&cat=p&typeid=i","cat":284622},{"id":224360,"n":"Sérum Visage Homme Nivea Men Anti-taches Power 2en1 - 30ml","p":14.62,"pp":9.65,"u":"321,67 €/L","img":"https://fd3-photos.leclercdrive.fr/image.ashx?id=2944915&use=l&cat=p&typeid=i","cat":284622},{"id":224361,"n":"Lait Corps Anti-taches  Nivea Anti-vergeture Luminous - 200ml","p":9.64,"u":"48,20 €/L","img":"https://fd3-photos.leclercdrive.fr/image.ashx?id=2689049&use=l&cat=p&typeid=i","cat":325349},{"id":224362,"n":"Huile Corps Anti-taches  Nivea Anti-vergeture Luminous - 100ml","p":12.97,"u":"129,70 €/L","img":"https://fd3-photos.leclercdrive.fr/image.ashx?id=2689052&use=l&cat=p&typeid=i","cat":325349},{"id":224423,"n":"Concentré Sodastream Ice Tea - 440ml","p":5.99,"pp":4.99,"u":"11,34 €/L","img":"https://fd3-photos.leclercdrive.fr/image.ashx?id=2670917&use=l&cat=p&typeid=i","cat":295020},{"id":224452,"n":"AOP Vin rouge Bordeaux Chevaux de Patache d'Aux - 75cl","p":7.45,"pp":4.92,"u":"6,56 €/L","img":"https://fd3-photos.leclercdrive.fr/image.ashx?id=3004975&use=l&cat=p&typeid=i","cat":289556},{"id":224515,"n":"Airelles sauvages au naturel Beyer - 320ml","p":3.21,"u":"10,03 €/L","img":"https://fd3-photos.leclercdrive.fr/image.ashx?id=2672191&use=l&cat=p&typeid=i","cat":284507},{"id":224516,"n":"Vin mousseux Brut de Chardonnay Bouchard Ainé & Fils - 75cl","p":6.99,"u":"9,32 €/L","img":"https://fd3-photos.leclercdrive.fr/image.ashx?id=2917828&use=l&cat=p&typeid=i","cat":284544},{"id":224524,"n":"Escargots recette Bourguignonne Escal - 125g","p":10.96,"u":"87,68 €/KG","img":"https://fd3-photos.leclercdrive.fr/image.ashx?id=2673667&use=l&cat=p&typeid=i","cat":319775},{"id":224630,"n":"Déodorant bille femme Narta Peaux épilées - 2x50ml","p":4.88,"u":"48,80 €/L","img":"https://fd3-photos.leclercdrive.fr/image.ashx?id=2680248&use=l&cat=p&typeid=i","cat":284595},{"id":224670,"n":"Eau minérale naturelle Hépar 6x75cl","p":3.93,"u":"0,87 €/L","img":"https://fd3-photos.leclercdrive.fr/image.ashx?id=2673361&use=l&cat=p&typeid=i","cat":284535},{"id":224680,"n":"Coffret trilogies crèpes Dentelles chocolat - 240g","p":8.97,"u":"37,38 €/KG","img":"https://fd3-photos.leclercdrive.fr/image.ashx?id=2673772&use=l&cat=p&typeid=i","cat":284487},{"id":224717,"n":"Gnocchi roll à poêler Lustucru Cheddar bacon - 280g","p":2.67,"u":"9,54 €/KG","img":"https://fd3-photos.leclercdrive.fr/image.ashx?id=2995121&use=l&cat=p&typeid=i","cat":333682},{"id":224762,"n":"Infusion Elephant  Douce elimination - x20 - 36g","p":2.15,"u":"59,72 €/KG","img":"https://fd3-photos.leclercdrive.fr/image.ashx?id=2677633&use=l&cat=p&typeid=i","cat":293234},{"id":224763,"n":"Infusion Elephant Pure relaxation - x20 - 32g","p":2.16,"u":"67,50 €/KG","img":"https://fd3-photos.leclercdrive.fr/image.ashx?id=2677636&use=l&cat=p&typeid=i","cat":293234},{"id":224787,"n":"Liqueur Rivière du Mat Vanille Bourbon 17° - 70cl","p":13.4,"pp":11.9,"u":"17,00 €/L","img":"https://fd3-photos.leclercdrive.fr/image.ashx?id=2740001&use=l&cat=p&typeid=i","cat":286032},{"id":224789,"n":"Préservatifs Durex Classic Jeans Standard x20","p":6.54,"u":"0,33 €/P","img":"https://fd3-photos.leclercdrive.fr/image.ashx?id=2730379&use=l&cat=p&typeid=i","cat":284631},{"id":224805,"n":"Biscuits Kinder Kinderini Nature et cacao - 250g","p":2.78,"u":"11,12 €/KG","img":"https://fd3-photos.leclercdrive.fr/image.ashx?id=2708372&use=l&cat=p&typeid=i","cat":284488},{"id":224808,"n":"Riz Citron Ben's original  Express 2mn - 220g","p":1.29,"u":"5,86 €/KG","img":"https://fd3-photos.leclercdrive.fr/image.ashx?id=2906442&use=l&cat=p&typeid=i","cat":287600},{"id":224810,"n":"Riz Tomate Ben's original  Express 2mn - 220g","p":1.31,"u":"5,95 €/KG","img":"https://fd3-photos.leclercdrive.fr/image.ashx?id=2995295&use=l&cat=p&typeid=i","cat":287600},{"id":224818,"n":"Riz Basmati Ben's original  Express 2mn - 220g","p":1.27,"u":"5,77 €/KG","img":"https://fd3-photos.leclercdrive.fr/image.ashx?id=2995292&use=l&cat=p&typeid=i","cat":287600},{"id":224820,"n":"Flocons d'avoine Bjorg Bio - 500g","p":2.66,"u":"5,32 €/KG","img":"https://fd3-photos.leclercdrive.fr/image.ashx?id=2863428&use=l&cat=p&typeid=i","cat":318651},{"id":224822,"n":"Muesli energie Bjorg Bio - 375g","p":3.1,"u":"8,27 €/KG","img":"https://fd3-photos.leclercdrive.fr/image.ashx?id=2906259&use=l&cat=p&typeid=i","cat":309512},{"id":224823,"n":"Croustillant fibres Bjorg Bio - 375g","p":3.05,"u":"8,13 €/KG","img":"https://fd3-photos.leclercdrive.fr/image.ashx?id=2863425&use=l&cat=p&typeid=i","cat":309512},{"id":224830,"n":"Riz Complet Ben's original Vrac 12mn - 1kg","p":4.43,"u":"4,43 €/KG","img":"https://fd3-photos.leclercdrive.fr/image.ashx?id=2886307&use=l&cat=p&typeid=i","cat":284428},{"id":224856,"n":"Jus innocent ananas fraise 900ml","p":2.87,"u":"3,19 €/L","img":"https://fd3-photos.leclercdrive.fr/image.ashx?id=2879122&use=l&cat=p&typeid=i","cat":285435},{"id":224872,"n":"Riz Complet Ben's original  Express 2mn - 220g","p":1.64,"u":"7,45 €/KG","img":"https://fd3-photos.leclercdrive.fr/image.ashx?id=2886969&use=l&cat=p&typeid=i","cat":287600},{"id":224873,"n":"Riz Paella Ben's original Express 2mn - 220g","p":1.6,"u":"7,27 €/KG","img":"https://fd3-photos.leclercdrive.fr/image.ashx?id=2995310&use=l&cat=p&typeid=i","cat":287600},{"id":224876,"n":"Riz Long grain Ben's original  Express 2mn - 220g","p":1.48,"u":"6,73 €/KG","img":"https://fd3-photos.leclercdrive.fr/image.ashx?id=2995298&use=l&cat=p&typeid=i","cat":287600},{"id":224877,"n":"Riz Cantonais Ben's original  Express 2mn - 220g","p":1.48,"u":"6,73 €/KG","img":"https://fd3-photos.leclercdrive.fr/image.ashx?id=2995304&use=l&cat=p&typeid=i","cat":287600},{"id":224880,"n":"Riz aux Légumes Ben's original Express 2mn - 220g","p":1.55,"u":"7,05 €/KG","img":"https://fd3-photos.leclercdrive.fr/image.ashx?id=2906430&use=l&cat=p&typeid=i","cat":287600},{"id":224882,"n":"Riz Long grain Ben's original  Sachet cuisson 10mn - 1kg","p":3.23,"u":"3,23 €/KG","img":"https://fd3-photos.leclercdrive.fr/image.ashx?id=2957272&use=l&cat=p&typeid=i","cat":284428},{"id":224883,"n":"Riz Long Grain Ben's original Sachet cuisson 10mn - 750g","p":3.08,"u":"4,11 €/KG","img":"https://fd3-photos.leclercdrive.fr/image.ashx?id=2886313&use=l&cat=p&typeid=i","cat":284428},{"id":224888,"n":"Riz Long grain Ben's original Vrac 20mn - 1kg","p":3.46,"u":"3,46 €/KG","img":"https://fd3-photos.leclercdrive.fr/image.ashx?id=2886301&use=l&cat=p&typeid=i","cat":284428},{"id":224926,"n":"Ketchup Bio Village Bio - 330g","p":1.09,"u":"3,30 €/KG","img":"https://fd3-photos.leclercdrive.fr/image.ashx?id=2958374&use=l&cat=p&typeid=i","cat":284455},{"id":224927,"n":"Boulette oignons bio Cereal Bio  Veggie - 175g","p":2.57,"u":"14,69 €/KG","img":"https://fd3-photos.leclercdrive.fr/image.ashx?id=2675097&use=l&cat=p&typeid=i","cat":284953},{"id":224928,"n":"Boulette barbecue Cereal Bio  Veggie - 175g","p":3.43,"u":"19,60 €/KG","img":"https://fd3-photos.leclercdrive.fr/image.ashx?id=2675094&use=l&cat=p&typeid=i","cat":284953},{"id":224929,"n":"Galette Burger Spicy Cereal Bio bio - 160g","p":2.47,"u":"15,44 €/KG","img":"https://fd3-photos.leclercdrive.fr/image.ashx?id=2675091&use=l&cat=p&typeid=i","cat":284953},{"id":224930,"n":"Lait d'avoine Bjorg Bio Vanille - 1L","p":2.08,"u":"2,08 €/L","img":"https://fd3-photos.leclercdrive.fr/image.ashx?id=2906253&use=l&cat=p&typeid=i","cat":316067},{"id":224931,"n":"Boisson soja Bjorg Bio Proteines - 1L","p":2.17,"u":"2,17 €/L","img":"https://fd3-photos.leclercdrive.fr/image.ashx?id=2939469&use=l&cat=p&typeid=i","cat":316067},{"id":224932,"n":"Boisson végétale Bjorg Bio noisettes sans sucres - 1L","p":2.47,"u":"2,47 €/L","img":"https://fd3-photos.leclercdrive.fr/image.ashx?id=2939466&use=l&cat=p&typeid=i","cat":316067},{"id":224933,"n":"Infusions Elephant Coffret découverte x50 - 89g","p":9.5,"pp":6.65,"u":"74,72 €/KG","img":"https://fd3-photos.leclercdrive.fr/image.ashx?id=2834839&use=l&cat=p&typeid=i","cat":293234},{"id":224935,"n":"Barquette chat Sheba  Mixte en sauce - 12x85g","p":7.13,"img":"https://fd3-photos.leclercdrive.fr/image.ashx?id=2870248&use=l&cat=p&typeid=i","cat":285286},{"id":224936,"n":"Gourdes dès 6mois Bledina Pommes amandes - 4x85g","p":4.58,"u":"13,47 €/KG","img":"https://fd3-photos.leclercdrive.fr/image.ashx?id=2843319&use=l&cat=p&typeid=i","cat":312393},{"id":224937,"n":"Plat en morceaux Bledina 200g","p":2.35,"u":"11,75 €/KG","img":"https://fd3-photos.leclercdrive.fr/image.ashx?id=2866298&use=l&cat=p&typeid=i","cat":312239},{"id":224941,"n":"Champagne Veuve Clicquot Brut - 12,5% - 75cl","p":43.8,"u":"58,40 €/L","img":"https://fd3-photos.leclercdrive.fr/image.ashx?id=2675070&use=l&cat=p&typeid=i","cat":284542},{"id":224970,"n":"Camembert Eco+ 240g","p":1.34,"u":"5,58 €/KG","img":"https://fd3-photos.leclercdrive.fr/image.ashx?id=2675036&use=l&cat=p&typeid=i","cat":314033},{"id":224976,"n":"Shampooing Kératine Ogx Du brésil Cheveux frisés 385ml","p":6.75,"u":"17,53 €/L","img":"https://fd3-photos.leclercdrive.fr/image.ashx?id=2805075&use=l&cat=p&typeid=i","cat":284606},{"id":224980,"n":"Après-shamppoing Kératine OGX Du Brésil Cheveux frisés 385ml","p":8.26,"u":"21,45 €/L","img":"https://fd3-photos.leclercdrive.fr/image.ashx?id=2805078&use=l&cat=p&typeid=i","cat":284607},{"id":224983,"n":"Dentifrice Sensodyne Soin blancheur - 2x75ml","p":6.26,"u":"41,73 €/L","img":"https://fd3-photos.leclercdrive.fr/image.ashx?id=2921085&use=l&cat=p&typeid=i","cat":284612},{"id":224986,"n":"Sérum Gliss Longueurs et pointes - 75ml","p":6.9,"u":"92,00 €/L","img":"https://fd3-photos.leclercdrive.fr/image.ashx?id=2675960&use=l&cat=p&typeid=i","cat":284608},{"id":225029,"n":"Masque capillaire OGX Kératine du brésil - 300ml","p":7.48,"u":"24,93 €/L","img":"https://fd3-photos.leclercdrive.fr/image.ashx?id=2676126&use=l&cat=p&typeid=i","cat":284608},{"id":225046,"n":"Huile à barbe homme King C. Gillette - 30ml","p":8.5,"pp":5.1,"u":"170,00 €/L","img":"https://fd3-photos.leclercdrive.fr/image.ashx?id=2746358&use=l&cat=p&typeid=i","cat":284622},{"id":225052,"n":"Dentifrice Oral-B 3D White Charbon - 3x75ml","p":7.34,"u":"32,62 €/L","img":"https://fd3-photos.leclercdrive.fr/image.ashx?id=2676228&use=l&cat=p&typeid=i","cat":284612},{"id":225053,"n":"Lames Gillette Fusion Proglide x12","p":71.48,"u":"5,96 €/P","img":"https://fd3-photos.leclercdrive.fr/image.ashx?id=2676231&use=l&cat=p&typeid=i","cat":284616},{"id":225145,"n":"Oignons blanc Alélor 200g","p":2.17,"u":"10,85 €/KG","img":"https://fd3-photos.leclercdrive.fr/image.ashx?id=2857270&use=l&cat=p&typeid=i","cat":284458},{"id":225152,"n":"AOC Côtes du Rhône blanc Réserves des Challières 75cl","p":6.3,"u":"8,40 €/L","img":"https://fd3-photos.leclercdrive.fr/image.ashx?id=2925370&use=l&cat=p&typeid=i","cat":289557},{"id":225164,"n":"Bib Vin d'Espagne rosé 5L - La Table d'Oscar","p":10.64,"u":"2,13 €/L","img":"https://fd3-photos.leclercdrive.fr/image.ashx?id=2676774&use=l&cat=p&typeid=i","cat":289560},{"id":225200,"n":"Fromage frais à tartiner Alsace Lait - ail et fines herbes 150g","p":1.93,"u":"12,87 €/KG","img":"https://fd3-photos.leclercdrive.fr/image.ashx?id=2677324&use=l&cat=p&typeid=i","cat":314029},{"id":225201,"n":"Fromage frais à tartiner  Alsace Lait - nature salé 150g","p":1.88,"u":"12,53 €/KG","img":"https://fd3-photos.leclercdrive.fr/image.ashx?id=2677321&use=l&cat=p&typeid=i","cat":314029},{"id":225210,"n":"Infusion Yogi Bio Gingembre Citron  X15 - 30g","p":2.47,"u":"82,33 €/KG","img":"https://fd3-photos.leclercdrive.fr/image.ashx?id=2677498&use=l&cat=p&typeid=i","cat":293234},{"id":225213,"n":"Thé Matcha Energie Yogi Bio x15 - 27g","p":2.47,"u":"91,48 €/KG","img":"https://fd3-photos.leclercdrive.fr/image.ashx?id=2677495&use=l&cat=p&typeid=i","cat":293234},{"id":225214,"n":"Infusion Yogi bio  Gingembre orange - x15 - 27g","p":2.44,"u":"90,37 €/KG","img":"https://fd3-photos.leclercdrive.fr/image.ashx?id=2677492&use=l&cat=p&typeid=i","cat":293234},{"id":225215,"n":"Infusion Yogi detox Bio énergie - x15 - 27g","p":2.47,"u":"91,48 €/KG","img":"https://fd3-photos.leclercdrive.fr/image.ashx?id=2677489&use=l&cat=p&typeid=i","cat":293234},{"id":225217,"n":"Infusion Nuit Calme Yogi Bio x15 - 27g","p":2.42,"u":"89,63 €/KG","img":"https://fd3-photos.leclercdrive.fr/image.ashx?id=2677486&use=l&cat=p&typeid=i","cat":293234},{"id":225218,"n":"Thé Chaï aux Epices Yogi Bio  x15 - 27g","p":2.47,"u":"82,33 €/KG","img":"https://fd3-photos.leclercdrive.fr/image.ashx?id=2677483&use=l&cat=p&typeid=i","cat":293234},{"id":225223,"n":"Jus de citron Siracuse  1L","p":4.37,"u":"4,37 €/L","img":"https://fd3-photos.leclercdrive.fr/image.ashx?id=2677582&use=l&cat=p&typeid=i","cat":288383},{"id":225235,"n":"Chiffonnade Argal Fuet - 80g","p":1.67,"u":"20,88 €/KG","img":"https://fd3-photos.leclercdrive.fr/image.ashx?id=2968538&use=l&cat=p&typeid=i","cat":316007},{"id":225247,"n":"Pain nature Gerblé   Sans Gluten  - 200g","p":2.13,"u":"10,65 €/KG","img":"https://fd3-photos.leclercdrive.fr/image.ashx?id=2677303&use=l&cat=p&typeid=i","cat":318654},{"id":225251,"n":"Crème Vinaigre balsamique  Tramier - 250g","p":2.97,"u":"11,88 €/KG","img":"https://fd3-photos.leclercdrive.fr/image.ashx?id=2677192&use=l&cat=p&typeid=i","cat":298543},{"id":225253,"n":"Recettes du Marché Tramier  Marinade Piment & Paprika 150g","p":2.84,"u":"18,93 €/L","img":"https://fd3-photos.leclercdrive.fr/image.ashx?id=2882614&use=l&cat=p&typeid=i","cat":284450},{"id":225254,"n":"Complément alimentaires  Juvamine  articulations","p":4.57,"u":"285,63 €/KG","img":"https://fd3-photos.leclercdrive.fr/image.ashx?id=2960153&use=l&cat=p&typeid=i","cat":313217},{"id":225276,"n":"Galette moelleuse tigrée Choco blanc - St Michel - 180g","p":2.1,"u":"11,67 €/KG","img":"https://fd3-photos.leclercdrive.fr/image.ashx?id=2953501&use=l&cat=p&typeid=i","cat":284495},{"id":225309,"n":"Bière blonde Kronenbourg 4,2° - 30x25cl","p":15.53,"u":"2,07 €/L","img":"https://fd3-photos.leclercdrive.fr/image.ashx?id=2992759&use=l&cat=p&typeid=i","cat":334873},{"id":225310,"n":"Boisson aux Fruits Tropico Tropical - Bouteille - 1,25L","p":1.69,"u":"1,35 €/L","img":"https://fd3-photos.leclercdrive.fr/image.ashx?id=2736811&use=l&cat=p&typeid=i","cat":295018},{"id":225311,"n":"Boisson Tropico Orange Ananas - 1.25 L","p":1.69,"u":"1,35 €/L","img":"https://fd3-photos.leclercdrive.fr/image.ashx?id=2977702&use=l&cat=p&typeid=i","cat":295018},{"id":225313,"n":"Complément alimentaire Juvamine Charbon - x40 - 16g","p":5.9,"u":"368,75 €/KG","img":"https://fd3-photos.leclercdrive.fr/image.ashx?id=2785853&use=l&cat=p&typeid=i","cat":313217},{"id":225316,"n":"Biscuit petit déj Gerblé Chocolat - 200g","p":1.97,"u":"9,85 €/KG","img":"https://fd3-photos.leclercdrive.fr/image.ashx?id=2679014&use=l&cat=p&typeid=i","cat":318651},{"id":225332,"n":"Complément alimentaire Vitavea Gummies sommeil","p":7.43,"u":"0,25 €/P","img":"https://fd3-photos.leclercdrive.fr/image.ashx?id=2744899&use=l&cat=p&typeid=i","cat":313217},{"id":225346,"n":"Lames Venus Comfortglide x12","p":36.63,"u":"3,05 €/P","img":"https://fd3-photos.leclercdrive.fr/image.ashx?id=2679687&use=l&cat=p&typeid=i","cat":325352},{"id":225440,"n":"Duo de poissons Fleury Michon Riz cuisiné sauce citron - 280g","p":2.87,"u":"10,25 €/KG","img":"https://fd3-photos.leclercdrive.fr/image.ashx?id=3003266&use=l&cat=p&typeid=i","cat":333665},{"id":225441,"n":"Fusilli au poulet Fleury Michon Sauce champignons - 280g","p":2.68,"u":"9,57 €/KG","img":"https://fd3-photos.leclercdrive.fr/image.ashx?id=3003233&use=l&cat=p&typeid=i","cat":333665},{"id":225442,"n":"Jambon purée Fleury Michon à la crème fraîche - 300g","p":2.82,"u":"9,40 €/KG","img":"https://fd3-photos.leclercdrive.fr/image.ashx?id=3003269&use=l&cat=p&typeid=i","cat":333665},{"id":225445,"n":"Les tranches Fleury Michon Pois chiches x4 - 120g","p":2.12,"u":"17,67 €/KG","img":"https://fd3-photos.leclercdrive.fr/image.ashx?id=2902007&use=l&cat=p&typeid=i","cat":316036},{"id":225446,"n":"Les tranches Fleury Michon Lentilles corail  x4 - 120g","p":2.13,"u":"17,75 €/KG","img":"https://fd3-photos.leclercdrive.fr/image.ashx?id=2900905&use=l&cat=p&typeid=i","cat":316036},{"id":225447,"n":"Les tranches Fleury Michon Haricots blancs x4 - 120g","p":2.13,"u":"17,75 €/KG","img":"https://fd3-photos.leclercdrive.fr/image.ashx?id=2902010&use=l&cat=p&typeid=i","cat":316036},{"id":225461,"n":"Déodorant Bille Homme 48h Narta Anti-traces - 50ml","p":2.36,"u":"47,20 €/L","img":"https://fd3-photos.leclercdrive.fr/image.ashx?id=2681859&use=l&cat=p&typeid=i","cat":284618},{"id":225462,"n":"Déodorant Bille Femme Narta Anti-Transpirant 48h - 50ml","p":2.35,"u":"47,00 €/L","img":"https://fd3-photos.leclercdrive.fr/image.ashx?id=2681862&use=l&cat=p&typeid=i","cat":284595},{"id":225463,"n":"Déodorant Bille Homme 48h Narta Fraîcheur Polaire - 50ml","p":2.39,"u":"47,80 €/L","img":"https://fd3-photos.leclercdrive.fr/image.ashx?id=2681865&use=l&cat=p&typeid=i","cat":284618},{"id":225464,"n":"Déodorant Bille bio Femme Narta Sans Alcool - 50ml","p":2.35,"u":"47,00 €/L","img":"https://fd3-photos.leclercdrive.fr/image.ashx?id=2681868&use=l&cat=p&typeid=i","cat":284595},{"id":225465,"n":"Déodorant Bille Femme Narta Anti-Traces 48h - 50ml","p":2.35,"u":"47,00 €/L","img":"https://fd3-photos.leclercdrive.fr/image.ashx?id=2681871&use=l&cat=p&typeid=i","cat":284595},{"id":225466,"n":"Déodorant Bille Femme Narta Anti-Traces Sans alcool - 50ml","p":2.36,"u":"47,20 €/L","img":"https://fd3-photos.leclercdrive.fr/image.ashx?id=2681874&use=l&cat=p&typeid=i","cat":284595},{"id":225467,"n":"Déodorant Bille Homme 48h Narta Invisible Sans Alcool - 50ml","p":4.36,"u":"87,20 €/L","img":"https://fd3-photos.leclercdrive.fr/image.ashx?id=2681877&use=l&cat=p&typeid=i","cat":284618},{"id":225468,"n":"Déodorant Bille Homme 48h Narta Anti-Traces Blanches - 50ml","p":2.36,"u":"47,20 €/L","img":"https://fd3-photos.leclercdrive.fr/image.ashx?id=2681886&use=l&cat=p&typeid=i","cat":284618},{"id":225608,"n":"Triangolo Fromage enfants vache Les Croisés 8 portions - 140g","p":1.19,"u":"8,50 €/KG","img":"https://fd3-photos.leclercdrive.fr/image.ashx?id=2791917&use=l&cat=p&typeid=i","cat":314030},{"id":225612,"n":"Gésiers de canard confits  Maison Montfort - 400g","p":4.63,"u":"11,58 €/KG","img":"https://fd3-photos.leclercdrive.fr/image.ashx?id=2682186&use=l&cat=p&typeid=i","cat":284339},{"id":225614,"n":"Désinfectant Sanytol Eucalyptus - Multi-usage 500ml","p":2.12,"u":"4,24 €/L","img":"https://fd3-photos.leclercdrive.fr/image.ashx?id=2894800&use=l&cat=p&typeid=i","cat":325357},{"id":225615,"n":"Chips NRT Sel du Morbihan - 125g","p":1.79,"u":"14,32 €/KG","img":"https://fd3-photos.leclercdrive.fr/image.ashx?id=2771432&use=l&cat=p&typeid=i","cat":284447},{"id":225616,"n":"Chips NRT Piment d'espelette - 125g","p":1.99,"u":"15,92 €/KG","img":"https://fd3-photos.leclercdrive.fr/image.ashx?id=2771435&use=l&cat=p&typeid=i","cat":284447},{"id":225617,"n":"Désinfectant Sanytol Pamplemousse Multi-usage 500ml","p":2.52,"u":"5,04 €/L","img":"https://fd3-photos.leclercdrive.fr/image.ashx?id=2682144&use=l&cat=p&typeid=i","cat":325357},{"id":225618,"n":"Chips NRT Herbes de provence - 125g","p":1.99,"u":"15,92 €/KG","img":"https://fd3-photos.leclercdrive.fr/image.ashx?id=2771438&use=l&cat=p&typeid=i","cat":284447},{"id":225619,"n":"Désinfectant nettoyant Sanytol Multi-surfaces - Eucalyptus 1L","p":2.17,"u":"2,17 €/L","img":"https://fd3-photos.leclercdrive.fr/image.ashx?id=2866319&use=l&cat=p&typeid=i","cat":284907},{"id":225622,"n":"Lingettes optiques - Nettoyant lunettes x52","p":1.33,"u":"0,03 €/P","img":"https://fd3-photos.leclercdrive.fr/image.ashx?id=2681536&use=l&cat=p&typeid=i","cat":288862},{"id":225623,"n":"Lingettes optiques - Nettoyant  lunettes x30","p":1.29,"u":"0,04 €/P","img":"https://fd3-photos.leclercdrive.fr/image.ashx?id=2681539&use=l&cat=p&typeid=i","cat":288862},{"id":225640,"n":"Glace miel Nuii  Nouvelle-Zelande &amandes  272g","p":4.27,"u":"15,70 €/KG","img":"https://fd3-photos.leclercdrive.fr/image.ashx?id=2736835&use=l&cat=p&typeid=i","cat":284265},{"id":225653,"n":"Mini pots Häagen-Dazs  Delight collection x4 - 324g","p":5.69,"u":"17,56 €/KG","img":"https://fd3-photos.leclercdrive.fr/image.ashx?id=2893489&use=l&cat=p&typeid=i","cat":284725},{"id":225655,"n":"Huile d'olive Terra Delyssa Vierge extra - 75cl","p":8.48,"u":"11,31 €/L","img":"https://fd3-photos.leclercdrive.fr/image.ashx?id=2686153&use=l&cat=p&typeid=i","cat":284453},{"id":225657,"n":"Mon Huile d'Olive Tramier  Subtile 1l","p":11.65,"u":"11,65 €/L","img":"https://fd3-photos.leclercdrive.fr/image.ashx?id=2834047&use=l&cat=p&typeid=i","cat":284453},{"id":225658,"n":"Skyr au lait de chèvre Soignon Nature - 4x100g","p":3.15,"u":"7,88 €/KG","img":"https://fd3-photos.leclercdrive.fr/image.ashx?id=2683787&use=l&cat=p&typeid=i","cat":315000},{"id":225661,"n":"Biscuit soufflés Curly Le Crunch Emmental - 80g","p":0.89,"u":"11,13 €/KG","img":"https://fd3-photos.leclercdrive.fr/image.ashx?id=3008446&use=l&cat=p&typeid=i","cat":284449},{"id":225662,"n":"Purée lisse petits pois Yooji Bio - 4 mois - 400g","p":3.14,"u":"7,85 €/KG","img":"https://fd3-photos.leclercdrive.fr/image.ashx?id=2683187&use=l&cat=p&typeid=i","cat":319805},{"id":225663,"n":"Yakitoris au poulet Tables du Monde x8 - 210g","p":4.22,"u":"20,10 €/KG","img":"https://fd3-photos.leclercdrive.fr/image.ashx?id=2682015&use=l&cat=p&typeid=i","cat":319774},{"id":225665,"n":"Gyozas aux légumes Tables du Monde x10 - 212g","p":3.29,"u":"15,52 €/KG","img":"https://fd3-photos.leclercdrive.fr/image.ashx?id=2682018&use=l&cat=p&typeid=i","cat":319774},{"id":225666,"n":"Brochettes boeuf fromage Tables du Monde x6 - 226g","p":5.99,"u":"26,50 €/KG","img":"https://fd3-photos.leclercdrive.fr/image.ashx?id=2682021&use=l&cat=p&typeid=i","cat":319774},{"id":225700,"n":"Bière blonde Leffe Prestige 124 8,5% - 6x25cl","p":7.4,"u":"4,93 €/L","img":"https://fd3-photos.leclercdrive.fr/image.ashx?id=2695007&use=l&cat=p&typeid=i","cat":334852},{"id":225703,"n":"Aérosol répulsif Raid Moustiques - 300ml","p":3.35,"u":"11,17 €/L","img":"https://fd3-photos.leclercdrive.fr/image.ashx?id=2736385&use=l&cat=p&typeid=i","cat":298368},{"id":225706,"n":"Aérosol répulsif Raid Fourmis et cafards - 300ml","p":2.93,"u":"9,77 €/L","img":"https://fd3-photos.leclercdrive.fr/image.ashx?id=2736382&use=l&cat=p&typeid=i","cat":298368},{"id":225707,"n":"Piège Raid Mites alimentaires - x2","p":2.64,"u":"1,32 €/P","img":"https://fd3-photos.leclercdrive.fr/image.ashx?id=2683257&use=l&cat=p&typeid=i","cat":298368},{"id":225711,"n":"Infusion Yogi Relaxation Bio - x15 - 27g","p":2.4,"u":"88,89 €/KG","img":"https://fd3-photos.leclercdrive.fr/image.ashx?id=2683193&use=l&cat=p&typeid=i","cat":293234},{"id":225712,"n":"Infusion Yogi Bio Défenses immunitaires x15 - 30g","p":2.47,"u":"82,33 €/KG","img":"https://fd3-photos.leclercdrive.fr/image.ashx?id=2683196&use=l&cat=p&typeid=i","cat":293234},{"id":225714,"n":"Infusion Yogi Bio Elixir pour la gorge x15 - 27g","p":2.48,"u":"91,85 €/KG","img":"https://fd3-photos.leclercdrive.fr/image.ashx?id=2683199&use=l&cat=p&typeid=i","cat":293234},{"id":225717,"n":"Infusion Yogi Bio Curcuma gingembre - x15 - 30g","p":2.57,"u":"85,67 €/KG","img":"https://fd3-photos.leclercdrive.fr/image.ashx?id=2683202&use=l&cat=p&typeid=i","cat":293234},{"id":225719,"n":"Infusion Yogi Bio Rooibos - x15 - 30g","p":2.17,"u":"72,33 €/KG","img":"https://fd3-photos.leclercdrive.fr/image.ashx?id=2683208&use=l&cat=p&typeid=i","cat":293234},{"id":225720,"n":"Infusion Yogi Bio Peau radieuse - x15 - 30g","p":2.49,"u":"83,00 €/KG","img":"https://fd3-photos.leclercdrive.fr/image.ashx?id=2683211&use=l&cat=p&typeid=i","cat":293234},{"id":225724,"n":"Glaces Pirulo Fruit Joy x5 - 325g","p":2.97,"u":"9,14 €/KG","img":"https://fd3-photos.leclercdrive.fr/image.ashx?id=2737744&use=l&cat=p&typeid=i","cat":285250},{"id":225726,"n":"Glaces Pirulo Tropical x4 - 284g","p":3.17,"u":"11,16 €/KG","img":"https://fd3-photos.leclercdrive.fr/image.ashx?id=2694938&use=l&cat=p&typeid=i","cat":285250},{"id":225732,"n":"Bonbons Haribo méga fête Assortiment mini sachets - 880g","p":8.37,"u":"9,51 €/KG","img":"https://fd3-photos.leclercdrive.fr/image.ashx?id=2984961&use=l&cat=p&typeid=i","cat":304250},{"id":225734,"n":"Tablette chocolat au lait Noisettes et amandes - 100g","p":2.89,"u":"28,90 €/KG","img":"https://fd3-photos.leclercdrive.fr/image.ashx?id=2683835&use=l&cat=p&typeid=i","cat":284497},{"id":225743,"n":"Coloration Permanente Garnier Color Sensation 1.0 Noir","p":4.08,"img":"https://fd3-photos.leclercdrive.fr/image.ashx?id=2684254&use=l&cat=p&typeid=i","cat":288899},{"id":225744,"n":"Coloration Permanente Garnier 2.10 Noir Bleuté","p":4.39,"img":"https://fd3-photos.leclercdrive.fr/image.ashx?id=2684242&use=l&cat=p&typeid=i","cat":288899},{"id":225745,"n":"Coloration Permanente Garnier Color Sensation 4.0 Châtain","p":4.08,"img":"https://fd3-photos.leclercdrive.fr/image.ashx?id=2684245&use=l&cat=p&typeid=i","cat":288899},{"id":225748,"n":"Coloration Permanente Garnier Color Sensation 7.0 Blond","p":3.84,"u":"25,26 €/KG","img":"https://fd3-photos.leclercdrive.fr/image.ashx?id=2684248&use=l&cat=p&typeid=i","cat":288899},{"id":225749,"n":"Masque Lissant Ultra Doux Eau de Riz - 340ml","p":5.0,"u":"14,71 €/L","img":"https://fd3-photos.leclercdrive.fr/image.ashx?id=2684233&use=l&cat=p&typeid=i","cat":284608},{"id":225750,"n":"Bâtonnets Ficello Goût Pizza - 4x21g","p":1.91,"u":"22,74 €/KG","img":"https://fd3-photos.leclercdrive.fr/image.ashx?id=2967941&use=l&cat=p&typeid=i","cat":314030},{"id":225751,"n":"Shampoing Lissant Ultra Doux Cheveux longs - 250ml","p":2.39,"u":"9,56 €/L","img":"https://fd3-photos.leclercdrive.fr/image.ashx?id=2684236&use=l&cat=p&typeid=i","cat":284606},{"id":225752,"n":"Après-shampooing Garnier Ultra Doux - Eau de riz - 200ml","p":2.98,"u":"14,90 €/L","img":"https://fd3-photos.leclercdrive.fr/image.ashx?id=2684239&use=l&cat=p&typeid=i","cat":284607},{"id":225755,"n":"Crème dépilatoire Veet Men Peaux sensibles - 400ml","p":8.86,"u":"22,15 €/L","img":"https://fd3-photos.leclercdrive.fr/image.ashx?id=2785448&use=l&cat=p&typeid=i","cat":284617},{"id":225767,"n":"Après-shampooing OGX Huile argan Maroc - 385ml","p":8.57,"u":"22,26 €/L","img":"https://fd3-photos.leclercdrive.fr/image.ashx?id=2805084&use=l&cat=p&typeid=i","cat":284607},{"id":225769,"n":"Change culottes Mots d'enfants T7 - 17kg - x15","p":5.15,"u":"0,34 €/P","img":"https://fd3-photos.leclercdrive.fr/image.ashx?id=2907249&use=l&cat=p&typeid=i","cat":290633},{"id":225771,"n":"Disque à démaquiller Inell Lavables - x5","p":4.99,"u":"1,00 €/P","img":"https://fd3-photos.leclercdrive.fr/image.ashx?id=2683496&use=l&cat=p&typeid=i","cat":285593},{"id":225772,"n":"Masque cheveux OGX Huile d'argan Maroc - 300ml","p":7.42,"u":"24,73 €/L","img":"https://fd3-photos.leclercdrive.fr/image.ashx?id=2684206&use=l&cat=p&typeid=i","cat":284608},{"id":225775,"n":"Crème adhésive Fixodent Plus Maintien imbattable - 40g","p":4.0,"u":"100,00 €/KG","img":"https://fd3-photos.leclercdrive.fr/image.ashx?id=2684299&use=l&cat=p&typeid=i","cat":285158},{"id":225780,"n":"Dentifrice Sanogyl Biome Protège gencive - 75ml","p":4.27,"u":"56,93 €/L","img":"https://fd3-photos.leclercdrive.fr/image.ashx?id=2684152&use=l&cat=p&typeid=i","cat":284612},{"id":225784,"n":"Bandes de cire Veet Pure Froide - Aisselles - x16","p":4.75,"u":"0,30 €/P","img":"https://fd3-photos.leclercdrive.fr/image.ashx?id=2970795&use=l&cat=p&typeid=i","cat":325351},{"id":225785,"n":"Bandes de cire Veet Pure Jambes - x20","p":3.67,"u":"0,18 €/P","img":"https://fd3-photos.leclercdrive.fr/image.ashx?id=2964956&use=l&cat=p&typeid=i","cat":325351},{"id":225786,"n":"Lingettes Intima Regul'Active - x20","p":2.64,"u":"0,13 €/P","img":"https://fd3-photos.leclercdrive.fr/image.ashx?id=2689787&use=l&cat=p&typeid=i","cat":284627},{"id":225788,"n":"Recharge savon Dettol Karité - 250ml","p":2.67,"u":"10,68 €/L","img":"https://fd3-photos.leclercdrive.fr/image.ashx?id=2969016&use=l&cat=p&typeid=i","cat":284597},{"id":225789,"n":"Bandes de cire Veet Maillot - x16","p":4.47,"u":"0,28 €/P","img":"https://fd3-photos.leclercdrive.fr/image.ashx?id=2865662&use=l&cat=p&typeid=i","cat":325351},{"id":225790,"n":"Gel Intima Régulateur - 500ml","p":8.98,"u":"17,96 €/L","img":"https://fd3-photos.leclercdrive.fr/image.ashx?id=2889274&use=l&cat=p&typeid=i","cat":284627},{"id":225793,"n":"Liquide vaisselle Paic Acti Froid - Menthe - 500ml","p":2.57,"u":"5,14 €/L","img":"https://fd3-photos.leclercdrive.fr/image.ashx?id=2684335&use=l&cat=p&typeid=i","cat":284655},{"id":225819,"n":"Canderel liquide 200 ml","p":2.28,"u":"11,40 €/L","img":"https://fd3-photos.leclercdrive.fr/image.ashx?id=2812828&use=l&cat=p&typeid=i","cat":324846},{"id":225891,"n":"Bière blonde 1664 5,5° - 18x25cl","p":11.4,"pp":8.55,"u":"1,90 €/L","img":"https://fd3-photos.leclercdrive.fr/image.ashx?id=2684931&use=l&cat=p&typeid=i","cat":334873},{"id":225931,"n":"Tuiles Monster Munch  Crazy barbecue - 150g","p":1.9,"u":"12,67 €/KG","img":"https://fd3-photos.leclercdrive.fr/image.ashx?id=2923993&use=l&cat=p&typeid=i","cat":287899},{"id":225933,"n":"Jus d'orange avec pulpe Montebelo - 1L","p":2.69,"u":"2,69 €/L","img":"https://fd3-photos.leclercdrive.fr/image.ashx?id=2743502&use=l&cat=p&typeid=i","cat":284354},{"id":225936,"n":"Jus d'orange sans pulpe Montebelo - 1L","p":2.69,"u":"2,69 €/L","img":"https://fd3-photos.leclercdrive.fr/image.ashx?id=2743505&use=l&cat=p&typeid=i","cat":284354},{"id":225937,"n":"Citronnade duo de citrons Montebelo - 1L","p":2.19,"u":"2,19 €/L","img":"https://fd3-photos.leclercdrive.fr/image.ashx?id=2743523&use=l&cat=p&typeid=i","cat":284354},{"id":225939,"n":"Jus d'orange maracuja Montebelo - 1L","p":3.52,"u":"3,52 €/L","img":"https://fd3-photos.leclercdrive.fr/image.ashx?id=2896381&use=l&cat=p&typeid=i","cat":284354},{"id":225941,"n":"Jus de mangue ananas Montebelo  Citron vert 1L","p":3.48,"u":"3,48 €/L","img":"https://fd3-photos.leclercdrive.fr/image.ashx?id=2903668&use=l&cat=p&typeid=i","cat":284354},{"id":225947,"n":"Bière blonde 1664 5,5° 24x25cl","p":15.12,"u":"2,52 €/L","img":"https://fd3-photos.leclercdrive.fr/image.ashx?id=2686597&use=l&cat=p&typeid=i","cat":334873},{"id":225951,"n":"Riz tandoori Jardin Bio bio 220g","p":2.97,"u":"13,50 €/KG","img":"https://fd3-photos.leclercdrive.fr/image.ashx?id=2686048&use=l&cat=p&typeid=i","cat":284953},{"id":225952,"n":"Purée Jardin Bio Bio lentilles corail - 250g","p":2.03,"u":"8,12 €/KG","img":"https://fd3-photos.leclercdrive.fr/image.ashx?id=2976824&use=l&cat=p&typeid=i","cat":284953},{"id":225953,"n":"Sauce korma Jardin Bio Bio - 330g","p":3.86,"u":"11,70 €/KG","img":"https://fd3-photos.leclercdrive.fr/image.ashx?id=2686054&use=l&cat=p&typeid=i","cat":289012},{"id":225954,"n":"Sauce Jardin Bio Tikka Masala bio - 330g","p":4.19,"u":"12,70 €/KG","img":"https://fd3-photos.leclercdrive.fr/image.ashx?id=2686057&use=l&cat=p&typeid=i","cat":287599},{"id":225963,"n":"Petit beurre fourrés Jardin Bio Bio - 197g","p":2.94,"u":"14,92 €/KG","img":"https://fd3-photos.leclercdrive.fr/image.ashx?id=2859452&use=l&cat=p&typeid=i","cat":284487},{"id":225969,"n":"Cookie Jardin Bio Bio Pepites de chocolat - 175g","p":2.35,"u":"13,43 €/KG","img":"https://fd3-photos.leclercdrive.fr/image.ashx?id=2963208&use=l&cat=p&typeid=i","cat":325066},{"id":225971,"n":"Mouliné Jardin Bio Legumes verts bio - 1L","p":2.59,"u":"2,59 €/L","img":"https://fd3-photos.leclercdrive.fr/image.ashx?id=2692539&use=l&cat=p&typeid=i","cat":284462},{"id":225974,"n":"Mouliné du potager Jardin Bio Bio - 1L","p":2.59,"u":"2,59 €/L","img":"https://fd3-photos.leclercdrive.fr/image.ashx?id=2692536&use=l&cat=p&typeid=i","cat":284462},{"id":225975,"n":"Gaspacho Jardin Bio  Bio - 1L","p":2.86,"u":"2,86 €/L","img":"https://fd3-photos.leclercdrive.fr/image.ashx?id=2686036&use=l&cat=p&typeid=i","cat":287365},{"id":226032,"n":"Sel essentiel fin La Baleine 350 g","p":2.22,"u":"6,34 €/KG","img":"https://fd3-photos.leclercdrive.fr/image.ashx?id=2686678&use=l&cat=p&typeid=i","cat":284457},{"id":226108,"n":"Chocolat Nesquik 800g","p":4.69,"u":"5,86 €/KG","img":"https://fd3-photos.leclercdrive.fr/image.ashx?id=3005377&use=l&cat=p&typeid=i","cat":293235},{"id":226111,"n":"Muesli  Grainea Chocolat noir - 500g","p":2.27,"u":"4,54 €/KG","img":"https://fd3-photos.leclercdrive.fr/image.ashx?id=2931859&use=l&cat=p&typeid=i","cat":309512},{"id":226112,"n":"Marbré chocolat Ker Cadelac Pepites de chocolat - 475g","p":3.71,"u":"7,81 €/KG","img":"https://fd3-photos.leclercdrive.fr/image.ashx?id=2687878&use=l&cat=p&typeid=i","cat":294776},{"id":226116,"n":"Chewing-gum Mentos Pure Fresh  Fresh Mint sans sucres - 100g","p":2.89,"u":"28,90 €/KG","img":"https://fd3-photos.leclercdrive.fr/image.ashx?id=2687707&use=l&cat=p&typeid=i","cat":304251},{"id":226122,"n":"Biscuits Delacre Cigarettes Russes - 230g","p":1.85,"u":"8,04 €/KG","img":"https://fd3-photos.leclercdrive.fr/image.ashx?id=2688833&use=l&cat=p&typeid=i","cat":284490},{"id":226134,"n":"Gel wc canard Fresh disc 1p","p":3.28,"img":"https://fd3-photos.leclercdrive.fr/image.ashx?id=2690093&use=l&cat=p&typeid=i","cat":284662},{"id":226137,"n":"Sun caps  x39 - 585g","p":11.49,"u":"19,64 €/KG","img":"https://fd3-photos.leclercdrive.fr/image.ashx?id=2877262&use=l&cat=p&typeid=i","cat":284656},{"id":226141,"n":"Purée lisse Bio Yooji Patate douce - Dès 4 mois 400g","p":3.14,"u":"7,85 €/KG","img":"https://fd3-photos.leclercdrive.fr/image.ashx?id=2689246&use=l&cat=p&typeid=i","cat":290631},{"id":226208,"n":"Compote Materne Multivariétés  - 1.2kg","p":4.97,"u":"4,14 €/KG","img":"https://fd3-photos.leclercdrive.fr/image.ashx?id=3003128&use=l&cat=p&typeid=i","cat":284416},{"id":226209,"n":"Compote Materne Pomme Fraise - 400g","p":1.87,"u":"4,68 €/KG","img":"https://fd3-photos.leclercdrive.fr/image.ashx?id=3003122&use=l&cat=p&typeid=i","cat":284416},{"id":226236,"n":"Lessive Bébé Persavon Amande douce Bio - x30 - 1.5L","p":5.58,"u":"3,72 €/L","img":"https://fd3-photos.leclercdrive.fr/image.ashx?id=2691552&use=l&cat=p&typeid=i","cat":284640},{"id":226250,"n":"Pizza 4 Fromages grandissima Ristorante - 560g","p":4.57,"u":"8,16 €/KG","img":"https://fd3-photos.leclercdrive.fr/image.ashx?id=2993083&use=l&cat=p&typeid=i","cat":284256},{"id":226295,"n":"Purée amandes Rigoni di Asiago Bio - 220g","p":6.73,"u":"30,59 €/KG","img":"https://fd3-photos.leclercdrive.fr/image.ashx?id=2966791&use=l&cat=p&typeid=i","cat":284481},{"id":226296,"n":"Biscuit Flammekueche Savour 100g","p":1.85,"u":"18,50 €/L","img":"https://fd3-photos.leclercdrive.fr/image.ashx?id=2781889&use=l&cat=p&typeid=i","cat":297000},{"id":226297,"n":"Biscuits Savour Olive herbes de provence - 100g","p":1.85,"u":"18,50 €/KG","img":"https://fd3-photos.leclercdrive.fr/image.ashx?id=2781886&use=l&cat=p&typeid=i","cat":297000},{"id":226302,"n":"Pâtes fraîches RANA Ravioli  Cèpes Champignons Ricotta -250g","p":3.38,"u":"13,52 €/KG","img":"https://fd3-photos.leclercdrive.fr/image.ashx?id=2737381&use=l&cat=p&typeid=i","cat":333682},{"id":226304,"n":"Pâtes fraîches RANA Ravioli  Saumon fumé et Mascarpone -250g","p":3.63,"u":"14,52 €/KG","img":"https://fd3-photos.leclercdrive.fr/image.ashx?id=2737387&use=l&cat=p&typeid=i","cat":333682},{"id":226307,"n":"Biscuits Savour Chorizo - 100g","p":1.85,"u":"18,50 €/KG","img":"https://fd3-photos.leclercdrive.fr/image.ashx?id=2781883&use=l&cat=p&typeid=i","cat":297000},{"id":226313,"n":"Purée d'amande bio Jardin Bio 170g","p":4.32,"u":"25,41 €/KG","img":"https://fd3-photos.leclercdrive.fr/image.ashx?id=2692533&use=l&cat=p&typeid=i","cat":284481},{"id":226315,"n":"Croquettes Vitafit Friskies Boeuf - 12kg","p":24.95,"u":"2,08 €/KG","img":"https://fd3-photos.leclercdrive.fr/image.ashx?id=2986996&use=l&cat=p&typeid=i","cat":284672},{"id":226317,"n":"Croquettes Vitafit Friskies Light Poulet légumes 7 kg","p":18.59,"u":"2,66 €/KG","img":"https://fd3-photos.leclercdrive.fr/image.ashx?id=2986993&use=l&cat=p&typeid=i","cat":284672},{"id":226320,"n":"Croquettes Edgard Cooper Naturelles sans céréales - 750g","p":6.62,"u":"8,83 €/KG","img":"https://fd3-photos.leclercdrive.fr/image.ashx?id=2770575&use=l&cat=p&typeid=i","cat":284680},{"id":226323,"n":"Couscous Tipiak Familial - 630g","p":1.73,"u":"2,75 €/KG","img":"https://fd3-photos.leclercdrive.fr/image.ashx?id=2854624&use=l&cat=p&typeid=i","cat":284429},{"id":226327,"n":"Sauce Nos Régions ont du Talent Marmande oignon ail - 300g","p":2.02,"u":"6,73 €/KG","img":"https://fd3-photos.leclercdrive.fr/image.ashx?id=2954172&use=l&cat=p&typeid=i","cat":288384},{"id":226330,"n":"Croziflette Alpina Savoie 400g","p":2.88,"u":"7,20 €/KG","img":"https://fd3-photos.leclercdrive.fr/image.ashx?id=2692374&use=l&cat=p&typeid=i","cat":284427},{"id":226339,"n":"Sardines Parmentier Filet d'huile d'olive - 135g","p":2.05,"u":"15,19 €/KG","img":"https://fd3-photos.leclercdrive.fr/image.ashx?id=2826531&use=l&cat=p&typeid=i","cat":305146},{"id":226343,"n":"Barre de céréales Nature Valley  Crunchy caramel x8 - 160g","p":2.84,"u":"17,75 €/KG","img":"https://fd3-photos.leclercdrive.fr/image.ashx?id=2692797&use=l&cat=p&typeid=i","cat":300032},{"id":226345,"n":"Barre de céréales Nature Valley Crunchy avoine fruits x5- 210g","p":2.67,"u":"12,71 €/KG","img":"https://fd3-photos.leclercdrive.fr/image.ashx?id=2858699&use=l&cat=p&typeid=i","cat":300032},{"id":226346,"n":"Boisson Gazeuse Maison Perrier Forever Gingembre Citron 1L","p":0.98,"u":"0,98 €/L","img":"https://fd3-photos.leclercdrive.fr/image.ashx?id=2692818&use=l&cat=p&typeid=i","cat":284536},{"id":226348,"n":"Céréales P'tit Déli Caramel & Chocolat - 400g","p":2.12,"u":"5,30 €/KG","img":"https://fd3-photos.leclercdrive.fr/image.ashx?id=2691528&use=l&cat=p&typeid=i","cat":309513},{"id":226350,"n":"Boisson Gazeuse Maison Perrier Chic Lemonjito 4x25cl","p":3.32,"u":"3,32 €/L","img":"https://fd3-photos.leclercdrive.fr/image.ashx?id=2692809&use=l&cat=p&typeid=i","cat":284536},{"id":226351,"n":"Miel de fleurs  Les Apiculteurs Associés - 500g","p":4.59,"u":"9,18 €/KG","img":"https://fd3-photos.leclercdrive.fr/image.ashx?id=2692566&use=l&cat=p&typeid=i","cat":287643},{"id":226352,"n":"Boisson énergisante Maison Perrier mûre - 4x25cl","p":3.48,"u":"3,48 €/L","img":"https://fd3-photos.leclercdrive.fr/image.ashx?id=2692815&use=l&cat=p&typeid=i","cat":284533},{"id":226402,"n":"Lentilles Bonduelle - 265g","p":1.36,"u":"5,13 €/KG","img":"https://fd3-photos.leclercdrive.fr/image.ashx?id=2691992&use=l&cat=p&typeid=i","cat":312609},{"id":226412,"n":"Barre de céréales Nature Valley  Protéine cranberries x4 -160g","p":2.8,"u":"17,50 €/KG","img":"https://fd3-photos.leclercdrive.fr/image.ashx?id=2693869&use=l&cat=p&typeid=i","cat":285869},{"id":226415,"n":"Gâteaux moelleux Kinder Délice Coeur lait enrobé Cacao - 4x39g","p":2.05,"u":"13,14 €/KG","img":"https://fd3-photos.leclercdrive.fr/image.ashx?id=2693851&use=l&cat=p&typeid=i","cat":284495},{"id":226418,"n":"Huile d'olive Terra Delyssa 75cl","p":8.16,"u":"10,88 €/L","img":"https://fd3-photos.leclercdrive.fr/image.ashx?id=2872958&use=l&cat=p&typeid=i","cat":284453},{"id":226420,"n":"Huile d'olive Terra Delyssa Bio - 75cl","p":7.27,"u":"9,69 €/L","img":"https://fd3-photos.leclercdrive.fr/image.ashx?id=2854963&use=l&cat=p&typeid=i","cat":284453},{"id":226424,"n":"Infusion Paysans d'Ici Bio Citron vert verveine - 30g","p":2.85,"u":"95,00 €/KG","img":"https://fd3-photos.leclercdrive.fr/image.ashx?id=2693749&use=l&cat=p&typeid=i","cat":293233},{"id":226430,"n":"Café grains Plantation Pérou pur arabica - 500g","p":8.29,"u":"16,58 €/KG","img":"https://fd3-photos.leclercdrive.fr/image.ashx?id=2824313&use=l&cat=p&typeid=i","cat":293237},{"id":226432,"n":"Brioche La Fournée Dorée Tranchée marbré  chocolat 400g","p":3.09,"u":"7,73 €/KG","img":"https://fd3-photos.leclercdrive.fr/image.ashx?id=2693728&use=l&cat=p&typeid=i","cat":284478},{"id":226438,"n":"Soda Coca-Cola Original Canette - Pack 6x20CL","p":3.69,"u":"3,08 €/L","img":"https://fd3-photos.leclercdrive.fr/image.ashx?id=2766571&use=l&cat=p&typeid=i","cat":284530},{"id":226440,"n":"Pavés de saumon Gimbert Océan 400g","p":5.99,"u":"14,98 €/KG","img":"https://fd3-photos.leclercdrive.fr/image.ashx?id=2955179&use=l&cat=p&typeid=i","cat":319786},{"id":226443,"n":"Miel Tradition 1912 200g","p":1.86,"u":"9,30 €/KG","img":"https://fd3-photos.leclercdrive.fr/image.ashx?id=2803763&use=l&cat=p&typeid=i","cat":287643},{"id":226449,"n":"Lait de coco Eco+ 200ml","p":0.69,"u":"3,45 €/L","img":"https://fd3-photos.leclercdrive.fr/image.ashx?id=2691790&use=l&cat=p&typeid=i","cat":288992},{"id":226455,"n":"Chewing-gum Mentos Pure Fresh  Fresh Chloro sans sucres - 100g","p":2.89,"u":"28,90 €/KG","img":"https://fd3-photos.leclercdrive.fr/image.ashx?id=2693434&use=l&cat=p&typeid=i","cat":304251},{"id":226484,"n":"Cookies Crunchy Kinder Pépites au cacao et lait - 136g","p":2.81,"u":"20,66 €/KG","img":"https://fd3-photos.leclercdrive.fr/image.ashx?id=2691995&use=l&cat=p&typeid=i","cat":325066},{"id":226496,"n":"Biscuit Lotus Biscoff Speculoos Original Pocket 186g (12x2p)","p":1.51,"u":"8,12 €/KG","img":"https://fd3-photos.leclercdrive.fr/image.ashx?id=2695004&use=l&cat=p&typeid=i","cat":284487},{"id":226510,"n":"Biscuits BN Chocolats -570g","p":2.61,"img":"https://fd3-photos.leclercdrive.fr/image.ashx?id=2693509&use=l&cat=p&typeid=i","cat":284488},{"id":226514,"n":"Filet de cabillaud Fish & Chips L'Atelier Poissonnerie - 200g","p":3.89,"u":"19,45 €/KG","img":"https://fd3-photos.leclercdrive.fr/image.ashx?id=2714456&use=l&cat=p&typeid=i","cat":284344},{"id":226524,"n":"Déodorant aérosol Dove Original - 2x200ml","p":5.38,"u":"13,45 €/L","img":"https://fd3-photos.leclercdrive.fr/image.ashx?id=2838836&use=l&cat=p&typeid=i","cat":284595},{"id":226528,"n":"Olives vertes Tramier Dénoyautées - 160g","p":2.1,"u":"13,13 €/KG","img":"https://fd3-photos.leclercdrive.fr/image.ashx?id=2988309&use=l&cat=p&typeid=i","cat":284450},{"id":226530,"n":"Olives noires Tramier Dénoyautées - 25% 220g","p":3.17,"u":"14,41 €/KG","img":"https://fd3-photos.leclercdrive.fr/image.ashx?id=2840826&use=l&cat=p&typeid=i","cat":284450},{"id":226532,"n":"Olives noires Tramier  Denoyautées - 100g","p":1.57,"u":"15,70 €/KG","img":"https://fd3-photos.leclercdrive.fr/image.ashx?id=2693458&use=l&cat=p&typeid=i","cat":284450},{"id":226534,"n":"Huile de tournesol Tramier  1L","p":5.57,"u":"5,57 €/L","img":"https://fd3-photos.leclercdrive.fr/image.ashx?id=2695097&use=l&cat=p&typeid=i","cat":284453},{"id":226551,"n":"Petit déjeuner Gullon Avoine et chocolat - 240g","p":2.45,"u":"10,21 €/KG","img":"https://fd3-photos.leclercdrive.fr/image.ashx?id=2698105&use=l&cat=p&typeid=i","cat":318651},{"id":226554,"n":"Petit déjeuner Gullon Avoine Fourrage Chocolat 220g","p":2.45,"u":"11,14 €/KG","img":"https://fd3-photos.leclercdrive.fr/image.ashx?id=2698102&use=l&cat=p&typeid=i","cat":318651},{"id":226557,"n":"Petit déjeuner Gullon Céréales Fruits rouges - yaourt - 220g","p":2.48,"u":"11,27 €/KG","img":"https://fd3-photos.leclercdrive.fr/image.ashx?id=2698099&use=l&cat=p&typeid=i","cat":318651},{"id":226558,"n":"Petit déjeuner Gullon Cacao Orge et seigle - 250g","p":2.54,"u":"10,16 €/KG","img":"https://fd3-photos.leclercdrive.fr/image.ashx?id=2718257&use=l&cat=p&typeid=i","cat":284491},{"id":226559,"n":"Cookies Gullon Sans sucres - 150g","p":1.9,"u":"12,67 €/KG","img":"https://fd3-photos.leclercdrive.fr/image.ashx?id=2698093&use=l&cat=p&typeid=i","cat":318653},{"id":226561,"n":"Gouters fourrés chocolat Gullon Sans sucres - 250g","p":1.94,"u":"7,76 €/KG","img":"https://fd3-photos.leclercdrive.fr/image.ashx?id=2758610&use=l&cat=p&typeid=i","cat":318653},{"id":226562,"n":"Biscuits fibre Gullon Sans sucres - 170g","p":1.28,"u":"7,53 €/KG","img":"https://fd3-photos.leclercdrive.fr/image.ashx?id=2698108&use=l&cat=p&typeid=i","cat":318653},{"id":226563,"n":"Petit déjeuner Gullon Avoine et chocolat - 220g","p":2.65,"u":"12,05 €/KG","img":"https://fd3-photos.leclercdrive.fr/image.ashx?id=2698111&use=l&cat=p&typeid=i","cat":318651},{"id":226566,"n":"Biscuits fourrés chocolat  Gullon - 225g","p":2.88,"u":"12,80 €/KG","img":"https://fd3-photos.leclercdrive.fr/image.ashx?id=2698114&use=l&cat=p&typeid=i","cat":284954},{"id":226569,"n":"Twins enrobé Gullon Chocolat au lait - 252g","p":2.41,"u":"9,56 €/KG","img":"https://fd3-photos.leclercdrive.fr/image.ashx?id=2698081&use=l&cat=p&typeid=i","cat":284488},{"id":226570,"n":"Gouter fourré Gullon Mega duo - 500g","p":2.06,"u":"4,12 €/KG","img":"https://fd3-photos.leclercdrive.fr/image.ashx?id=2698951&use=l&cat=p&typeid=i","cat":284488},{"id":226572,"n":"Twins enrobé Gullon Chocolat blanc - 252g","p":2.48,"u":"9,84 €/KG","img":"https://fd3-photos.leclercdrive.fr/image.ashx?id=2698078&use=l&cat=p&typeid=i","cat":284488},{"id":226575,"n":"Pick! Cocktail Gullon 250g","p":2.08,"u":"8,32 €/KG","img":"https://fd3-photos.leclercdrive.fr/image.ashx?id=2698075&use=l&cat=p&typeid=i","cat":297000},{"id":226577,"n":"Crackers Gullon Quinoa et Chia - 250g","p":2.12,"u":"8,48 €/KG","img":"https://fd3-photos.leclercdrive.fr/image.ashx?id=2698090&use=l&cat=p&typeid=i","cat":297000},{"id":226583,"n":"Boisson gazeuse Maison Perrier Magnetic Juice Fraise 4x25cl","p":3.04,"u":"3,04 €/L","img":"https://fd3-photos.leclercdrive.fr/image.ashx?id=2887314&use=l&cat=p&typeid=i","cat":284536},{"id":226591,"n":"Glace cone Extreme  Lemon cheesecake  x6 - 426g","p":3.88,"u":"9,11 €/KG","img":"https://fd3-photos.leclercdrive.fr/image.ashx?id=2732950&use=l&cat=p&typeid=i","cat":284264},{"id":226611,"n":"Mini surimi Moelleux Cocktail Fleury Michon - 230g","p":2.78,"u":"12,09 €/KG","img":"https://fd3-photos.leclercdrive.fr/image.ashx?id=2936917&use=l&cat=p&typeid=i","cat":285189},{"id":226636,"n":"Déodorant Homme Adidas Fresh Endurance - 150ml","p":2.63,"u":"17,53 €/L","img":"https://fd3-photos.leclercdrive.fr/image.ashx?id=2990772&use=l&cat=p&typeid=i","cat":284618},{"id":226646,"n":"Boisson Gazeuse Maison Perrier Forever Citron Vert 1L","p":0.97,"u":"0,97 €/L","img":"https://fd3-photos.leclercdrive.fr/image.ashx?id=2695103&use=l&cat=p&typeid=i","cat":284536},{"id":226657,"n":"Boisson Gazeuse Maison Perrier Forever Citron 1L","p":1.01,"u":"1,01 €/L","img":"https://fd3-photos.leclercdrive.fr/image.ashx?id=2887311&use=l&cat=p&typeid=i","cat":284536},{"id":226659,"n":"Boisson Gazeuse Maison Perrier Forever Orange 1L","p":0.99,"u":"0,99 €/L","img":"https://fd3-photos.leclercdrive.fr/image.ashx?id=2695106&use=l&cat=p&typeid=i","cat":284536},{"id":226663,"n":"Boisson Gazeuse Maison Perrier Forever Citron 6x50cl","p":4.08,"u":"1,36 €/L","img":"https://fd3-photos.leclercdrive.fr/image.ashx?id=2695100&use=l&cat=p&typeid=i","cat":284536},{"id":226664,"n":"Boisson Gazeuse Maison Perrier Forever Citron Vert 6x50cl","p":4.74,"u":"1,58 €/L","img":"https://fd3-photos.leclercdrive.fr/image.ashx?id=2695109&use=l&cat=p&typeid=i","cat":284536},{"id":226666,"n":"Sac cabas en toile de jute Rose - x1","p":2.54,"img":"https://fd3-photos.leclercdrive.fr/image.ashx?id=2693108&use=l&cat=p&typeid=i","cat":313597},{"id":226668,"n":"Boisson Gazeuse Maison Perrier Forever Citron Vert 6x33cl","p":3.84,"u":"1,94 €/L","img":"https://fd3-photos.leclercdrive.fr/image.ashx?id=2887308&use=l&cat=p&typeid=i","cat":284536},{"id":226776,"n":"Thé noir fruits rouges Lipton 20 sachets - 30g","p":1.72,"u":"57,33 €/KG","img":"https://fd3-photos.leclercdrive.fr/image.ashx?id=2695359&use=l&cat=p&typeid=i","cat":293233},{"id":226777,"n":"Thé noir vanille et caramel 20 sachets - 34g","p":2.27,"u":"66,76 €/KG","img":"https://fd3-photos.leclercdrive.fr/image.ashx?id=2736703&use=l&cat=p&typeid=i","cat":293233},{"id":226778,"n":"Thé noir orange Lipton 20 sachets - 34g","p":2.27,"u":"66,76 €/KG","img":"https://fd3-photos.leclercdrive.fr/image.ashx?id=2695371&use=l&cat=p&typeid=i","cat":293233},{"id":226779,"n":"Thé noir citron Lipton 20 sachets - 34g","p":2.71,"u":"79,71 €/KG","img":"https://fd3-photos.leclercdrive.fr/image.ashx?id=2695365&use=l&cat=p&typeid=i","cat":293233},{"id":226780,"n":"Thé noir earl grey et bergamote 20 sachets - 32g","p":2.27,"u":"7,09 €/L","img":"https://fd3-photos.leclercdrive.fr/image.ashx?id=2736706&use=l&cat=p&typeid=i","cat":293233},{"id":226781,"n":"Thé noir pêche mangue Lipton 20 sachets - 34g","p":2.27,"u":"66,76 €/KG","img":"https://fd3-photos.leclercdrive.fr/image.ashx?id=2695362&use=l&cat=p&typeid=i","cat":293233},{"id":226794,"n":"Glace cône Extreme  Choco caramel toffee  x6 - 426g","p":3.81,"u":"8,94 €/KG","img":"https://fd3-photos.leclercdrive.fr/image.ashx?id=2741078&use=l&cat=p&typeid=i","cat":284264},{"id":226800,"n":"Parfum de linge billes Lenor Envolée d'air x41","p":9.2,"u":"18,59 €/KG","img":"https://fd3-photos.leclercdrive.fr/image.ashx?id=2857893&use=l&cat=p&typeid=i","cat":325302},{"id":226801,"n":"Parfum de linge billes Lenor  Jasmin Rose de mai x19 doses","p":7.36,"u":"31,32 €/KG","img":"https://fd3-photos.leclercdrive.fr/image.ashx?id=2841598&use=l&cat=p&typeid=i","cat":325302},{"id":226803,"n":"Adoucissant Lenor Fresh Soleil tropical x36 - 0.5L","p":5.81,"u":"11,53 €/L","img":"https://fd3-photos.leclercdrive.fr/image.ashx?id=2696163&use=l&cat=p&typeid=i","cat":284650},{"id":226806,"n":"Liquide de rinçage Sun Brillance - 500ml","p":3.24,"u":"6,48 €/L","img":"https://fd3-photos.leclercdrive.fr/image.ashx?id=2829099&use=l&cat=p&typeid=i","cat":284657},{"id":226807,"n":"Liquide de rinçage Sun Séchage - 500ml","p":3.66,"u":"7,32 €/L","img":"https://fd3-photos.leclercdrive.fr/image.ashx?id=2738716&use=l&cat=p&typeid=i","cat":284657},{"id":226816,"n":"Crème adhésive Fixodent plus  Maintien imbattable - 60g","p":5.02,"u":"83,67 €/KG","img":"https://fd3-photos.leclercdrive.fr/image.ashx?id=2695136&use=l&cat=p&typeid=i","cat":285158},{"id":226818,"n":"Dentifrice Sensodyne Soin  complet Triple action - 75ml","p":3.71,"u":"49,47 €/L","img":"https://fd3-photos.leclercdrive.fr/image.ashx?id=2997778&use=l&cat=p&typeid=i","cat":284612},{"id":226819,"n":"Dentifrice Sensodyne Soin gencives Triple action - 75ml","p":3.88,"u":"51,73 €/L","img":"https://fd3-photos.leclercdrive.fr/image.ashx?id=3000384&use=l&cat=p&typeid=i","cat":284612},{"id":226824,"n":"Dentifrice Sensodyne Soin  Blancheur naturelle 24h - 75ml","p":4.14,"u":"55,20 €/L","img":"https://fd3-photos.leclercdrive.fr/image.ashx?id=2694944&use=l&cat=p&typeid=i","cat":284612},{"id":226825,"n":"Dentifrice Sensodyne Répare & protège Novamin - 75ml","p":4.5,"u":"60,00 €/L","img":"https://fd3-photos.leclercdrive.fr/image.ashx?id=2694947&use=l&cat=p&typeid=i","cat":284612},{"id":226826,"n":"Dentifrice Sensodyne Soin Blancheur triple action - 75ml","p":4.43,"u":"59,07 €/L","img":"https://fd3-photos.leclercdrive.fr/image.ashx?id=3000381&use=l&cat=p&typeid=i","cat":284612},{"id":226829,"n":"Dentifrice Sensodyne Répare & protège extra fresh - 75ml","p":4.97,"u":"66,27 €/L","img":"https://fd3-photos.leclercdrive.fr/image.ashx?id=2694956&use=l&cat=p&typeid=i","cat":284612},{"id":226830,"n":"Dentifrice Sensodyne Répare & protège Blancheur - 75ml","p":4.43,"u":"59,07 €/L","img":"https://fd3-photos.leclercdrive.fr/image.ashx?id=2872955&use=l&cat=p&typeid=i","cat":284612},{"id":226831,"n":"Nettoyant machine Sun Pendant le cycle x4 - 60g","p":6.08,"u":"12,67 €/KG","img":"https://fd3-photos.leclercdrive.fr/image.ashx?id=2738713&use=l&cat=p&typeid=i","cat":284657},{"id":226856,"n":"P'tit onctueux pêche Nestlé sans sucres ajoutés - 4x90g","p":2.17,"u":"6,03 €/KG","img":"https://fd3-photos.leclercdrive.fr/image.ashx?id=2695124&use=l&cat=p&typeid=i","cat":312392},{"id":226878,"n":"Gourdes Nestlé Naturnes Fruitées - 360g","p":6.93,"u":"11,00 €/KG","img":"https://fd3-photos.leclercdrive.fr/image.ashx?id=2696136&use=l&cat=p&typeid=i","cat":312393},{"id":226879,"n":"Pate tomate colin Naturnes Dès 6 mois - 2x90g","p":2.07,"u":"11,50 €/KG","img":"https://fd3-photos.leclercdrive.fr/image.ashx?id=2696139&use=l&cat=p&typeid=i","cat":312235},{"id":226880,"n":"Brioche tressée Harrys Allégée en sucres - 450G","p":3.37,"u":"7,49 €/KG","img":"https://fd3-photos.leclercdrive.fr/image.ashx?id=2962467&use=l&cat=p&typeid=i","cat":284478},{"id":226881,"n":"Infusion detox Pukka Fruits rouges x20 - 34g","p":4.14,"u":"121,76 €/KG","img":"https://fd3-photos.leclercdrive.fr/image.ashx?id=2859803&use=l&cat=p&typeid=i","cat":293234},{"id":226882,"n":"Chocolat en poudre Nesquik 300g","p":2.84,"u":"9,47 €/KG","img":"https://fd3-photos.leclercdrive.fr/image.ashx?id=3005374&use=l&cat=p&typeid=i","cat":293235},{"id":226883,"n":"Muesli immunité cassis amande  bio Terres et Céréales -350g","p":2.8,"u":"8,00 €/KG","img":"https://fd3-photos.leclercdrive.fr/image.ashx?id=2695965&use=l&cat=p&typeid=i","cat":309512},{"id":226885,"n":"Muesli protéine choco cacahuète  bio Terres et Céréales -350g","p":3.52,"u":"10,06 €/KG","img":"https://fd3-photos.leclercdrive.fr/image.ashx?id=2695968&use=l&cat=p&typeid=i","cat":309512},{"id":226886,"n":"Muesli cranberry citron bio  Terres et Céréales - 500g","p":3.02,"u":"6,04 €/KG","img":"https://fd3-photos.leclercdrive.fr/image.ashx?id=2772065&use=l&cat=p&typeid=i","cat":309512},{"id":226896,"n":"Bière Météor Blonde de Garde 6x25cl 7.2%vol.","p":5.5,"pp":3.85,"u":"2,57 €/L","img":"https://fd3-photos.leclercdrive.fr/image.ashx?id=2698300&use=l&cat=p&typeid=i","cat":334852},{"id":226899,"n":"Mini bille chocolaté M&Ms 176g","p":2.38,"u":"13,52 €/KG","img":"https://fd3-photos.leclercdrive.fr/image.ashx?id=3009074&use=l&cat=p&typeid=i","cat":304238},{"id":226910,"n":"Dragées chocolatées M&M's 340g","p":4.74,"u":"13,94 €/KG","img":"https://fd3-photos.leclercdrive.fr/image.ashx?id=3003399&use=l&cat=p&typeid=i","cat":304238},{"id":226911,"n":"Bille au chocolat Maltesers 400g","p":5.64,"u":"14,10 €/KG","img":"https://fd3-photos.leclercdrive.fr/image.ashx?id=2976050&use=l&cat=p&typeid=i","cat":304238},{"id":226920,"n":"Bonbons Skittles  152g","p":1.24,"u":"8,16 €/KG","img":"https://fd3-photos.leclercdrive.fr/image.ashx?id=3008984&use=l&cat=p&typeid=i","cat":304250},{"id":226921,"n":"Boisson énergisante Maison Perrier citron - 25cl","p":1.07,"u":"4,28 €/L","img":"https://fd3-photos.leclercdrive.fr/image.ashx?id=2696145&use=l&cat=p&typeid=i","cat":284533},{"id":226947,"n":"Concentré Antésite Eucalyptus 13cl","p":3.43,"u":"26,38 €/L","img":"https://fd3-photos.leclercdrive.fr/image.ashx?id=2850470&use=l&cat=p&typeid=i","cat":295020},{"id":226970,"n":"Tablette lave-vaisselle Sun  Expert Plus x40 -700g","p":7.9,"u":"11,29 €/KG","img":"https://fd3-photos.leclercdrive.fr/image.ashx?id=2738734&use=l&cat=p&typeid=i","cat":284656},{"id":226971,"n":"Sun Tablettes Lave-Vaisselle Tout en 1 Expert Plus x40","p":7.9,"u":"11,29 €/KG","img":"https://fd3-photos.leclercdrive.fr/image.ashx?id=2942012&use=l&cat=p&typeid=i","cat":284656},{"id":226973,"n":"Sun Tablettes Lave-Vaisselle Tout en 1 Citron Ecolabel x46","p":7.44,"u":"9,80 €/KG","img":"https://fd3-photos.leclercdrive.fr/image.ashx?id=3000905&use=l&cat=p&typeid=i","cat":284656},{"id":226975,"n":"Crème de douche Corine de Farme Soin nourrissant - Monoï 500ml","p":3.26,"u":"6,52 €/L","img":"https://fd3-photos.leclercdrive.fr/image.ashx?id=2696613&use=l&cat=p&typeid=i","cat":284594},{"id":226977,"n":"Soin Visage Repulpant Anti-Âge  Revitalift Filler - 50ml","p":15.98,"u":"319,60 €/L","img":"https://fd3-photos.leclercdrive.fr/image.ashx?id=3003354&use=l&cat=p&typeid=i","cat":325345},{"id":226978,"n":"Crème Anti-Âge Rose Re-Fortifiant - 50ml","p":11.97,"pp":7.9,"u":"158,00 €/L","img":"https://fd3-photos.leclercdrive.fr/image.ashx?id=2757425&use=l&cat=p&typeid=i","cat":325345},{"id":226983,"n":"Boisson lactée protéinée Arla Chocolat - 482ml","p":2.04,"u":"4,23 €/L","img":"https://fd3-photos.leclercdrive.fr/image.ashx?id=2696667&use=l&cat=p&typeid=i","cat":284415},{"id":227006,"n":"Crème glacée Häagen-Dazs  Chocolat belge - 400g","p":4.71,"u":"11,78 €/KG","img":"https://fd3-photos.leclercdrive.fr/image.ashx?id=2886891&use=l&cat=p&typeid=i","cat":284725},{"id":227012,"n":"Halloumi AOP Casa Azzurra 200g","p":3.22,"u":"16,10 €/KG","img":"https://fd3-photos.leclercdrive.fr/image.ashx?id=2696729&use=l&cat=p&typeid=i","cat":314026},{"id":227051,"n":"Nectar de Pêche de Vigne 1L","p":2.4,"u":"2,40 €/L","img":"https://fd3-photos.leclercdrive.fr/image.ashx?id=2697030&use=l&cat=p&typeid=i","cat":295018},{"id":227053,"n":"Sirop Pomme/Framboise 60cl","p":3.49,"u":"5,82 €/L","img":"https://fd3-photos.leclercdrive.fr/image.ashx?id=2696961&use=l&cat=p&typeid=i","cat":295020},{"id":227070,"n":"Thé glacé pétillant Lipton Ice Tea pêche - bouteille 1.25L","p":1.68,"u":"1,34 €/L","img":"https://fd3-photos.leclercdrive.fr/image.ashx?id=2887704&use=l&cat=p&typeid=i","cat":295019},{"id":227071,"n":"Thé pétillant Lipton Ice Tea Citron citron vert - 1.25L","p":1.64,"u":"1,31 €/L","img":"https://fd3-photos.leclercdrive.fr/image.ashx?id=2887707&use=l&cat=p&typeid=i","cat":295019},{"id":227146,"n":"Papillote de saumon Marie 300g","p":3.65,"u":"12,17 €/KG","img":"https://fd3-photos.leclercdrive.fr/image.ashx?id=2993373&use=l&cat=p&typeid=i","cat":284254},{"id":227153,"n":"Couches Carryboo de nos Régions Couches locales Taille 2 - x 50","p":15.13,"u":"0,30 €/P","img":"https://fd3-photos.leclercdrive.fr/image.ashx?id=2969245&use=l&cat=p&typeid=i","cat":284737},{"id":227154,"n":"Couches Carryboo de nos Régions Couches locales Taille 3 - x50","p":15.23,"u":"0,30 €/P","img":"https://fd3-photos.leclercdrive.fr/image.ashx?id=2833801&use=l&cat=p&typeid=i","cat":284737},{"id":227155,"n":"Couche Carryboo de nos Régions Couches locales Taille 4 - x44","p":15.19,"u":"0,35 €/P","img":"https://fd3-photos.leclercdrive.fr/image.ashx?id=2787404&use=l&cat=p&typeid=i","cat":284737},{"id":227158,"n":"Couches Carryboo de nos Régions Couches locales Taille 4+ - x42","p":15.47,"u":"0,37 €/P","img":"https://fd3-photos.leclercdrive.fr/image.ashx?id=2787407&use=l&cat=p&typeid=i","cat":284737},{"id":227165,"n":"Serum Acide Hyaluronique Mixa 30mL","p":8.04,"u":"268,00 €/L","img":"https://fd3-photos.leclercdrive.fr/image.ashx?id=2698711&use=l&cat=p&typeid=i","cat":325345},{"id":227206,"n":"Lait Corps Satinant Mixa 400mL","p":5.73,"u":"14,33 €/L","img":"https://fd3-photos.leclercdrive.fr/image.ashx?id=2698696&use=l&cat=p&typeid=i","cat":325349},{"id":227220,"n":"Eau pétillante aromatisée Diabolo grenadine - Lorina - 1L","p":2.34,"u":"2,34 €/L","img":"https://fd3-photos.leclercdrive.fr/image.ashx?id=2705593&use=l&cat=p&typeid=i","cat":284536},{"id":227254,"n":"Salami Negroni  120g","p":4.9,"u":"40,83 €/KG","img":"https://fd3-photos.leclercdrive.fr/image.ashx?id=2698942&use=l&cat=p&typeid=i","cat":316007},{"id":227307,"n":"Café capsules Dolce Gusto Starbucks White Moka - 123g","p":4.39,"u":"35,69 €/KG","img":"https://fd3-photos.leclercdrive.fr/image.ashx?id=3000459&use=l&cat=p&typeid=i","cat":284749},{"id":227309,"n":"Pelican blonde Pelican - 66cl","p":3.23,"u":"4,89 €/L","img":"https://fd3-photos.leclercdrive.fr/image.ashx?id=2766238&use=l&cat=p&typeid=i","cat":334872},{"id":227310,"n":"Pelican rouge bouteille Pelican - 66cl","p":3.69,"u":"5,59 €/L","img":"https://fd3-photos.leclercdrive.fr/image.ashx?id=2770407&use=l&cat=p&typeid=i","cat":334872},{"id":227311,"n":"Bière Pelican rouge  50cl","p":2.21,"u":"4,42 €/L","img":"https://fd3-photos.leclercdrive.fr/image.ashx?id=2700107&use=l&cat=p&typeid=i","cat":334853},{"id":227318,"n":"P'tite Céréale Nestlé Vanille - 415g","p":2.6,"u":"6,27 €/KG","img":"https://fd3-photos.leclercdrive.fr/image.ashx?id=2700773&use=l&cat=p&typeid=i","cat":312225},{"id":227320,"n":"Céréales Nesquik 675g","p":4.43,"u":"6,56 €/KG","img":"https://fd3-photos.leclercdrive.fr/image.ashx?id=2971434&use=l&cat=p&typeid=i","cat":309513},{"id":227323,"n":"Céréales Crunch Nestlé 675g","p":4.38,"u":"6,49 €/KG","img":"https://fd3-photos.leclercdrive.fr/image.ashx?id=2949085&use=l&cat=p&typeid=i","cat":309513},{"id":227325,"n":"P'tite céréales Nestlé Saveur biscuit - 415g","p":3.26,"u":"7,86 €/KG","img":"https://fd3-photos.leclercdrive.fr/image.ashx?id=2700776&use=l&cat=p&typeid=i","cat":312225},{"id":227329,"n":"P'tite céréale Nestlé 415g","p":3.19,"u":"7,69 €/KG","img":"https://fd3-photos.leclercdrive.fr/image.ashx?id=2700770&use=l&cat=p&typeid=i","cat":312225},{"id":227331,"n":"P'tite céréales Nestlé Cacao - 415g","p":2.6,"u":"6,27 €/KG","img":"https://fd3-photos.leclercdrive.fr/image.ashx?id=2700767&use=l&cat=p&typeid=i","cat":312225},{"id":227339,"n":"Capsules Nescafé Dolce Gusto  Lungo - x16","p":4.51,"u":"50,11 €/KG","img":"https://fd3-photos.leclercdrive.fr/image.ashx?id=2907716&use=l&cat=p&typeid=i","cat":293239},{"id":227341,"n":"Céréales Lion Nestlé 1.05kg","p":6.08,"u":"6,08 €/KG","img":"https://fd3-photos.leclercdrive.fr/image.ashx?id=2995433&use=l&cat=p&typeid=i","cat":309513},{"id":227352,"n":"Céréales Chocapic  645g","p":4.46,"u":"6,91 €/KG","img":"https://fd3-photos.leclercdrive.fr/image.ashx?id=2977732&use=l&cat=p&typeid=i","cat":309513},{"id":227366,"n":"Compote Charles & Alice Mangue avec morceaux - 4x95g","p":2.44,"u":"6,42 €/KG","img":"https://fd3-photos.leclercdrive.fr/image.ashx?id=2857350&use=l&cat=p&typeid=i","cat":284416},{"id":227367,"n":"Compote Charles & Alice Poire avec morceaux - 4x95g","p":2.18,"u":"5,74 €/KG","img":"https://fd3-photos.leclercdrive.fr/image.ashx?id=2857353&use=l&cat=p&typeid=i","cat":284416},{"id":227369,"n":"Compote Charles & Alice Pêche avec morceaux - 4x95g","p":2.67,"u":"7,03 €/KG","img":"https://fd3-photos.leclercdrive.fr/image.ashx?id=2962839&use=l&cat=p&typeid=i","cat":284416},{"id":227372,"n":"Céréales Lion 675g","p":4.97,"u":"7,36 €/KG","img":"https://fd3-photos.leclercdrive.fr/image.ashx?id=2997256&use=l&cat=p&typeid=i","cat":309513},{"id":227373,"n":"Gelée de viande Eco+ 12x100g","p":2.99,"u":"2,49 €/KG","img":"https://fd3-photos.leclercdrive.fr/image.ashx?id=2744216&use=l&cat=p&typeid=i","cat":285286},{"id":227374,"n":"Céréales Chocapic 375g","p":2.85,"u":"7,60 €/KG","img":"https://fd3-photos.leclercdrive.fr/image.ashx?id=2977408&use=l&cat=p&typeid=i","cat":309513},{"id":227375,"n":"Capsule Nescafé Farmers Origins  Brazil Int 8 - x10","p":2.32,"u":"52,73 €/KG","img":"https://fd3-photos.leclercdrive.fr/image.ashx?id=2952166&use=l&cat=p&typeid=i","cat":284749},{"id":227376,"n":"Croquette Friskies Vitafit  Boeuf - 3kg","p":7.22,"u":"2,41 €/KG","img":"https://fd3-photos.leclercdrive.fr/image.ashx?id=2986999&use=l&cat=p&typeid=i","cat":284672},{"id":227377,"n":"Croquette Friskies Vitafit Boeuf - 12kg","p":25.06,"img":"https://fd3-photos.leclercdrive.fr/image.ashx?id=2986984&use=l&cat=p&typeid=i","cat":284672},{"id":227378,"n":"Croquettes Friskies junior Poulet & legumes - 1.5kg","p":5.37,"u":"3,58 €/KG","img":"https://fd3-photos.leclercdrive.fr/image.ashx?id=2699612&use=l&cat=p&typeid=i","cat":284680},{"id":227381,"n":"Croquettes Friskies Vitafit Poulet & legumes - 3kg","p":7.22,"u":"2,41 €/KG","img":"https://fd3-photos.leclercdrive.fr/image.ashx?id=2986981&use=l&cat=p&typeid=i","cat":284672},{"id":227383,"n":"Lait infantile Hipp Biologique Bio Dès 10 mois Combiotic  800g","p":16.93,"u":"21,16 €/KG","img":"https://fd3-photos.leclercdrive.fr/image.ashx?id=2926834&use=l&cat=p&typeid=i","cat":290219},{"id":227397,"n":"Croquettes Friskies  Dinde & legumes - 1.5kg","p":5.37,"u":"3,58 €/KG","img":"https://fd3-photos.leclercdrive.fr/image.ashx?id=2699621&use=l&cat=p&typeid=i","cat":284680},{"id":227400,"n":"Croquettes chat Friskies Saumon et legumes - 1.5 kg","p":5.39,"u":"3,59 €/KG","img":"https://fd3-photos.leclercdrive.fr/image.ashx?id=2940600&use=l&cat=p&typeid=i","cat":284680},{"id":227404,"n":"Parfum de linge billes Lenor Unstoppable - Aérien - x41 495g","p":9.29,"u":"18,77 €/KG","img":"https://fd3-photos.leclercdrive.fr/image.ashx?id=2889982&use=l&cat=p&typeid=i","cat":325302},{"id":227408,"n":"Riz basmati Taureau Ailé 220g","p":1.73,"u":"7,86 €/KG","img":"https://fd3-photos.leclercdrive.fr/image.ashx?id=2916330&use=l&cat=p&typeid=i","cat":287600},{"id":227409,"n":"Gel douche Le Petit Marseillais Mangue Bio et passion 650ml","p":3.99,"u":"6,14 €/L","img":"https://fd3-photos.leclercdrive.fr/image.ashx?id=2700497&use=l&cat=p&typeid=i","cat":284594},{"id":227410,"n":"Gel douche Le Petit Marseillais Mimosa et Citron bio - 250ml","p":1.72,"u":"6,88 €/L","img":"https://fd3-photos.leclercdrive.fr/image.ashx?id=2700500&use=l&cat=p&typeid=i","cat":284594},{"id":227411,"n":"Dentifrice Sensodyne  Soin blancheur - 2x75ml","p":5.63,"u":"18,77 €/L","img":"https://fd3-photos.leclercdrive.fr/image.ashx?id=3000378&use=l&cat=p&typeid=i","cat":284612},{"id":227412,"n":"Masque pieds Scholl Exfoliant talon - x1","p":6.45,"img":"https://fd3-photos.leclercdrive.fr/image.ashx?id=2981313&use=l&cat=p&typeid=i","cat":325354},{"id":227413,"n":"Semelles GelActiv' Scholl Décontracté - Taille 1","p":15.89,"img":"https://fd3-photos.leclercdrive.fr/image.ashx?id=2700665&use=l&cat=p&typeid=i","cat":325354},{"id":227414,"n":"Semelles GelActiv' Scholl Décontracté - Taille 2 - x1","p":15.89,"img":"https://fd3-photos.leclercdrive.fr/image.ashx?id=2700668&use=l&cat=p&typeid=i","cat":325354},{"id":227418,"n":"Gel détartrant WC Net Détartrant total - 750ml","p":2.18,"u":"2,91 €/L","img":"https://fd3-photos.leclercdrive.fr/image.ashx?id=2702118&use=l&cat=p&typeid=i","cat":284662},{"id":227419,"n":"Gel Energy WC Net Javel - Action immédiate 750ml","p":2.23,"u":"2,97 €/L","img":"https://fd3-photos.leclercdrive.fr/image.ashx?id=2791659&use=l&cat=p&typeid=i","cat":284662},{"id":227425,"n":"Boîte mouchoirs Lotus Classic+ - Pur Blanc - x80","p":1.61,"img":"https://fd3-photos.leclercdrive.fr/image.ashx?id=2700698&use=l&cat=p&typeid=i","cat":284638},{"id":227445,"n":"Riz basmati Taureau Ailé Nature - 220g","p":1.73,"u":"7,86 €/KG","img":"https://fd3-photos.leclercdrive.fr/image.ashx?id=2916327&use=l&cat=p&typeid=i","cat":287600},{"id":227448,"n":"Céréales Crunch 375g","p":2.66,"u":"7,09 €/KG","img":"https://fd3-photos.leclercdrive.fr/image.ashx?id=2939760&use=l&cat=p&typeid=i","cat":309513},{"id":227506,"n":"Capsule Nescafé Farmers Origins  India Int 9 - x18","p":4.32,"u":"54,68 €/KG","img":"https://fd3-photos.leclercdrive.fr/image.ashx?id=2700791&use=l&cat=p&typeid=i","cat":284749},{"id":227507,"n":"Capsule Nescafé Farmers Origins  India Int 9 - x10","p":2.32,"u":"52,73 €/KG","img":"https://fd3-photos.leclercdrive.fr/image.ashx?id=2952169&use=l&cat=p&typeid=i","cat":284749},{"id":227512,"n":"Chips Savour  Sel de guerande - 120g","p":1.48,"u":"12,33 €/KG","img":"https://fd3-photos.leclercdrive.fr/image.ashx?id=2743828&use=l&cat=p&typeid=i","cat":284447},{"id":227514,"n":"Chips Savour Sweet Chili - 120g","p":1.79,"u":"14,92 €/KG","img":"https://fd3-photos.leclercdrive.fr/image.ashx?id=2743825&use=l&cat=p&typeid=i","cat":284447},{"id":227515,"n":"Chips Savour Vinaigre de cidre - 120g","p":1.71,"u":"14,25 €/KG","img":"https://fd3-photos.leclercdrive.fr/image.ashx?id=2743822&use=l&cat=p&typeid=i","cat":284447},{"id":227516,"n":"Chips Savour Cheddar & Ciboulette - 120g","p":1.75,"u":"14,58 €/KG","img":"https://fd3-photos.leclercdrive.fr/image.ashx?id=2743819&use=l&cat=p&typeid=i","cat":284447},{"id":227520,"n":"Chips Lay's Sel & vinaigre - 130g","p":1.17,"u":"9,00 €/KG","img":"https://fd3-photos.leclercdrive.fr/image.ashx?id=3011161&use=l&cat=p&typeid=i","cat":284447},{"id":227528,"n":"Chips Lay's Poulet - 135g","p":1.2,"u":"8,89 €/KG","img":"https://fd3-photos.leclercdrive.fr/image.ashx?id=2995079&use=l&cat=p&typeid=i","cat":284447},{"id":227531,"n":"Rasoir Gillette Mach 3 1 manche + 1 recharge","p":8.63,"img":"https://fd3-photos.leclercdrive.fr/image.ashx?id=2859911&use=l&cat=p&typeid=i","cat":284616},{"id":227532,"n":"Chips Lay's Barbecue - 250g","p":1.98,"u":"7,92 €/KG","img":"https://fd3-photos.leclercdrive.fr/image.ashx?id=2994488&use=l&cat=p&typeid=i","cat":284447},{"id":227534,"n":"Chips Lay's Barbecue - 135g","p":1.1,"u":"8,15 €/KG","img":"https://fd3-photos.leclercdrive.fr/image.ashx?id=2994485&use=l&cat=p&typeid=i","cat":284447},{"id":227542,"n":"Croquettes pour chien Friskies Vitafit 12kg","p":25.67,"u":"2,14 €/KG","img":"https://fd3-photos.leclercdrive.fr/image.ashx?id=2986987&use=l&cat=p&typeid=i","cat":284672},{"id":227557,"n":"Biscuit goûter fourré Gullon Méga duo vanille - 500g","p":2.02,"u":"4,04 €/KG","img":"https://fd3-photos.leclercdrive.fr/image.ashx?id=2703278&use=l&cat=p&typeid=i","cat":284489},{"id":227558,"n":"Biscuit goûter fourré Gullon Méga duo tout chocolat - 500g","p":2.02,"u":"4,04 €/KG","img":"https://fd3-photos.leclercdrive.fr/image.ashx?id=2700755&use=l&cat=p&typeid=i","cat":284488},{"id":227561,"n":"Culottes Fuites urinaires  Always discreet Taille M - x10","p":8.64,"u":"0,86 €/P","img":"https://fd3-photos.leclercdrive.fr/image.ashx?id=2927035&use=l&cat=p&typeid=i","cat":284628},{"id":227562,"n":"Culottes Fuites urinaires Always Discreet Taille L- x9","p":8.64,"u":"0,96 €/P","img":"https://fd3-photos.leclercdrive.fr/image.ashx?id=2927038&use=l&cat=p&typeid=i","cat":284628},{"id":227563,"n":"Serviettes Fuites urinaires  Always Discreet - Normal - x30","p":7.97,"u":"0,27 €/P","img":"https://fd3-photos.leclercdrive.fr/image.ashx?id=2700806&use=l&cat=p&typeid=i","cat":284628},{"id":227564,"n":"Dentifrice Oral-B  Pro science Protection émail - 75ml","p":4.26,"u":"56,80 €/L","img":"https://fd3-photos.leclercdrive.fr/image.ashx?id=2737798&use=l&cat=p&typeid=i","cat":284612},{"id":227590,"n":"Jambon cru Aoste Les Fines  Et fondantes 10 tranches - 167g","p":4.29,"u":"25,69 €/KG","img":"https://fd3-photos.leclercdrive.fr/image.ashx?id=2700455&use=l&cat=p&typeid=i","cat":316007},{"id":227592,"n":"Jambon cru Serrano Aoste 6 tranches - 100g","p":3.78,"u":"37,80 €/KG","img":"https://fd3-photos.leclercdrive.fr/image.ashx?id=2937184&use=l&cat=p&typeid=i","cat":316007},{"id":227593,"n":"Jambon cru Speck Aoste 8 tranches - 100g","p":3.62,"u":"36,20 €/KG","img":"https://fd3-photos.leclercdrive.fr/image.ashx?id=2701262&use=l&cat=p&typeid=i","cat":316007},{"id":227600,"n":"Croquettes chat Friskies Boeuf, poulet et légumes - 3kg","p":10.22,"u":"3,41 €/KG","img":"https://fd3-photos.leclercdrive.fr/image.ashx?id=2940603&use=l&cat=p&typeid=i","cat":284680},{"id":227602,"n":"Croquettes Friskies  Poulet & légumes  1,5 kg","p":5.5,"u":"3,67 €/KG","img":"https://fd3-photos.leclercdrive.fr/image.ashx?id=2701400&use=l&cat=p&typeid=i","cat":284680},{"id":227603,"n":"Croquettes chat stérilisé Friskies Agneau légumes - 1.5kg","p":5.11,"u":"3,41 €/KG","img":"https://fd3-photos.leclercdrive.fr/image.ashx?id=2701064&use=l&cat=p&typeid=i","cat":284680},{"id":227605,"n":"Croquettes petit chien Friskies Poulet & légumes - 1.5kg","p":5.05,"u":"3,37 €/KG","img":"https://fd3-photos.leclercdrive.fr/image.ashx?id=2986314&use=l&cat=p&typeid=i","cat":294526},{"id":227608,"n":"Croquettes Friskies Junior  Poulet avec du lait - 3kg","p":8.68,"u":"2,89 €/KG","img":"https://fd3-photos.leclercdrive.fr/image.ashx?id=2986900&use=l&cat=p&typeid=i","cat":284672},{"id":227612,"n":"Croquettes chien light Friskies Poulet & légumes - 3kg","p":8.55,"u":"2,85 €/KG","img":"https://fd3-photos.leclercdrive.fr/image.ashx?id=2987002&use=l&cat=p&typeid=i","cat":284672},{"id":227626,"n":"Barres chocolatées Mars  x7 - 315g","p":2.89,"u":"9,17 €/KG","img":"https://fd3-photos.leclercdrive.fr/image.ashx?id=2701043&use=l&cat=p&typeid=i","cat":284498},{"id":227629,"n":"Barres chocolatées Snickers x7 - 350g","p":3.29,"u":"9,40 €/KG","img":"https://fd3-photos.leclercdrive.fr/image.ashx?id=2701040&use=l&cat=p&typeid=i","cat":284498},{"id":227633,"n":"Barres chocolatées Twix  x10 -210g","p":2.2,"u":"10,48 €/KG","img":"https://fd3-photos.leclercdrive.fr/image.ashx?id=2980091&use=l&cat=p&typeid=i","cat":284498},{"id":227637,"n":"Canard WC Fresh disc Tropical - 1 appli + 6 disques","p":2.99,"img":"https://fd3-photos.leclercdrive.fr/image.ashx?id=2845578&use=l&cat=p&typeid=i","cat":284662},{"id":227638,"n":"Canard WC Fresh disc Garden - 1 appli + 6 disques","p":2.63,"img":"https://fd3-photos.leclercdrive.fr/image.ashx?id=2845581&use=l&cat=p&typeid=i","cat":284662},{"id":227639,"n":"Canard WC Fresh disc Tropical - 2 recharges","p":5.16,"img":"https://fd3-photos.leclercdrive.fr/image.ashx?id=2845584&use=l&cat=p&typeid=i","cat":284662},{"id":227645,"n":"Barres Bounty chocolat & noix de coco x5 - 285g","p":2.65,"u":"9,30 €/KG","img":"https://fd3-photos.leclercdrive.fr/image.ashx?id=2701022&use=l&cat=p&typeid=i","cat":284498},{"id":227657,"n":"Soda Fanta Orange Sans Sucres  Canette - Pack 6x33cl","p":3.25,"u":"1,64 €/L","img":"https://fd3-photos.leclercdrive.fr/image.ashx?id=2701361&use=l&cat=p&typeid=i","cat":284532},{"id":227669,"n":"Boisson Gazeuse Maison Perrier Chic Roséllini 4x25cl","p":2.4,"u":"2,40 €/L","img":"https://fd3-photos.leclercdrive.fr/image.ashx?id=2701403&use=l&cat=p&typeid=i","cat":284536},{"id":227671,"n":"Bière aromatisée Desperados Tropical -  6X33cl","p":8.8,"u":"4,44 €/L","img":"https://fd3-photos.leclercdrive.fr/image.ashx?id=2701142&use=l&cat=p&typeid=i","cat":334878},{"id":227684,"n":"Barres chocolatées Twix x7 - 350g","p":3.22,"u":"9,20 €/KG","img":"https://fd3-photos.leclercdrive.fr/image.ashx?id=2701028&use=l&cat=p&typeid=i","cat":284498},{"id":227690,"n":"Parfum de linge Lenor Ambre orchidée x19D - 235g","p":6.64,"u":"28,26 €/KG","img":"https://fd3-photos.leclercdrive.fr/image.ashx?id=2839457&use=l&cat=p&typeid=i","cat":325302},{"id":227700,"n":"Désodorisant Fébrèze Petit Coin Vanille - 8ml","p":3.88,"img":"https://fd3-photos.leclercdrive.fr/image.ashx?id=2855798&use=l&cat=p&typeid=i","cat":311629},{"id":227701,"n":"Chocolat Pâtissier Nestlé Dessert Blanc - 170g","p":3.3,"u":"19,41 €/KG","img":"https://fd3-photos.leclercdrive.fr/image.ashx?id=2895062&use=l&cat=p&typeid=i","cat":284957},{"id":227702,"n":"Fromage enfant La Vache qui rit Pik&Croq 8 portions - 280g","p":3.77,"u":"13,46 €/KG","img":"https://fd3-photos.leclercdrive.fr/image.ashx?id=2945436&use=l&cat=p&typeid=i","cat":314030},{"id":227712,"n":"Biscuits petit déjeuner Gullon Céréales fruits rouges 240g","p":2.39,"u":"9,96 €/KG","img":"https://fd3-photos.leclercdrive.fr/image.ashx?id=2701962&use=l&cat=p&typeid=i","cat":284491},{"id":227713,"n":"Crackers mini fish Gullon 250g","p":1.96,"u":"7,84 €/KG","img":"https://fd3-photos.leclercdrive.fr/image.ashx?id=2701953&use=l&cat=p&typeid=i","cat":297000},{"id":227714,"n":"Biscuits chocolat Gullon 186g","p":1.88,"u":"10,11 €/KG","img":"https://fd3-photos.leclercdrive.fr/image.ashx?id=2701959&use=l&cat=p&typeid=i","cat":284488},{"id":227715,"n":"Crackers Cheddar Gullon 250g","p":2.2,"u":"8,80 €/KG","img":"https://fd3-photos.leclercdrive.fr/image.ashx?id=2701956&use=l&cat=p&typeid=i","cat":297000},{"id":227720,"n":"Papier toilette Le Trèfle  Douceur Bambou x4=8","p":3.03,"u":"0,38 €/P","img":"https://fd3-photos.leclercdrive.fr/image.ashx?id=2859929&use=l&cat=p&typeid=i","cat":284634},{"id":227723,"n":"Jambon cuit supérieur -25% sel L'Atelier Charcuterie x4 - 220g","p":4.57,"u":"20,77 €/KG","img":"https://fd3-photos.leclercdrive.fr/image.ashx?id=2909356&use=l&cat=p&typeid=i","cat":316009},{"id":227729,"n":"Café au lait Soluble Nescafé 3en1 - x10 - 165g","p":1.87,"u":"11,33 €/KG","img":"https://fd3-photos.leclercdrive.fr/image.ashx?id=2854759&use=l&cat=p&typeid=i","cat":284843},{"id":227731,"n":"Céréales Nesquik  375g","p":2.96,"u":"7,89 €/KG","img":"https://fd3-photos.leclercdrive.fr/image.ashx?id=2977411&use=l&cat=p&typeid=i","cat":309513},{"id":227732,"n":"Compotes gourdes Pom'potes Fruits & Legumes - 12x90g","p":5.88,"u":"5,44 €/KG","img":"https://fd3-photos.leclercdrive.fr/image.ashx?id=3010960&use=l&cat=p&typeid=i","cat":284508},{"id":227733,"n":"Compotes gourdes Pom'potes Les P'tits explorateurs  12x90g","p":5.89,"u":"5,45 €/KG","img":"https://fd3-photos.leclercdrive.fr/image.ashx?id=3010957&use=l&cat=p&typeid=i","cat":284508},{"id":227734,"n":"Compotes gourdes Pom'potes Multivariétés - 12x90g","p":5.74,"u":"5,31 €/KG","img":"https://fd3-photos.leclercdrive.fr/image.ashx?id=2890857&use=l&cat=p&typeid=i","cat":284508},{"id":227737,"n":"Capsule Nescafé Farmers Origins  Colombia Int 6 - x10","p":2.5,"u":"56,82 €/KG","img":"https://fd3-photos.leclercdrive.fr/image.ashx?id=2701968&use=l&cat=p&typeid=i","cat":284749},{"id":227738,"n":"Capsule Nescafé Farmers Origins  Africas Int 10 - x10","p":2.32,"u":"52,73 €/KG","img":"https://fd3-photos.leclercdrive.fr/image.ashx?id=2952172&use=l&cat=p&typeid=i","cat":284749},{"id":227739,"n":"Capsule Nescafé Farmers Origins  Colombia Décaféiné Int 6 - x10","p":2.85,"u":"53,77 €/KG","img":"https://fd3-photos.leclercdrive.fr/image.ashx?id=2701977&use=l&cat=p&typeid=i","cat":284749},{"id":227740,"n":"Capsule Nescafé Farmers Origins  Brazil Int 8 - x18","p":4.46,"u":"56,46 €/KG","img":"https://fd3-photos.leclercdrive.fr/image.ashx?id=3001521&use=l&cat=p&typeid=i","cat":284749},{"id":227743,"n":"Capsule Nescafé Farmers Origins  Colombia Int 6 - x18","p":4.77,"u":"60,38 €/KG","img":"https://fd3-photos.leclercdrive.fr/image.ashx?id=2701971&use=l&cat=p&typeid=i","cat":284749},{"id":227744,"n":"Capsule Nescafé Farmers Origins  Andes Int 5 - x10","p":2.5,"u":"56,82 €/KG","img":"https://fd3-photos.leclercdrive.fr/image.ashx?id=2701965&use=l&cat=p&typeid=i","cat":284749},{"id":227745,"n":"Lait Combiotic Hipp Bio jusqu' à 6mois 800g","p":18.28,"u":"22,85 €/KG","img":"https://fd3-photos.leclercdrive.fr/image.ashx?id=2926843&use=l&cat=p&typeid=i","cat":284726},{"id":227746,"n":"Lait Combiotic nutrigest Hipp Bio - 800g","p":20.84,"u":"26,05 €/KG","img":"https://fd3-photos.leclercdrive.fr/image.ashx?id=2926840&use=l&cat=p&typeid=i","cat":284726},{"id":227766,"n":"Diffuseur électrique Pyrel Eucalyptus - 45 nuits - 32ml","p":6.51,"u":"203,44 €/L","img":"https://fd3-photos.leclercdrive.fr/image.ashx?id=2973967&use=l&cat=p&typeid=i","cat":311629},{"id":227767,"n":"Gel douche Men Expert Barber club - 300ml","p":3.33,"u":"11,10 €/L","img":"https://fd3-photos.leclercdrive.fr/image.ashx?id=3008773&use=l&cat=p&typeid=i","cat":284619},{"id":227780,"n":"Liqueur GET Menthe & Citrons 17,9° - 70cl","p":12.99,"u":"18,56 €/L","img":"https://fd3-photos.leclercdrive.fr/image.ashx?id=2840629&use=l&cat=p&typeid=i","cat":286032},{"id":227789,"n":"Chips Lay's  Poulet - 250g","p":1.97,"u":"7,88 €/KG","img":"https://fd3-photos.leclercdrive.fr/image.ashx?id=2999952&use=l&cat=p&typeid=i","cat":284447},{"id":227790,"n":"Compotes gourdes Pom'potes Fruits & legumes - 12x90g","p":5.69,"u":"5,27 €/KG","img":"https://fd3-photos.leclercdrive.fr/image.ashx?id=2702660&use=l&cat=p&typeid=i","cat":284508},{"id":227792,"n":"Café en capsules Carte Noire Espresso classique N°7 x60 330g","p":15.8,"u":"47,88 €/KG","img":"https://fd3-photos.leclercdrive.fr/image.ashx?id=2750651&use=l&cat=p&typeid=i","cat":284749},{"id":227818,"n":"Fromage enfant La Vache qui rit Pik&Croq 5 portions - 175g","p":2.61,"u":"14,91 €/KG","img":"https://fd3-photos.leclercdrive.fr/image.ashx?id=2945433&use=l&cat=p&typeid=i","cat":314030},{"id":227820,"n":"Fromage enfant La Vache qui rit Original 8P à tartiner - 128g","p":1.97,"u":"15,39 €/KG","img":"https://fd3-photos.leclercdrive.fr/image.ashx?id=2945439&use=l&cat=p&typeid=i","cat":314030},{"id":227822,"n":"Chips Lay's  Paprika - 130g","p":1.52,"u":"11,69 €/KG","img":"https://fd3-photos.leclercdrive.fr/image.ashx?id=3011158&use=l&cat=p&typeid=i","cat":284447},{"id":227823,"n":"Chips Lay's Emmental - 135g","p":1.31,"u":"9,70 €/KG","img":"https://fd3-photos.leclercdrive.fr/image.ashx?id=3011155&use=l&cat=p&typeid=i","cat":284447},{"id":227831,"n":"Spray Nettoyant Menager Cif  Anti-calcaire Universel 750 ml","p":2.23,"u":"2,97 €/L","img":"https://fd3-photos.leclercdrive.fr/image.ashx?id=2890520&use=l&cat=p&typeid=i","cat":325362},{"id":227838,"n":"Yaourt hyperprotéiné Sport  Vanille - 4x120g","p":2.65,"u":"5,52 €/P","img":"https://fd3-photos.leclercdrive.fr/image.ashx?id=2881250&use=l&cat=p&typeid=i","cat":315000},{"id":227839,"n":"Yaourt hyperprotéiné Sport Citron - 4x120g","p":2.65,"u":"5,52 €/KG","img":"https://fd3-photos.leclercdrive.fr/image.ashx?id=2881253&use=l&cat=p&typeid=i","cat":315000},{"id":227841,"n":"Yaourt hyperprotéiné Sport Fraise framboise - 4x120g","p":2.65,"u":"5,76 €/P","img":"https://fd3-photos.leclercdrive.fr/image.ashx?id=2716988&use=l&cat=p&typeid=i","cat":315000},{"id":227842,"n":"Yaourt hyperprotéiné Sport Mangue Passion - 4x120g","p":2.65,"u":"5,52 €/KG","img":"https://fd3-photos.leclercdrive.fr/image.ashx?id=2716991&use=l&cat=p&typeid=i","cat":315000},{"id":227884,"n":"Bâtonnet Magnum White choco Cookie - x3 - 222g","p":2.48,"u":"11,17 €/KG","img":"https://fd3-photos.leclercdrive.fr/image.ashx?id=2793071&use=l&cat=p&typeid=i","cat":284265},{"id":227894,"n":"Bâtonnet Magnum Caramel salé Amandes x3 - 222g","p":2.71,"u":"12,21 €/KG","img":"https://fd3-photos.leclercdrive.fr/image.ashx?id=2793038&use=l&cat=p&typeid=i","cat":284265},{"id":227896,"n":"Glace Carte d'Or Les Essentiels Vanille de Madagascar 700ml","p":2.7,"pp":1.89,"u":"5,15 €/KG","img":"https://fd3-photos.leclercdrive.fr/image.ashx?id=2831149&use=l&cat=p&typeid=i","cat":284263},{"id":227897,"n":"Glace Bâtonnet MAGNUM Amande 4x100ml","p":2.68,"u":"8,93 €/KG","img":"https://fd3-photos.leclercdrive.fr/image.ashx?id=2849364&use=l&cat=p&typeid=i","cat":284265},{"id":227898,"n":"Bâtonnet Magnum Classic x4 - 300g","p":3.18,"u":"10,60 €/KG","img":"https://fd3-photos.leclercdrive.fr/image.ashx?id=2966794&use=l&cat=p&typeid=i","cat":284265},{"id":227900,"n":"Glace Bâtonnet MAGNUM Chocolat Blanc 4x100ml","p":3.45,"u":"11,73 €/KG","img":"https://fd3-photos.leclercdrive.fr/image.ashx?id=3011944&use=l&cat=p&typeid=i","cat":284265},{"id":227901,"n":"Bâtonnet Magnum Fraise et blanc - x4 - 324g","p":3.44,"u":"10,62 €/KG","img":"https://fd3-photos.leclercdrive.fr/image.ashx?id=3009293&use=l&cat=p&typeid=i","cat":284265},{"id":227902,"n":"Batonnets glace Magnum Chocolat Blanc Amande x4 - 300g","p":3.0,"u":"10,00 €/KG","img":"https://fd3-photos.leclercdrive.fr/image.ashx?id=3009296&use=l&cat=p&typeid=i","cat":284265},{"id":227903,"n":"Glace Bâtonnet MAGNUM Amande 8x100ml","p":5.48,"u":"9,13 €/KG","img":"https://fd3-photos.leclercdrive.fr/image.ashx?id=3009299&use=l&cat=p&typeid=i","cat":284265},{"id":227904,"n":"Glace Bâtonnet MAGNUM Classique 8x100ml","p":5.43,"u":"9,05 €/KG","img":"https://fd3-photos.leclercdrive.fr/image.ashx?id=2974057&use=l&cat=p&typeid=i","cat":284265},{"id":227905,"n":"Bâtonnet Magnum Chocolat blanc x8 - 588g","p":5.67,"u":"9,64 €/KG","img":"https://fd3-photos.leclercdrive.fr/image.ashx?id=2805663&use=l&cat=p&typeid=i","cat":284265},{"id":227906,"n":"Glace Bâtonnet Mini MAGNUM Amande 6x55ml","p":2.77,"u":"10,41 €/KG","img":"https://fd3-photos.leclercdrive.fr/image.ashx?id=2843544&use=l&cat=p&typeid=i","cat":284265},{"id":227907,"n":"Glace Bâtonnet MAGNUM Classique 6x55ml","p":2.77,"u":"11,12 €/KG","img":"https://fd3-photos.leclercdrive.fr/image.ashx?id=2967968&use=l&cat=p&typeid=i","cat":284265},{"id":227908,"n":"Mini bâtonnet Magnum Chocolat blanc Amande x6 - 257g","p":4.2,"u":"16,34 €/KG","img":"https://fd3-photos.leclercdrive.fr/image.ashx?id=2849367&use=l&cat=p&typeid=i","cat":284265},{"id":227909,"n":"Glace Bâtonnet Mini MAGNUM Amande & Chocolat Blanc 6x55ml","p":3.94,"u":"11,94 €/L","img":"https://fd3-photos.leclercdrive.fr/image.ashx?id=2843541&use=l&cat=p&typeid=i","cat":284265},{"id":227918,"n":"Pois chiches Eco+ - 265g","p":0.67,"u":"2,53 €/KG","img":"https://fd3-photos.leclercdrive.fr/image.ashx?id=3003747&use=l&cat=p&typeid=i","cat":312609},{"id":227928,"n":"Café moulu Segafredo Espresso N°9 - 2x250g","p":9.25,"u":"18,50 €/KG","img":"https://fd3-photos.leclercdrive.fr/image.ashx?id=2702846&use=l&cat=p&typeid=i","cat":284750},{"id":227935,"n":"Chewing-gum Freedent Refreshers Bubble menthe x8 -17g","p":0.97,"u":"53,89 €/KG","img":"https://fd3-photos.leclercdrive.fr/image.ashx?id=2863785&use=l&cat=p&typeid=i","cat":304251},{"id":227941,"n":"Confiture Léonce Blanc Rhubarbe 70% - 320g","p":2.63,"u":"8,22 €/KG","img":"https://fd3-photos.leclercdrive.fr/image.ashx?id=2713913&use=l&cat=p&typeid=i","cat":284480},{"id":227960,"n":"Concentré cola sans sucres Sodastream - 440ml","p":4.99,"pp":3.99,"u":"9,07 €/L","img":"https://fd3-photos.leclercdrive.fr/image.ashx?id=2703155&use=l&cat=p&typeid=i","cat":295020},{"id":227961,"n":"Concentré cola light Sodastream - 440ml","p":4.99,"pp":3.99,"u":"9,07 €/L","img":"https://fd3-photos.leclercdrive.fr/image.ashx?id=2703332&use=l&cat=p&typeid=i","cat":295020},{"id":227962,"n":"Concentré agrumes sans sucres Sodastream - 440ml","p":4.99,"pp":3.99,"u":"9,07 €/L","img":"https://fd3-photos.leclercdrive.fr/image.ashx?id=2871133&use=l&cat=p&typeid=i","cat":295020},{"id":227963,"n":"Tartines croustillantes Wasa Flocons d'avoine - 265g","p":2.91,"u":"10,98 €/KG","img":"https://fd3-photos.leclercdrive.fr/image.ashx?id=2749527&use=l&cat=p&typeid=i","cat":284479},{"id":227964,"n":"Tartines croustillantes Wasa Sensation graines de chia -245g","p":2.91,"u":"11,88 €/KG","img":"https://fd3-photos.leclercdrive.fr/image.ashx?id=2749524&use=l&cat=p&typeid=i","cat":284479},{"id":227967,"n":"Compotes gourges Pom'Potes Pomme pêche carotte 360g","p":2.15,"u":"5,97 €/KG","img":"https://fd3-photos.leclercdrive.fr/image.ashx?id=2703705&use=l&cat=p&typeid=i","cat":284508},{"id":227978,"n":"Concentré Sodastream Menthe sans sucres - 440ml","p":4.99,"pp":3.99,"u":"9,07 €/L","img":"https://fd3-photos.leclercdrive.fr/image.ashx?id=2765372&use=l&cat=p&typeid=i","cat":295020},{"id":227982,"n":"Crème Glacée Erhard Cookie Dough - 470g","p":4.33,"u":"9,21 €/KG","img":"https://fd3-photos.leclercdrive.fr/image.ashx?id=2704306&use=l&cat=p&typeid=i","cat":284263},{"id":227985,"n":"Sorbet plein fruit Erhard Fruit du dragon - 488g","p":7.64,"u":"15,66 €/KG","img":"https://fd3-photos.leclercdrive.fr/image.ashx?id=2704312&use=l&cat=p&typeid=i","cat":284263},{"id":228005,"n":"Concentré adoucissant Soupline Ultra 3D coco - 2x1.28L","p":10.28,"u":"4,02 €/L","img":"https://fd3-photos.leclercdrive.fr/image.ashx?id=2703873&use=l&cat=p&typeid=i","cat":284650},{"id":228008,"n":"Concentré adoucissant Soupline Ultra 3D lavande - x2 2,7L","p":10.99,"u":"4,07 €/L","img":"https://fd3-photos.leclercdrive.fr/image.ashx?id=2703879&use=l&cat=p&typeid=i","cat":284650},{"id":228053,"n":"Yaourt à la grecque Délisse Sur lit de mangue 4x150g","p":2.39,"u":"3,98 €/KG","img":"https://fd3-photos.leclercdrive.fr/image.ashx?id=2885146&use=l&cat=p&typeid=i","cat":314999},{"id":228078,"n":"Boisson energisante Crazy Tiger Kiss me can - 50cl","p":1.43,"u":"2,86 €/L","img":"https://fd3-photos.leclercdrive.fr/image.ashx?id=2705587&use=l&cat=p&typeid=i","cat":284533},{"id":228102,"n":"Thé glacé Lipton Ice Tea Pêche Sans sucres - bouteille 1.75l","p":2.18,"u":"1,25 €/L","img":"https://fd3-photos.leclercdrive.fr/image.ashx?id=2857060&use=l&cat=p&typeid=i","cat":295019},{"id":228103,"n":"Thé glacé Lipton Ice Tea Pêche Zéro sucres - canettes 6x33cl","p":3.56,"u":"1,80 €/L","img":"https://fd3-photos.leclercdrive.fr/image.ashx?id=2959442&use=l&cat=p&typeid=i","cat":295019},{"id":228111,"n":"Bloc WC Canard Fresh disc - 72ml","p":5.97,"u":"82,92 €/L","img":"https://fd3-photos.leclercdrive.fr/image.ashx?id=2704342&use=l&cat=p&typeid=i","cat":284662},{"id":228126,"n":"Noix de cajou grillées 200g","p":3.87,"u":"19,35 €/KG","img":"https://fd3-photos.leclercdrive.fr/image.ashx?id=2713664&use=l&cat=p&typeid=i","cat":284357},{"id":228176,"n":"Bière sans alcool Tourtel Twist Mojito Fraise - 6x27,5cl","p":4.03,"u":"2,44 €/L","img":"https://fd3-photos.leclercdrive.fr/image.ashx?id=2760823&use=l&cat=p&typeid=i","cat":334877},{"id":228179,"n":"IGP Méditerranée vin rosé Studio by Miraval - 1.5L","p":19.0,"u":"12,67 €/L","img":"https://fd3-photos.leclercdrive.fr/image.ashx?id=2990538&use=l&cat=p&typeid=i","cat":289558},{"id":228192,"n":"Coca-cola sans sucre Sans caféine  - 6x20cl","p":3.58,"u":"2,98 €/L","img":"https://fd3-photos.leclercdrive.fr/image.ashx?id=3009062&use=l&cat=p&typeid=i","cat":284530},{"id":228194,"n":"Thé glacé Oasis Ice Tea Saveur Mangue Passion - 1,5L","p":1.83,"u":"1,22 €/L","img":"https://fd3-photos.leclercdrive.fr/image.ashx?id=2705040&use=l&cat=p&typeid=i","cat":295019},{"id":228196,"n":"Sirop Frucci  Pêche - 1.3L","p":3.99,"u":"3,07 €/L","img":"https://fd3-photos.leclercdrive.fr/image.ashx?id=2898047&use=l&cat=p&typeid=i","cat":295020},{"id":228197,"n":"Sirop Frucci Fraise - 1.3L","p":3.77,"u":"2,90 €/L","img":"https://fd3-photos.leclercdrive.fr/image.ashx?id=2898041&use=l&cat=p&typeid=i","cat":295020},{"id":228198,"n":"Sirop Frucci Grenadine - 1.3L","p":3.28,"u":"2,52 €/L","img":"https://fd3-photos.leclercdrive.fr/image.ashx?id=2909921&use=l&cat=p&typeid=i","cat":295020},{"id":228199,"n":"Sirop Frucci Menthe - 1.3L","p":3.02,"u":"2,32 €/L","img":"https://fd3-photos.leclercdrive.fr/image.ashx?id=2898038&use=l&cat=p&typeid=i","cat":295020},{"id":228205,"n":"Nettoyant ménager AJAX Air frais coquelicots - 1.25L","p":2.28,"u":"1,82 €/L","img":"https://fd3-photos.leclercdrive.fr/image.ashx?id=2944473&use=l&cat=p&typeid=i","cat":284907},{"id":228206,"n":"Pâte à pizza Croustipate prête à dérouler - 300g","p":1.72,"u":"5,73 €/KG","img":"https://fd3-photos.leclercdrive.fr/image.ashx?id=2902058&use=l&cat=p&typeid=i","cat":333681},{"id":228330,"n":"Chicorée Leroux 200g","p":4.28,"u":"21,40 €/KG","img":"https://fd3-photos.leclercdrive.fr/image.ashx?id=2706219&use=l&cat=p&typeid=i","cat":284843},{"id":228395,"n":"Boisson gazeuse Liptonic Thé glacé citron vert - 6x33cl","p":4.13,"u":"2,09 €/L","img":"https://fd3-photos.leclercdrive.fr/image.ashx?id=2706915&use=l&cat=p&typeid=i","cat":295019},{"id":228396,"n":"Thé glacé Lipton Ice Tea Pêche - 6x33cl","p":3.18,"u":"1,61 €/L","img":"https://fd3-photos.leclercdrive.fr/image.ashx?id=2852471&use=l&cat=p&typeid=i","cat":295019},{"id":228406,"n":"Mini bâtonnet glace Trium  Rocher vanille Pecan x4 - 214g","p":2.99,"u":"13,97 €/KG","img":"https://fd3-photos.leclercdrive.fr/image.ashx?id=2911726&use=l&cat=p&typeid=i","cat":284265},{"id":228460,"n":"Capsules lave-vaisselle Sun Tout-en-1 Absolu Plus 390g x26","p":7.9,"u":"20,26 €/KG","img":"https://fd3-photos.leclercdrive.fr/image.ashx?id=2960282&use=l&cat=p&typeid=i","cat":284656},{"id":228461,"n":"Spray Nettoyant Menager Cif  Cleanboost Technology - 750 ml","p":2.33,"u":"3,11 €/L","img":"https://fd3-photos.leclercdrive.fr/image.ashx?id=2866214&use=l&cat=p&typeid=i","cat":325357},{"id":228462,"n":"Spray Nettoyant 5-en-1 Cif Cuisine & Salle de Bain 750ml","p":2.04,"u":"2,72 €/L","img":"https://fd3-photos.leclercdrive.fr/image.ashx?id=2999336&use=l&cat=p&typeid=i","cat":325357},{"id":228463,"n":"Liquide vaisselle mini Paic Citron - 500ml","p":1.53,"u":"3,06 €/L","img":"https://fd3-photos.leclercdrive.fr/image.ashx?id=2708020&use=l&cat=p&typeid=i","cat":284655},{"id":228464,"n":"Recharge Adoucissant Soupline Grand Air - 1L - x45","p":3.3,"u":"3,30 €/L","img":"https://fd3-photos.leclercdrive.fr/image.ashx?id=2860598&use=l&cat=p&typeid=i","cat":284650},{"id":228465,"n":"Nettoyant ménager Ajax Fête des fleurs muguets 1.25L","p":2.77,"u":"2,22 €/L","img":"https://fd3-photos.leclercdrive.fr/image.ashx?id=2926072&use=l&cat=p&typeid=i","cat":284907},{"id":228466,"n":"Liquide vaisselle et mains Paic Citron - 500ml","p":2.08,"u":"4,16 €/L","img":"https://fd3-photos.leclercdrive.fr/image.ashx?id=2708038&use=l&cat=p&typeid=i","cat":284655},{"id":228467,"n":"Spray nettoyant ménager Ajax Salle de bain - 500ml","p":2.68,"u":"5,36 €/L","img":"https://fd3-photos.leclercdrive.fr/image.ashx?id=2708041&use=l&cat=p&typeid=i","cat":325357},{"id":228469,"n":"Perles de linge Soupline Grand Air - 230g","p":6.87,"u":"29,87 €/KG","img":"https://fd3-photos.leclercdrive.fr/image.ashx?id=2708032&use=l&cat=p&typeid=i","cat":325302},{"id":228473,"n":"Déodorant Bulldog Original - 125ml","p":4.98,"u":"39,84 €/L","img":"https://fd3-photos.leclercdrive.fr/image.ashx?id=2708259&use=l&cat=p&typeid=i","cat":284595},{"id":228477,"n":"Brosse à dents Signal Triple Action - Medium - x4","p":1.52,"u":"0,38 €/P","img":"https://fd3-photos.leclercdrive.fr/image.ashx?id=2708310&use=l&cat=p&typeid=i","cat":284614},{"id":228480,"n":"Gel Douche Dove Advanced Care Nutrition Intense 225ml","p":2.99,"u":"13,29 €/L","img":"https://fd3-photos.leclercdrive.fr/image.ashx?id=2968580&use=l&cat=p&typeid=i","cat":284594},{"id":228484,"n":"Gel Douche Dove Hydratant 450ml","p":3.86,"u":"8,58 €/L","img":"https://fd3-photos.leclercdrive.fr/image.ashx?id=2993499&use=l&cat=p&typeid=i","cat":284594},{"id":228490,"n":"Lessive liquide Le Chat  L'Expert bicarbonate x66 -2.97L","p":16.28,"u":"5,48 €/L","img":"https://fd3-photos.leclercdrive.fr/image.ashx?id=2877781&use=l&cat=p&typeid=i","cat":284640},{"id":228499,"n":"Lessive liquide X-tra Total 4 en 1 x63 - 2.835L","p":9.07,"u":"3,20 €/L","img":"https://fd3-photos.leclercdrive.fr/image.ashx?id=2921561&use=l&cat=p&typeid=i","cat":284640},{"id":228501,"n":"Lessive liquide X-tra Total Savon de Marseille x63  -2.835L","p":9.66,"u":"3,41 €/L","img":"https://fd3-photos.leclercdrive.fr/image.ashx?id=2921564&use=l&cat=p&typeid=i","cat":284640},{"id":228503,"n":"Recharge lessive Maison Verte Huiles essentielles x33 -1.485L","p":6.94,"u":"4,67 €/L","img":"https://fd3-photos.leclercdrive.fr/image.ashx?id=2890625&use=l&cat=p&typeid=i","cat":284644},{"id":228506,"n":"Lessive liquide Mir Black Raviveur noir x27 - 1.35L","p":5.73,"u":"4,24 €/L","img":"https://fd3-photos.leclercdrive.fr/image.ashx?id=2881323&use=l&cat=p&typeid=i","cat":284644},{"id":228509,"n":"Lessive liquide Mir Laine Textile délicat x27 - 1.35L","p":5.95,"u":"4,41 €/L","img":"https://fd3-photos.leclercdrive.fr/image.ashx?id=2890118&use=l&cat=p&typeid=i","cat":284644},{"id":228510,"n":"Lessive liquide Super Croix X-tra Bora Bora x42 - 1.89L","p":7.71,"u":"4,08 €/L","img":"https://fd3-photos.leclercdrive.fr/image.ashx?id=2876263&use=l&cat=p&typeid=i","cat":284640},{"id":228511,"n":"Lessive liquide Maison Verte Fraîcheur d'été - 1.485L x33","p":7.63,"u":"5,14 €/L","img":"https://fd3-photos.leclercdrive.fr/image.ashx?id=2890121&use=l&cat=p&typeid=i","cat":284640},{"id":228567,"n":"Tequila Don Julio Blanco 38° - 70cl","p":38.5,"pp":34.65,"u":"49,50 €/L","img":"https://fd3-photos.leclercdrive.fr/image.ashx?id=2785034&use=l&cat=p&typeid=i","cat":284550},{"id":228579,"n":"Café dosettes Tassimo L'Or Lungo Brazil x16","p":5.26,"u":"47,82 €/KG","img":"https://fd3-photos.leclercdrive.fr/image.ashx?id=2766900&use=l&cat=p&typeid=i","cat":293240},{"id":228631,"n":"Soda Coca-Cola Sans Sucres Canette - Pack 6x20CL","p":3.47,"u":"2,89 €/L","img":"https://fd3-photos.leclercdrive.fr/image.ashx?id=2709352&use=l&cat=p&typeid=i","cat":284530},{"id":228680,"n":"Twins sans sucres ajoutés Gullon - 210g","p":1.61,"u":"7,67 €/KG","img":"https://fd3-photos.leclercdrive.fr/image.ashx?id=2709373&use=l&cat=p&typeid=i","cat":318651},{"id":228681,"n":"Cookies sans gluten et sans sucres ajoutés Gullon - 130g","p":1.51,"u":"11,62 €/KG","img":"https://fd3-photos.leclercdrive.fr/image.ashx?id=2709370&use=l&cat=p&typeid=i","cat":325066},{"id":228685,"n":"Bière aromatisée cerise La Bête 8° - 6x25cl","p":8.23,"u":"5,49 €/L","img":"https://fd3-photos.leclercdrive.fr/image.ashx?id=2766731&use=l&cat=p&typeid=i","cat":334872},{"id":228703,"n":"Recharge diffuseur pur clean Glade x1","p":4.38,"img":"https://fd3-photos.leclercdrive.fr/image.ashx?id=2710386&use=l&cat=p&typeid=i","cat":311629},{"id":228704,"n":"Diffuseur électrique vanille Glade x1","p":4.87,"img":"https://fd3-photos.leclercdrive.fr/image.ashx?id=2864176&use=l&cat=p&typeid=i","cat":311629},{"id":228705,"n":"Bloc Canard WC Active garden x1","p":2.74,"img":"https://fd3-photos.leclercdrive.fr/image.ashx?id=2845575&use=l&cat=p&typeid=i","cat":284662},{"id":228707,"n":"Gel Canard WC intense garden 750ml","p":2.91,"u":"3,88 €/L","img":"https://fd3-photos.leclercdrive.fr/image.ashx?id=2845014&use=l&cat=p&typeid=i","cat":284662},{"id":228708,"n":"Gel Canard WC intense tropical 750ml","p":2.98,"u":"3,97 €/L","img":"https://fd3-photos.leclercdrive.fr/image.ashx?id=2844334&use=l&cat=p&typeid=i","cat":284662},{"id":228732,"n":"Boisson lactée Columbus Café latte Caramel - 25cl","p":1.43,"u":"5,72 €/L","img":"https://fd3-photos.leclercdrive.fr/image.ashx?id=2710257&use=l&cat=p&typeid=i","cat":313735},{"id":228734,"n":"Boisson lactée Columbus Vanille Macadamia - 25cl","p":1.43,"u":"5,72 €/L","img":"https://fd3-photos.leclercdrive.fr/image.ashx?id=2710248&use=l&cat=p&typeid=i","cat":313735},{"id":228736,"n":"Boisson lactée Columbus Milkshake Chocolat Pécan - 25cl","p":1.43,"u":"5,72 €/L","img":"https://fd3-photos.leclercdrive.fr/image.ashx?id=2710251&use=l&cat=p&typeid=i","cat":313735},{"id":228738,"n":"Boisson lactée Columbus  Caramel beurre salé - 25cl","p":1.43,"u":"5,72 €/L","img":"https://fd3-photos.leclercdrive.fr/image.ashx?id=2710254&use=l&cat=p&typeid=i","cat":313735},{"id":228776,"n":"Beurre tendre doux Président  60% MG - 200g","p":1.93,"u":"9,65 €/KG","img":"https://fd3-photos.leclercdrive.fr/image.ashx?id=2710529&use=l&cat=p&typeid=i","cat":284379},{"id":228828,"n":"Croquettes pour chaton Whiskas Poulet - 1.9 kg","p":6.28,"u":"3,31 €/L","img":"https://fd3-photos.leclercdrive.fr/image.ashx?id=2871130&use=l&cat=p&typeid=i","cat":284680},{"id":228833,"n":"Chips ondulées Pom'Lisse Tomate basilic - 135g","p":1.47,"u":"10,89 €/KG","img":"https://fd3-photos.leclercdrive.fr/image.ashx?id=2711066&use=l&cat=p&typeid=i","cat":284447},{"id":228836,"n":"Chips ondulées Pom'Lisse Olive noire - 135g","p":1.47,"u":"10,89 €/KG","img":"https://fd3-photos.leclercdrive.fr/image.ashx?id=2709978&use=l&cat=p&typeid=i","cat":284447},{"id":228837,"n":"Haricots rouges Eco+ 250g","p":0.55,"u":"2,20 €/KG","img":"https://fd3-photos.leclercdrive.fr/image.ashx?id=3003750&use=l&cat=p&typeid=i","cat":312606},{"id":228862,"n":"Lait bébé Candia Baby croissance 3ème âge - 18x25cl","p":11.64,"u":"2,59 €/L","img":"https://fd3-photos.leclercdrive.fr/image.ashx?id=2963367&use=l&cat=p&typeid=i","cat":284728},{"id":228905,"n":"Soin capillaire Expess Le  Petit Marseillais Coco -200ml","p":2.74,"u":"13,70 €/L","img":"https://fd3-photos.leclercdrive.fr/image.ashx?id=2711947&use=l&cat=p&typeid=i","cat":284608},{"id":228909,"n":"Crème fixative Polident Soin & tolérence 0% - 77g","p":5.84,"u":"75,84 €/KG","img":"https://fd3-photos.leclercdrive.fr/image.ashx?id=2712046&use=l&cat=p&typeid=i","cat":285158},{"id":228926,"n":"Lait infantile Guigoz Optipro 2ème age -1,3L","p":5.64,"u":"4,34 €/L","img":"https://fd3-photos.leclercdrive.fr/image.ashx?id=2712145&use=l&cat=p&typeid=i","cat":284727},{"id":228929,"n":"Lait infantile Guigoz Optipro - 1er age 1,3L","p":5.96,"u":"0,46 €/L","img":"https://fd3-photos.leclercdrive.fr/image.ashx?id=2813068&use=l&cat=p&typeid=i","cat":284726},{"id":228932,"n":"Lait croissance Guigoz Optipro 3 - 6x500ml","p":9.46,"u":"3,15 €/L","img":"https://fd3-photos.leclercdrive.fr/image.ashx?id=2712139&use=l&cat=p&typeid=i","cat":284728},{"id":228934,"n":"P'tit brassé Pomme  Nestlé Framboise céréale 2X115g","p":1.82,"u":"7,91 €/KG","img":"https://fd3-photos.leclercdrive.fr/image.ashx?id=2712130&use=l&cat=p&typeid=i","cat":312392},{"id":228935,"n":"Dessert P'tit brassé Nestlé Banane mangue céréales 2x115g","p":1.67,"u":"7,26 €/KG","img":"https://fd3-photos.leclercdrive.fr/image.ashx?id=2712127&use=l&cat=p&typeid=i","cat":312392},{"id":228940,"n":"Naturnes Nestlé Jardinière de légumes 2x190g","p":2.07,"u":"5,45 €/KG","img":"https://fd3-photos.leclercdrive.fr/image.ashx?id=2712124&use=l&cat=p&typeid=i","cat":312235},{"id":228942,"n":"Dessert P'tit brassé  Mini pêche - 6x50g","p":1.99,"u":"6,63 €/KG","img":"https://fd3-photos.leclercdrive.fr/image.ashx?id=2955989&use=l&cat=p&typeid=i","cat":312392},{"id":228948,"n":"Biscuits Mulino Bianco Nascondini - 330g","p":4.97,"u":"15,06 €/KG","img":"https://fd3-photos.leclercdrive.fr/image.ashx?id=2850258&use=l&cat=p&typeid=i","cat":289010},{"id":228950,"n":"Biscuits Mulino Bianco Macine - 350g","p":3.07,"u":"8,77 €/KG","img":"https://fd3-photos.leclercdrive.fr/image.ashx?id=2880567&use=l&cat=p&typeid=i","cat":289010},{"id":228952,"n":"Biscuits Mulino Bianco Galetti - 350g","p":3.35,"u":"9,57 €/KG","img":"https://fd3-photos.leclercdrive.fr/image.ashx?id=2850252&use=l&cat=p&typeid=i","cat":289010},{"id":228953,"n":"Boisson Gazeuse Maison Perrier Magnetic Juice Ananas 4x25cl","p":2.96,"u":"2,96 €/L","img":"https://fd3-photos.leclercdrive.fr/image.ashx?id=2924890&use=l&cat=p&typeid=i","cat":284536},{"id":228954,"n":"Boisson Gazeuse Maison Perrier Magnetic Juice Pêche 4x25cl","p":2.93,"u":"2,93 €/L","img":"https://fd3-photos.leclercdrive.fr/image.ashx?id=2924887&use=l&cat=p&typeid=i","cat":284536},{"id":228957,"n":"Dessert P'tit brassé  Mini banane - 300g","p":1.87,"u":"6,23 €/KG","img":"https://fd3-photos.leclercdrive.fr/image.ashx?id=2958203&use=l&cat=p&typeid=i","cat":312392},{"id":228963,"n":"Thé noir en vrac Lipton à l'Orange d'Espagne - 150g","p":6.17,"u":"41,13 €/KG","img":"https://fd3-photos.leclercdrive.fr/image.ashx?id=2746316&use=l&cat=p&typeid=i","cat":293234},{"id":228965,"n":"P'tite céréales Nestlé Saveur biscuit - 270g","p":2.77,"u":"1,03 €/L","img":"https://fd3-photos.leclercdrive.fr/image.ashx?id=2712813&use=l&cat=p&typeid=i","cat":312225},{"id":228969,"n":"Infusion Pukka bio Nuit enchanté x20 - 32g","p":4.87,"u":"152,19 €/KG","img":"https://fd3-photos.leclercdrive.fr/image.ashx?id=2938824&use=l&cat=p&typeid=i","cat":293234},{"id":228970,"n":"Chips Tortilla Doritos Chili - 250g","p":2.96,"u":"11,84 €/KG","img":"https://fd3-photos.leclercdrive.fr/image.ashx?id=2959439&use=l&cat=p&typeid=i","cat":287899},{"id":228972,"n":"Chips Tortilla Doritos Cheese - 250g","p":2.91,"u":"11,64 €/KG","img":"https://fd3-photos.leclercdrive.fr/image.ashx?id=2901788&use=l&cat=p&typeid=i","cat":287899},{"id":228974,"n":"Chips Tortilla Doritos Nature corn - 250g","p":3.3,"u":"13,20 €/KG","img":"https://fd3-photos.leclercdrive.fr/image.ashx?id=2986224&use=l&cat=p&typeid=i","cat":287899},{"id":228975,"n":"Plat cuisiné Paysan Breton Porc champignons - 300g","p":3.28,"u":"10,93 €/KG","img":"https://fd3-photos.leclercdrive.fr/image.ashx?id=2712582&use=l&cat=p&typeid=i","cat":284953},{"id":228976,"n":"Infusion Saveurs du soir Lipton Grand sud - 32g","p":1.19,"u":"37,19 €/KG","img":"https://fd3-photos.leclercdrive.fr/image.ashx?id=2718741&use=l&cat=p&typeid=i","cat":293234},{"id":228986,"n":"Thé noir au citron d'Espagne Lipton Russian earl grey - 150g","p":6.17,"u":"41,13 €/KG","img":"https://fd3-photos.leclercdrive.fr/image.ashx?id=2745100&use=l&cat=p&typeid=i","cat":293233},{"id":228988,"n":"Infusion Maroc Lipton Menthe & epices x20 - 40g","p":1.73,"u":"43,25 €/KG","img":"https://fd3-photos.leclercdrive.fr/image.ashx?id=2718744&use=l&cat=p&typeid=i","cat":293234},{"id":228992,"n":"Thé vert Lipton Bio  x20 - 28g","p":2.77,"u":"98,93 €/KG","img":"https://fd3-photos.leclercdrive.fr/image.ashx?id=2739405&use=l&cat=p&typeid=i","cat":293233},{"id":228998,"n":"Infusion verveine Elephant  Menthe poivrée x20 - 34g","p":2.35,"u":"69,12 €/KG","img":"https://fd3-photos.leclercdrive.fr/image.ashx?id=2719633&use=l&cat=p&typeid=i","cat":293234},{"id":229000,"n":"Barres Chocolatées DUPLO  Chocolat au Lait x10 - 182g","p":3.49,"u":"19,18 €/KG","img":"https://fd3-photos.leclercdrive.fr/image.ashx?id=2712759&use=l&cat=p&typeid=i","cat":284498},{"id":229001,"n":"Biscuits mini fourrés BN  Framboise - x5 - 175g","p":1.53,"u":"8,74 €/KG","img":"https://fd3-photos.leclercdrive.fr/image.ashx?id=2748230&use=l&cat=p&typeid=i","cat":284489},{"id":229002,"n":"Chips Tuiles Pringles HOT Flamin' Cheese - 160g","p":2.0,"u":"12,50 €/KG","img":"https://fd3-photos.leclercdrive.fr/image.ashx?id=2927609&use=l&cat=p&typeid=i","cat":287899},{"id":229003,"n":"Chips Lay's Barbecue x6 - 168g","p":2.17,"u":"12,92 €/KG","img":"https://fd3-photos.leclercdrive.fr/image.ashx?id=3011146&use=l&cat=p&typeid=i","cat":284447},{"id":229011,"n":"Mini tortillas Old El Paso Street Vibes x8 - 220g","p":1.66,"u":"7,55 €/KG","img":"https://fd3-photos.leclercdrive.fr/image.ashx?id=2858288&use=l&cat=p&typeid=i","cat":288993},{"id":229014,"n":"Sauce tikka Masala  The Spice Tailor - 300g","p":3.22,"u":"10,73 €/KG","img":"https://fd3-photos.leclercdrive.fr/image.ashx?id=2722099&use=l&cat=p&typeid=i","cat":289012},{"id":229015,"n":"Sauce soja Suzi Wan 135ml","p":1.9,"u":"14,07 €/L","img":"https://fd3-photos.leclercdrive.fr/image.ashx?id=2906664&use=l&cat=p&typeid=i","cat":288992},{"id":229029,"n":"Tomates entières Alro 400g","p":1.08,"u":"4,50 €/KG","img":"https://fd3-photos.leclercdrive.fr/image.ashx?id=2994545&use=l&cat=p&typeid=i","cat":289010},{"id":229031,"n":"Biscuit apéritif Ancel Bretzels - 260g","p":2.66,"u":"10,23 €/KG","img":"https://fd3-photos.leclercdrive.fr/image.ashx?id=2749137&use=l&cat=p&typeid=i","cat":297000},{"id":229037,"n":"Sauce thai green curry  Sharwood's Cooking - 415g","p":2.57,"u":"6,19 €/KG","img":"https://fd3-photos.leclercdrive.fr/image.ashx?id=2792897&use=l&cat=p&typeid=i","cat":288992},{"id":229044,"n":"Mini naans Sharwood's  X4 - 260g","p":2.77,"u":"10,65 €/KG","img":"https://fd3-photos.leclercdrive.fr/image.ashx?id=2850165&use=l&cat=p&typeid=i","cat":289012},{"id":229056,"n":"Nouilles instantanées Tanoshi Blé curry - sachet 85g","p":0.68,"u":"8,00 €/KG","img":"https://fd3-photos.leclercdrive.fr/image.ashx?id=2912053&use=l&cat=p&typeid=i","cat":288992},{"id":229061,"n":"Sauce soja salée Tanoshi 200ml","p":2.96,"u":"14,80 €/L","img":"https://fd3-photos.leclercdrive.fr/image.ashx?id=2921603&use=l&cat=p&typeid=i","cat":288992},{"id":229063,"n":"Pepites 3 chocolats  Sainte Lucie - 100g","p":3.54,"u":"35,40 €/KG","img":"https://fd3-photos.leclercdrive.fr/image.ashx?id=2774349&use=l&cat=p&typeid=i","cat":284504},{"id":229065,"n":"Sauce soja  Kikkoman 1L","p":13.33,"u":"13,33 €/L","img":"https://fd3-photos.leclercdrive.fr/image.ashx?id=2849373&use=l&cat=p&typeid=i","cat":288992},{"id":229072,"n":"Biscuits chocolats Kinder Duo Chocolat blanc et lait - 2x150g","p":4.31,"u":"14,37 €/KG","img":"https://fd3-photos.leclercdrive.fr/image.ashx?id=2718188&use=l&cat=p&typeid=i","cat":284488},{"id":229102,"n":"Capsule Nescafé Farmers Origins  Africas Int 10 - x18","p":4.32,"u":"54,68 €/KG","img":"https://fd3-photos.leclercdrive.fr/image.ashx?id=2714588&use=l&cat=p&typeid=i","cat":284749},{"id":229109,"n":"Capsule Nescafé Farmers Origins Intensité 7 - x10 - 44g","p":2.82,"u":"64,09 €/KG","img":"https://fd3-photos.leclercdrive.fr/image.ashx?id=2714585&use=l&cat=p&typeid=i","cat":284749},{"id":229127,"n":"Ampoules led Flamme E14 40w - x3","p":3.99,"u":"Dont 1,44 € d'éco-part.","img":"https://fd3-photos.leclercdrive.fr/image.ashx?id=2713503&use=l&cat=p&typeid=i","cat":300573},{"id":229128,"n":"Nouilles Tanoshi Curry épicé cup de 65g","p":1.46,"u":"22,46 €/KG","img":"https://fd3-photos.leclercdrive.fr/image.ashx?id=2939442&use=l&cat=p&typeid=i","cat":288992},{"id":229136,"n":"Cornichons Aigres-Doux  Extra fins Hartherz - 190g","p":2.47,"u":"13,00 €/KG","img":"https://fd3-photos.leclercdrive.fr/image.ashx?id=2713922&use=l&cat=p&typeid=i","cat":284458},{"id":229137,"n":"Nouilles Tanoshi Poulet shitake cup de 65g","p":1.48,"u":"22,77 €/KG","img":"https://fd3-photos.leclercdrive.fr/image.ashx?id=2906208&use=l&cat=p&typeid=i","cat":288992},{"id":229156,"n":"Vin efferverscent Perlino Prosecco brut - 75cl","p":7.38,"u":"9,84 €/L","img":"https://fd3-photos.leclercdrive.fr/image.ashx?id=2873333&use=l&cat=p&typeid=i","cat":289461},{"id":229159,"n":"Jus Tropicana Juicy  Pomme Cassis Framboise - 1,5L","p":2.03,"u":"1,35 €/L","img":"https://fd3-photos.leclercdrive.fr/image.ashx?id=3010801&use=l&cat=p&typeid=i","cat":284915},{"id":229167,"n":"Eau de source Cristaline  Petillante - 6x33cl","p":2.27,"u":"1,15 €/L","img":"https://fd3-photos.leclercdrive.fr/image.ashx?id=2714018&use=l&cat=p&typeid=i","cat":284536},{"id":229187,"n":"Moules beurre ail persil Royal 500g","p":5.63,"u":"11,26 €/KG","img":"https://fd3-photos.leclercdrive.fr/image.ashx?id=2773862&use=l&cat=p&typeid=i","cat":285094},{"id":229243,"n":"Soin capillaire express Le  Petit Marseillais Karité -200ml","p":2.8,"u":"14,00 €/L","img":"https://fd3-photos.leclercdrive.fr/image.ashx?id=2735248&use=l&cat=p&typeid=i","cat":284608},{"id":229288,"n":"Glace Carte d'Or Café - 374g","p":2.82,"pp":1.97,"u":"5,27 €/KG","img":"https://fd3-photos.leclercdrive.fr/image.ashx?id=2973348&use=l&cat=p&typeid=i","cat":284263},{"id":229289,"n":"Glace Carte d'Or Chocolat Noir - 374g","p":2.69,"pp":1.88,"u":"5,03 €/KG","img":"https://fd3-photos.leclercdrive.fr/image.ashx?id=2849370&use=l&cat=p&typeid=i","cat":284263},{"id":229291,"n":"Glace Carte d'Or Rhum raisin - 394g","p":2.92,"pp":2.04,"u":"5,18 €/KG","img":"https://fd3-photos.leclercdrive.fr/image.ashx?id=3009305&use=l&cat=p&typeid=i","cat":284263},{"id":229292,"n":"Glace Carte d'Or Caramel fleur de sel - 373g","p":2.75,"pp":1.92,"u":"5,15 €/KG","img":"https://fd3-photos.leclercdrive.fr/image.ashx?id=3009302&use=l&cat=p&typeid=i","cat":284263},{"id":229293,"n":"Crème Glacée Carte D'Or crème  de Vanille de Madagascar 700ml","p":3.27,"pp":2.29,"u":"6,24 €/KG","img":"https://fd3-photos.leclercdrive.fr/image.ashx?id=2793062&use=l&cat=p&typeid=i","cat":284263},{"id":229295,"n":"Glace Carte d'Or Citron de Sicile - 453g","p":3.19,"pp":2.23,"u":"4,92 €/KG","img":"https://fd3-photos.leclercdrive.fr/image.ashx?id=2769251&use=l&cat=p&typeid=i","cat":284263},{"id":229365,"n":"Spray Glade Relaxing Zen - 269ml","p":8.89,"u":"33,05 €/L","img":"https://fd3-photos.leclercdrive.fr/image.ashx?id=2716615&use=l&cat=p&typeid=i","cat":311629},{"id":229368,"n":"Recharge spray Glade  Relaxing Zen - 269ml","p":3.8,"u":"14,13 €/L","img":"https://fd3-photos.leclercdrive.fr/image.ashx?id=2716612&use=l&cat=p&typeid=i","cat":311629},{"id":229371,"n":"Sense & Spray \"Glade\" Romantic Vanilla Blossom - 18ml","p":6.93,"pp":4.16,"u":"231,11 €/L","img":"https://fd3-photos.leclercdrive.fr/image.ashx?id=2716609&use=l&cat=p&typeid=i","cat":311629},{"id":229388,"n":"Bière blanche Pietra 5.5% vol. - 33cl","p":2.34,"u":"7,09 €/L","img":"https://fd3-photos.leclercdrive.fr/image.ashx?id=2716453&use=l&cat=p&typeid=i","cat":334878},{"id":229389,"n":"Bière blanche Pietra Fruits rouges 6.5% vol. - 33cl","p":2.43,"u":"7,36 €/L","img":"https://fd3-photos.leclercdrive.fr/image.ashx?id=2716450&use=l&cat=p&typeid=i","cat":334878},{"id":229394,"n":"Crème glacée La Laitière Café - 490g","p":3.24,"pp":2.27,"u":"4,63 €/KG","img":"https://fd3-photos.leclercdrive.fr/image.ashx?id=3000021&use=l&cat=p&typeid=i","cat":284263},{"id":229395,"n":"Crème glacée La Laitière Menthe Chocolat - 490g","p":3.24,"pp":2.27,"u":"4,63 €/KG","img":"https://fd3-photos.leclercdrive.fr/image.ashx?id=2877889&use=l&cat=p&typeid=i","cat":284263},{"id":229396,"n":"Sorbet La Laitière Citron - 558g","p":3.24,"pp":2.27,"u":"4,07 €/KG","img":"https://fd3-photos.leclercdrive.fr/image.ashx?id=2877895&use=l&cat=p&typeid=i","cat":284263},{"id":229421,"n":"Biscuits BN Flipz  Chocolat au lait - 90g","p":1.88,"u":"20,89 €/KG","img":"https://fd3-photos.leclercdrive.fr/image.ashx?id=2716084&use=l&cat=p&typeid=i","cat":284488},{"id":229423,"n":"Petit déjeuner Gullon Cacao Avoine et orange - 247g","p":2.61,"u":"10,57 €/KG","img":"https://fd3-photos.leclercdrive.fr/image.ashx?id=2718254&use=l&cat=p&typeid=i","cat":285281},{"id":229424,"n":"Crackers Gullon 3x100g","p":1.67,"u":"5,57 €/KG","img":"https://fd3-photos.leclercdrive.fr/image.ashx?id=2716795&use=l&cat=p&typeid=i","cat":297000},{"id":229487,"n":"Margarine ProActiv Expert Tartine et gourmet -Doux - 450g","p":5.11,"u":"11,36 €/KG","img":"https://fd3-photos.leclercdrive.fr/image.ashx?id=2972601&use=l&cat=p&typeid=i","cat":315229},{"id":229498,"n":"Chips Lay's Moutarde pickles - 135g","p":1.41,"u":"10,44 €/KG","img":"https://fd3-photos.leclercdrive.fr/image.ashx?id=3011152&use=l&cat=p&typeid=i","cat":284447},{"id":229517,"n":"Soda au cola Pepsi Zéro sucres Le lot de 6x33cl canettes","p":2.65,"u":"1,34 €/L","img":"https://fd3-photos.leclercdrive.fr/image.ashx?id=2773391&use=l&cat=p&typeid=i","cat":284530},{"id":229518,"n":"Crevettes Ail Persil  \"Miti\" - 100g","p":3.89,"u":"38,90 €/KG","img":"https://fd3-photos.leclercdrive.fr/image.ashx?id=2718033&use=l&cat=p&typeid=i","cat":284343},{"id":229524,"n":"Thé glacé pétillant Lipton Ice Tea pêche - canettes 6x33cl","p":3.66,"u":"1,85 €/L","img":"https://fd3-photos.leclercdrive.fr/image.ashx?id=2900833&use=l&cat=p&typeid=i","cat":295019},{"id":229534,"n":"Lait demi écrémé Lactel Bol de Vie - 10x1L","p":12.38,"u":"1,24 €/L","img":"https://fd3-photos.leclercdrive.fr/image.ashx?id=2717910&use=l&cat=p&typeid=i","cat":284377},{"id":229588,"n":"Friandises grand chien Pedigree Dentastix x28  30%offert 1.08kg","p":5.5,"u":"5,09 €/KG","img":"https://fd3-photos.leclercdrive.fr/image.ashx?id=2937790&use=l&cat=p&typeid=i","cat":294527},{"id":229593,"n":"Tablettes lave-vaisselle Visior Tout en 1 citron x45 - 765g","p":5.79,"u":"7,57 €/KG","img":"https://fd3-photos.leclercdrive.fr/image.ashx?id=2954905&use=l&cat=p&typeid=i","cat":284656},{"id":229594,"n":"Pizza Dr Oetker Ristorante Jambon Champignon - 580g","p":4.57,"u":"7,88 €/KG","img":"https://fd3-photos.leclercdrive.fr/image.ashx?id=2993080&use=l&cat=p&typeid=i","cat":284256},{"id":229595,"n":"Capsules Nescafé Dolce Gusto  Espresso Barista - x16","p":5.0,"u":"48,08 €/KG","img":"https://fd3-photos.leclercdrive.fr/image.ashx?id=2773865&use=l&cat=p&typeid=i","cat":293239},{"id":229596,"n":"Capsules Starbucks by Nespresso  Vanille Int 5 - x10","p":4.06,"u":"79,61 €/KG","img":"https://fd3-photos.leclercdrive.fr/image.ashx?id=2718263&use=l&cat=p&typeid=i","cat":284749},{"id":229599,"n":"Capsules Starbucks by Nespresso  Caramel Int 5 - x10","p":4.06,"u":"79,61 €/KG","img":"https://fd3-photos.leclercdrive.fr/image.ashx?id=2718260&use=l&cat=p&typeid=i","cat":284749},{"id":229601,"n":"Miel d'acacia de Bourgogne Nos Région ont du Talent 375g","p":6.99,"u":"18,64 €/KG","img":"https://fd3-photos.leclercdrive.fr/image.ashx?id=2771441&use=l&cat=p&typeid=i","cat":287643},{"id":229609,"n":"Boisson fraise banane Jafun 1L","p":1.2,"u":"1,20 €/L","img":"https://fd3-photos.leclercdrive.fr/image.ashx?id=2956792&use=l&cat=p&typeid=i","cat":295018},{"id":229611,"n":"AOP vin rosé ventoux  Rives et Terrasses 3L","p":9.99,"u":"3,33 €/L","img":"https://fd3-photos.leclercdrive.fr/image.ashx?id=2884276&use=l&cat=p&typeid=i","cat":289558},{"id":229612,"n":"Prosecco  Eco+ 75cl","p":3.99,"u":"5,32 €/L","img":"https://fd3-photos.leclercdrive.fr/image.ashx?id=2931760&use=l&cat=p&typeid=i","cat":289461},{"id":229614,"n":"Jus tropical Tropicana 1.5L","p":2.13,"u":"1,42 €/L","img":"https://fd3-photos.leclercdrive.fr/image.ashx?id=3010798&use=l&cat=p&typeid=i","cat":284916},{"id":229717,"n":"Tapas  Hénaff Moules chorizo 110g","p":2.23,"u":"20,27 €/KG","img":"https://fd3-photos.leclercdrive.fr/image.ashx?id=2719426&use=l&cat=p&typeid=i","cat":284451},{"id":229718,"n":"Tapas  Hénaff Moules poivrons 110g","p":2.2,"u":"20,00 €/KG","img":"https://fd3-photos.leclercdrive.fr/image.ashx?id=2719429&use=l&cat=p&typeid=i","cat":284451},{"id":229720,"n":"Tapas  Hénaff Champignon tomate 110g","p":2.31,"u":"21,00 €/KG","img":"https://fd3-photos.leclercdrive.fr/image.ashx?id=2719432&use=l&cat=p&typeid=i","cat":284451},{"id":229743,"n":"Pain burger Pasquier Le classique x4 - 235g","p":1.87,"u":"7,96 €/KG","img":"https://fd3-photos.leclercdrive.fr/image.ashx?id=2862266&use=l&cat=p&typeid=i","cat":325067},{"id":229744,"n":"Chips Lay's - saveur Poulet 275g","p":2.63,"u":"9,56 €/KG","img":"https://fd3-photos.leclercdrive.fr/image.ashx?id=2995082&use=l&cat=p&typeid=i","cat":284447},{"id":229765,"n":"Café capsules L'OR Espresso Forza - x50 - 260g","p":12.14,"u":"46,69 €/KG","img":"https://fd3-photos.leclercdrive.fr/image.ashx?id=2719864&use=l&cat=p&typeid=i","cat":284749},{"id":229769,"n":"Café capsules L'OR Espresso Ristretto - x50 - 260g","p":10.07,"u":"38,73 €/KG","img":"https://fd3-photos.leclercdrive.fr/image.ashx?id=2719867&use=l&cat=p&typeid=i","cat":284749},{"id":229770,"n":"Café capsules L'OR Espresso Splendente - x50 - 260g","p":10.07,"u":"38,73 €/KG","img":"https://fd3-photos.leclercdrive.fr/image.ashx?id=2719870&use=l&cat=p&typeid=i","cat":284749},{"id":229811,"n":"Crème fixative Polident Original 0% -44g -","p":3.62,"u":"82,27 €/KG","img":"https://fd3-photos.leclercdrive.fr/image.ashx?id=2719615&use=l&cat=p&typeid=i","cat":285158},{"id":229814,"n":"Crème fixative Polident Original 0% - 77g","p":5.57,"u":"72,34 €/KG","img":"https://fd3-photos.leclercdrive.fr/image.ashx?id=2719618&use=l&cat=p&typeid=i","cat":285158},{"id":229846,"n":"Serviettes fuites urinaires  Always Discreet - 3x10p","p":9.31,"u":"0,31 €/P","img":"https://fd3-photos.leclercdrive.fr/image.ashx?id=2721433&use=l&cat=p&typeid=i","cat":284628},{"id":229847,"n":"Serviettes fuites urinaires Always Discreet - x18p","p":10.44,"u":"0,58 €/P","img":"https://fd3-photos.leclercdrive.fr/image.ashx?id=2721436&use=l&cat=p&typeid=i","cat":284628},{"id":229848,"n":"Serviettes fuites urinaires Always Discreet - x24","p":10.44,"u":"0,44 €/P","img":"https://fd3-photos.leclercdrive.fr/image.ashx?id=2721439&use=l&cat=p&typeid=i","cat":284628},{"id":229850,"n":"Serviettes fuites urinaires Always Distreet - x36","p":10.3,"u":"0,29 €/P","img":"https://fd3-photos.leclercdrive.fr/image.ashx?id=2902430&use=l&cat=p&typeid=i","cat":284628},{"id":229851,"n":"Serviettes fuites urinaires  Always Discreet - x32","p":12.56,"u":"0,39 €/P","img":"https://fd3-photos.leclercdrive.fr/image.ashx?id=2721448&use=l&cat=p&typeid=i","cat":284628},{"id":229852,"n":"Serviettes fuites urinaires  Always Distreet - x24","p":11.18,"u":"0,47 €/P","img":"https://fd3-photos.leclercdrive.fr/image.ashx?id=2721451&use=l&cat=p&typeid=i","cat":284628},{"id":229853,"n":"Serviettes fuites urinaires Always Distreet - x24","p":11.18,"u":"0,47 €/P","img":"https://fd3-photos.leclercdrive.fr/image.ashx?id=2818157&use=l&cat=p&typeid=i","cat":284628},{"id":229864,"n":"Chair et Pattes de Crabe  Côté Mer - 105g","p":3.99,"u":"38,00 €/KG","img":"https://fd3-photos.leclercdrive.fr/image.ashx?id=2719279&use=l&cat=p&typeid=i","cat":305147},{"id":229879,"n":"Apéritif Campari 25% vol - 70cl","p":16.37,"u":"23,39 €/L","img":"https://fd3-photos.leclercdrive.fr/image.ashx?id=3009155&use=l&cat=p&typeid=i","cat":286032},{"id":229897,"n":"Pain de mie nature Harrys Sandwich Sans sucre ajouté 825g","p":2.17,"u":"2,63 €/KG","img":"https://fd3-photos.leclercdrive.fr/image.ashx?id=2962449&use=l&cat=p&typeid=i","cat":284477},{"id":229898,"n":"Pain de mie nature Harrys Sandwich Tranches épaisses 550g","p":2.07,"u":"3,76 €/KG","img":"https://fd3-photos.leclercdrive.fr/image.ashx?id=2962455&use=l&cat=p&typeid=i","cat":284477},{"id":229920,"n":"Pain de mie rustique Harrys Sandwich Sans sucre ajouté 500g","p":2.37,"u":"4,74 €/KG","img":"https://fd3-photos.leclercdrive.fr/image.ashx?id=2962458&use=l&cat=p&typeid=i","cat":284477},{"id":229982,"n":"Coulommiers Eco+ 320g","p":1.78,"u":"5,56 €/KG","img":"https://fd3-photos.leclercdrive.fr/image.ashx?id=2726824&use=l&cat=p&typeid=i","cat":314033},{"id":229984,"n":"Poudre énergétique Isostar Pamplemousse  400g","p":7.53,"u":"18,83 €/KG","img":"https://fd3-photos.leclercdrive.fr/image.ashx?id=2719651&use=l&cat=p&typeid=i","cat":313217},{"id":229988,"n":"Lamelles kebab Maître Coq 600g","p":6.2,"u":"10,33 €/KG","img":"https://fd3-photos.leclercdrive.fr/image.ashx?id=2719075&use=l&cat=p&typeid=i","cat":null},{"id":230137,"n":"Tablette de chocolat Pure Via Eclats d'amandes - 100g","p":2.6,"u":"26,00 €/KG","img":"https://fd3-photos.leclercdrive.fr/image.ashx?id=2789949&use=l&cat=p&typeid=i","cat":284497},{"id":230145,"n":"Tablette Chocolat Pur Via  Caramel pointe de sel - 100g","p":2.6,"u":"26,00 €/KG","img":"https://fd3-photos.leclercdrive.fr/image.ashx?id=2789946&use=l&cat=p&typeid=i","cat":284497},{"id":230146,"n":"Tablette chocolat Pure Via  100g","p":2.08,"u":"20,80 €/KG","img":"https://fd3-photos.leclercdrive.fr/image.ashx?id=2789934&use=l&cat=p&typeid=i","cat":284956},{"id":230147,"n":"Tablette chocolat Pure Via Eclats de noisettes - 100g","p":2.52,"u":"25,20 €/KG","img":"https://fd3-photos.leclercdrive.fr/image.ashx?id=2789937&use=l&cat=p&typeid=i","cat":284497},{"id":230148,"n":"Tablette de chocolat Pure Via Noir pointe de sel - 100g","p":2.21,"u":"22,10 €/KG","img":"https://fd3-photos.leclercdrive.fr/image.ashx?id=2789940&use=l&cat=p&typeid=i","cat":284956},{"id":230151,"n":"Tablette de chocolat Lindt Création blanc rocher - 145g","p":4.0,"u":"27,59 €/KG","img":"https://fd3-photos.leclercdrive.fr/image.ashx?id=2720446&use=l&cat=p&typeid=i","cat":284957},{"id":230155,"n":"Tablette chocolat Poulain Noir extra - 400g","p":4.41,"u":"11,03 €/KG","img":"https://fd3-photos.leclercdrive.fr/image.ashx?id=2964502&use=l&cat=p&typeid=i","cat":284956},{"id":230160,"n":"Chocolat gianduja Novi Noisettes - 130g","p":3.28,"u":"25,23 €/KG","img":"https://fd3-photos.leclercdrive.fr/image.ashx?id=2778602&use=l&cat=p&typeid=i","cat":284497},{"id":230161,"n":"Tablette de chocolat Lindt Excellence noir dentelle - 100g","p":2.73,"u":"27,30 €/KG","img":"https://fd3-photos.leclercdrive.fr/image.ashx?id=2720440&use=l&cat=p&typeid=i","cat":284497},{"id":230162,"n":"Tablette de chocolat Lindt Excellence noir gaufrette  100g","p":2.77,"u":"27,70 €/KG","img":"https://fd3-photos.leclercdrive.fr/image.ashx?id=2720437&use=l&cat=p&typeid=i","cat":284956},{"id":230167,"n":"Lessive liquide X-tra Total  Ecopack  x41 - 1.845L","p":6.63,"u":"3,59 €/L","img":"https://fd3-photos.leclercdrive.fr/image.ashx?id=2890124&use=l&cat=p&typeid=i","cat":284640},{"id":230171,"n":"Bière Picon 1L","p":10.3,"u":"10,30 €/L","img":"https://fd3-photos.leclercdrive.fr/image.ashx?id=2720908&use=l&cat=p&typeid=i","cat":334872},{"id":230172,"n":"Boisson protéinée Lindahls pro+ Chocolat - 50cl","p":2.22,"u":"4,44 €/L","img":"https://fd3-photos.leclercdrive.fr/image.ashx?id=2721859&use=l&cat=p&typeid=i","cat":295246},{"id":230174,"n":"Bière blonde Fischer Tradition 6% - 66cl","p":1.83,"u":"2,77 €/L","img":"https://fd3-photos.leclercdrive.fr/image.ashx?id=3008128&use=l&cat=p&typeid=i","cat":334873},{"id":230176,"n":"Le Comté Président affiné 6 mois 200g","p":3.64,"u":"18,20 €/KG","img":"https://fd3-photos.leclercdrive.fr/image.ashx?id=2721730&use=l&cat=p&typeid=i","cat":314034},{"id":230193,"n":"Nettoyant ménager La Croix Gel utra dégraissant - 1L","p":2.09,"u":"2,09 €/L","img":"https://fd3-photos.leclercdrive.fr/image.ashx?id=2721534&use=l&cat=p&typeid=i","cat":325357},{"id":230198,"n":"Gel nettoyant WC La Croix Ultra WC - 750ml","p":1.23,"u":"1,64 €/L","img":"https://fd3-photos.leclercdrive.fr/image.ashx?id=2721531&use=l&cat=p&typeid=i","cat":284662},{"id":230314,"n":"Stick de saucissons secs olive Saint Azay - 100g","p":2.29,"u":"22,90 €/KG","img":"https://fd3-photos.leclercdrive.fr/image.ashx?id=2721401&use=l&cat=p&typeid=i","cat":316006},{"id":230318,"n":"Talc boîte poudreuse Felce Azzurra - 200g","p":2.71,"u":"13,55 €/KG","img":"https://fd3-photos.leclercdrive.fr/image.ashx?id=2938935&use=l&cat=p&typeid=i","cat":284741},{"id":230323,"n":"Fromage Fol Epi  Extra fondant x6 - 130g","p":2.45,"u":"18,85 €/KG","img":"https://fd3-photos.leclercdrive.fr/image.ashx?id=2765934&use=l&cat=p&typeid=i","cat":314028},{"id":230371,"n":"Crème glacée L'Angelys Vanille cookies - 300g","p":4.02,"u":"13,40 €/KG","img":"https://fd3-photos.leclercdrive.fr/image.ashx?id=2963760&use=l&cat=p&typeid=i","cat":284725},{"id":230596,"n":"Colin à la Bordelaise Findus  MSC - 380g","p":4.33,"u":"11,39 €/KG","img":"https://fd3-photos.leclercdrive.fr/image.ashx?id=2899503&use=l&cat=p&typeid=i","cat":319786},{"id":230634,"n":"Dattes Deglet Nour Eco+ Barquette 500g","p":1.94,"u":"3,88 €/KG","img":"https://fd3-photos.leclercdrive.fr/image.ashx?id=2747196&use=l&cat=p&typeid=i","cat":284357},{"id":230637,"n":"Abricots secs Eco+ 500g","p":4.99,"u":"9,98 €/KG","img":"https://fd3-photos.leclercdrive.fr/image.ashx?id=2754871&use=l&cat=p&typeid=i","cat":284357},{"id":230647,"n":"Dessert végétal Andros Chocolat - 4x100g","p":2.22,"u":"5,55 €/KG","img":"https://fd3-photos.leclercdrive.fr/image.ashx?id=2872003&use=l&cat=p&typeid=i","cat":316071},{"id":230691,"n":"Carottes rapées Bonduelle À la moutarde à l'ancienne 300g","p":1.57,"u":"5,23 €/KG","img":"https://fd3-photos.leclercdrive.fr/image.ashx?id=2894179&use=l&cat=p&typeid=i","cat":333657},{"id":230709,"n":"Mini tartinade Daunat Thon - 130g","p":1.96,"u":"15,08 €/KG","img":"https://fd3-photos.leclercdrive.fr/image.ashx?id=2723794&use=l&cat=p&typeid=i","cat":333658},{"id":230738,"n":"Compotes Charles & Alice Pommes mûres - 4x97g","p":1.93,"u":"4,97 €/KG","img":"https://fd3-photos.leclercdrive.fr/image.ashx?id=2757704&use=l&cat=p&typeid=i","cat":284416},{"id":230740,"n":"Serviettes incontinence Eco+ Extra - x10","p":1.68,"img":"https://fd3-photos.leclercdrive.fr/image.ashx?id=2722979&use=l&cat=p&typeid=i","cat":284628},{"id":230754,"n":"Huile solaire Lovea Solaire - SPF30 - 150ml","p":13.07,"u":"87,13 €/L","img":"https://fd3-photos.leclercdrive.fr/image.ashx?id=2723827&use=l&cat=p&typeid=i","cat":325349},{"id":230757,"n":"Crème fixante Polident Soin & tolérance 0% - 44g","p":4.1,"u":"93,18 €/KG","img":"https://fd3-photos.leclercdrive.fr/image.ashx?id=2723893&use=l&cat=p&typeid=i","cat":285158},{"id":230758,"n":"Dentifrice Oral-B 3D White Arctic Fresh - 75ml","p":3.59,"u":"47,87 €/L","img":"https://fd3-photos.leclercdrive.fr/image.ashx?id=2902385&use=l&cat=p&typeid=i","cat":284612},{"id":230759,"n":"Crème adhésive Fixodent Plus Anti-particules - 40g","p":4.27,"u":"106,75 €/KG","img":"https://fd3-photos.leclercdrive.fr/image.ashx?id=2723947&use=l&cat=p&typeid=i","cat":285158},{"id":230766,"n":"Dentifrice Oral-B Calm Blancheur - 75ml","p":3.94,"u":"52,53 €/L","img":"https://fd3-photos.leclercdrive.fr/image.ashx?id=2723974&use=l&cat=p&typeid=i","cat":284612},{"id":230777,"n":"Déodorant bille Homme Rexona Invisible Ice - 50ml","p":2.64,"u":"52,80 €/L","img":"https://fd3-photos.leclercdrive.fr/image.ashx?id=2849665&use=l&cat=p&typeid=i","cat":284618},{"id":230778,"n":"Purée façon écrasé Dahl Yooji Bio - Dès 8 mois - 400g","p":3.52,"u":"8,80 €/KG","img":"https://fd3-photos.leclercdrive.fr/image.ashx?id=2723869&use=l&cat=p&typeid=i","cat":290631},{"id":230781,"n":"Chips Street food Vico Saveur poulet Tex Mex - 120g","p":1.24,"u":"10,33 €/KG","img":"https://fd3-photos.leclercdrive.fr/image.ashx?id=3000099&use=l&cat=p&typeid=i","cat":284447},{"id":230938,"n":"Knaggies végétal Better Balance 200g","p":2.67,"u":"13,35 €/KG","img":"https://fd3-photos.leclercdrive.fr/image.ashx?id=2964117&use=l&cat=p&typeid=i","cat":316036},{"id":230980,"n":"Chocolat lait Lindt Noisettes  Lucky Monkey - 100g","p":2.74,"u":"27,40 €/KG","img":"https://fd3-photos.leclercdrive.fr/image.ashx?id=2725075&use=l&cat=p&typeid=i","cat":284497},{"id":231055,"n":"Olives vertes dénoyautées  Herbes Croc Frais 180g","p":2.57,"u":"14,28 €/KG","img":"https://fd3-photos.leclercdrive.fr/image.ashx?id=2725690&use=l&cat=p&typeid=i","cat":316002},{"id":231063,"n":"AOP Crémant brut d'Alsace Blanc de blancs - Hauller 75cl","p":8.93,"u":"11,91 €/L","img":"https://fd3-photos.leclercdrive.fr/image.ashx?id=2725702&use=l&cat=p&typeid=i","cat":284542},{"id":231095,"n":"Mayonnaise de Dijon Amora 605g","p":3.42,"u":"5,65 €/KG","img":"https://fd3-photos.leclercdrive.fr/image.ashx?id=2877292&use=l&cat=p&typeid=i","cat":298295},{"id":231098,"n":"Thon Rio Mare 195g","p":4.97,"u":"25,49 €/KG","img":"https://fd3-photos.leclercdrive.fr/image.ashx?id=2725867&use=l&cat=p&typeid=i","cat":303867},{"id":231126,"n":"Thon entier MSC Rio Mare Filet d'huile d'olive - 120g","p":3.47,"u":"28,92 €/KG","img":"https://fd3-photos.leclercdrive.fr/image.ashx?id=2726263&use=l&cat=p&typeid=i","cat":303867},{"id":231147,"n":"Bonbons exotix 180g","p":1.55,"u":"8,61 €/KG","img":"https://fd3-photos.leclercdrive.fr/image.ashx?id=2984970&use=l&cat=p&typeid=i","cat":304250},{"id":231149,"n":"Confiture Bonne Maman Framboise 370g + 20% offert","p":2.77,"u":"6,24 €/KG","img":"https://fd3-photos.leclercdrive.fr/image.ashx?id=2726212&use=l&cat=p&typeid=i","cat":284480},{"id":231150,"n":"Confiture Bonne Maman Myrtilles 370g + 20% offert","p":2.97,"u":"6,69 €/KG","img":"https://fd3-photos.leclercdrive.fr/image.ashx?id=2726215&use=l&cat=p&typeid=i","cat":284480},{"id":231152,"n":"Sardines Les Dieux Huile d'olive piment - 115g","p":2.04,"u":"17,74 €/KG","img":"https://fd3-photos.leclercdrive.fr/image.ashx?id=2726155&use=l&cat=p&typeid=i","cat":305146},{"id":231181,"n":"Capsules Absolu + Bicarbonate Sun - Lave-vaiselle x26 - 390g","p":7.9,"u":"20,26 €/KG","img":"https://fd3-photos.leclercdrive.fr/image.ashx?id=2960279&use=l&cat=p&typeid=i","cat":284656},{"id":231203,"n":"Lessive liquide Super Croix  X-tra Japon x42- 1.89L","p":8.53,"u":"4,51 €/L","img":"https://fd3-photos.leclercdrive.fr/image.ashx?id=2876272&use=l&cat=p&typeid=i","cat":284640},{"id":231225,"n":"Boisson Sunny Delight Miami Booster - 1,25L","p":2.89,"u":"2,31 €/L","img":"https://fd3-photos.leclercdrive.fr/image.ashx?id=2735443&use=l&cat=p&typeid=i","cat":285435},{"id":231227,"n":"Boisson Sunny Delight Acapulco refresher - 1,25L","p":2.33,"u":"1,86 €/L","img":"https://fd3-photos.leclercdrive.fr/image.ashx?id=2728597&use=l&cat=p&typeid=i","cat":285435},{"id":231229,"n":"Galettes moelleuses nappées St Michel - 8+4 offerts - 360g","p":2.39,"u":"6,64 €/KG","img":"https://fd3-photos.leclercdrive.fr/image.ashx?id=2936311&use=l&cat=p&typeid=i","cat":284495},{"id":231255,"n":"Bonbons pixels Haribo 180g","p":1.55,"u":"8,61 €/KG","img":"https://fd3-photos.leclercdrive.fr/image.ashx?id=2984964&use=l&cat=p&typeid=i","cat":304250},{"id":231282,"n":"Chips Street food Vico  Saveur tzatziki - 120g","p":1.51,"u":"12,58 €/KG","img":"https://fd3-photos.leclercdrive.fr/image.ashx?id=2985192&use=l&cat=p&typeid=i","cat":284447},{"id":231287,"n":"Coeur de laitue Florette 125g","p":1.45,"u":"11,60 €/KG","img":"https://fd3-photos.leclercdrive.fr/image.ashx?id=2750003&use=l&cat=p&typeid=i","cat":284353},{"id":231301,"n":"Nouilles au poulet  Tables du Monde - 900g","p":5.19,"u":"5,77 €/KG","img":"https://fd3-photos.leclercdrive.fr/image.ashx?id=2726794&use=l&cat=p&typeid=i","cat":284254},{"id":231368,"n":"Capsules café L'Or Espresso Supremo N°10 x30","p":9.23,"u":"59,17 €/KG","img":"https://fd3-photos.leclercdrive.fr/image.ashx?id=2788052&use=l&cat=p&typeid=i","cat":284749},{"id":231369,"n":"Capsules café L'Or Espresso Splendente N°7 x30","p":9.04,"u":"57,95 €/KG","img":"https://fd3-photos.leclercdrive.fr/image.ashx?id=2728846&use=l&cat=p&typeid=i","cat":284749},{"id":231370,"n":"Capsules café L'Or Espresso Ristretto N°11 x30","p":9.04,"u":"57,95 €/KG","img":"https://fd3-photos.leclercdrive.fr/image.ashx?id=2728843&use=l&cat=p&typeid=i","cat":284749},{"id":231371,"n":"Capsules café L'Or Espresso Forza N°9 x30","p":9.14,"u":"58,59 €/KG","img":"https://fd3-photos.leclercdrive.fr/image.ashx?id=3000468&use=l&cat=p&typeid=i","cat":284749},{"id":231372,"n":"Capsules café L'Or Espresso Delizioso N°5 x30","p":9.16,"u":"58,72 €/KG","img":"https://fd3-photos.leclercdrive.fr/image.ashx?id=2851345&use=l&cat=p&typeid=i","cat":284749},{"id":231401,"n":"Test de grossesse Clearblue x1","p":12.54,"img":"https://fd3-photos.leclercdrive.fr/image.ashx?id=2906862&use=l&cat=p&typeid=i","cat":324482},{"id":231402,"n":"Chips Paysannes Pom'Lisse Lardon oignon - 135g","p":1.39,"u":"10,30 €/KG","img":"https://fd3-photos.leclercdrive.fr/image.ashx?id=2919538&use=l&cat=p&typeid=i","cat":284447},{"id":231403,"n":"Chips sel & vinaigre Pom'Lisse 135g","p":1.07,"u":"7,93 €/KG","img":"https://fd3-photos.leclercdrive.fr/image.ashx?id=2919670&use=l&cat=p&typeid=i","cat":284447},{"id":231404,"n":"Capsules café L'Or Espresso Decaffeinato N°6 x30","p":9.23,"u":"59,17 €/KG","img":"https://fd3-photos.leclercdrive.fr/image.ashx?id=2728834&use=l&cat=p&typeid=i","cat":284749},{"id":231407,"n":"Concentré saveur limonade  Sodastream sans sucre - 440ml","p":4.99,"pp":3.99,"u":"9,07 €/L","img":"https://fd3-photos.leclercdrive.fr/image.ashx?id=2728768&use=l&cat=p&typeid=i","cat":295020},{"id":231408,"n":"Madeleine Bonne Maman 33% offert - 600g","p":3.56,"u":"5,93 €/KG","img":"https://fd3-photos.leclercdrive.fr/image.ashx?id=2950015&use=l&cat=p&typeid=i","cat":284492},{"id":231409,"n":"Wraps Old El Paso Blé complet - 350g","p":2.33,"u":"6,66 €/KG","img":"https://fd3-photos.leclercdrive.fr/image.ashx?id=2728819&use=l&cat=p&typeid=i","cat":288993},{"id":231410,"n":"AOC Muscadet blanc Plessis Duval - 75cl","p":3.79,"u":"5,05 €/L","img":"https://fd3-photos.leclercdrive.fr/image.ashx?id=2728417&use=l&cat=p&typeid=i","cat":289557},{"id":231439,"n":"Noix de Cajou Grillées Sun - 250g","p":5.05,"u":"20,20 €/KG","img":"https://fd3-photos.leclercdrive.fr/image.ashx?id=2728375&use=l&cat=p&typeid=i","cat":284357},{"id":231440,"n":"Pistaches grillées sans Sel Sun - 250g","p":5.67,"u":"22,68 €/KG","img":"https://fd3-photos.leclercdrive.fr/image.ashx?id=2728378&use=l&cat=p&typeid=i","cat":284357},{"id":231513,"n":"Eau de parfum Hechter Daniel L'homme - 90ml","p":26.18,"u":"290,89 €/L","img":"https://fd3-photos.leclercdrive.fr/image.ashx?id=2879083&use=l&cat=p&typeid=i","cat":291525},{"id":231570,"n":"Badoit bulles de fruits rouges 1l","p":1.48,"u":"1,48 €/L","img":"https://fd3-photos.leclercdrive.fr/image.ashx?id=2964676&use=l&cat=p&typeid=i","cat":284536},{"id":231571,"n":"Badoit bulles de fruits  Exotiques - 1L","p":1.53,"u":"1,53 €/L","img":"https://fd3-photos.leclercdrive.fr/image.ashx?id=2753952&use=l&cat=p&typeid=i","cat":284536},{"id":231578,"n":"Bière IPA Sainte Cru \"Don't Panic\" - 75cl  6.5% vol.","p":5.75,"u":"7,67 €/L","img":"https://fd3-photos.leclercdrive.fr/image.ashx?id=2739357&use=l&cat=p&typeid=i","cat":334872},{"id":231629,"n":"Lasagnes au thon  900g","p":4.77,"u":"5,30 €/KG","img":"https://fd3-photos.leclercdrive.fr/image.ashx?id=2739240&use=l&cat=p&typeid=i","cat":284254},{"id":231642,"n":"Déodorant spray Dove Original - 0% Alcool - 200 ml","p":3.75,"u":"18,75 €/L","img":"https://fd3-photos.leclercdrive.fr/image.ashx?id=2739462&use=l&cat=p&typeid=i","cat":284595},{"id":231658,"n":"Lessive liquide X-tra Total  4 en 1 propreté x85 - 3.825L","p":13.97,"u":"3,65 €/L","img":"https://fd3-photos.leclercdrive.fr/image.ashx?id=2740568&use=l&cat=p&typeid=i","cat":284640},{"id":231659,"n":"Tablette lave-vaisselle Tout-en-un - x100","p":11.43,"img":"https://fd3-photos.leclercdrive.fr/image.ashx?id=2954908&use=l&cat=p&typeid=i","cat":284656},{"id":231699,"n":"Rasoir Gillette ProShield Power - +1 recharge","p":16.92,"img":"https://fd3-photos.leclercdrive.fr/image.ashx?id=2740865&use=l&cat=p&typeid=i","cat":284616},{"id":231706,"n":"Capsules lave-vaisselle Finish  Ultimate Citron - x42","p":9.88,"u":"18,23 €/KG","img":"https://fd3-photos.leclercdrive.fr/image.ashx?id=2749446&use=l&cat=p&typeid=i","cat":284656},{"id":231707,"n":"Capsules lave-vaisselle Finish  Ultimate - x42","p":10.03,"u":"17,66 €/KG","img":"https://fd3-photos.leclercdrive.fr/image.ashx?id=2749443&use=l&cat=p&typeid=i","cat":284656},{"id":231708,"n":"Capsules lave-vaisselle Finish  Quantum - x46","p":8.93,"u":"18,68 €/KG","img":"https://fd3-photos.leclercdrive.fr/image.ashx?id=2749440&use=l&cat=p&typeid=i","cat":284656},{"id":231709,"n":"Capsules lave-vaisselle Finish Ultimate Plus Citron - x35","p":8.93,"u":"20,91 €/KG","img":"https://fd3-photos.leclercdrive.fr/image.ashx?id=2749437&use=l&cat=p&typeid=i","cat":284656},{"id":231710,"n":"Capsules lave-vaisselle Finish Ultimate Plus - x35","p":8.93,"u":"20,91 €/KG","img":"https://fd3-photos.leclercdrive.fr/image.ashx?id=2749434&use=l&cat=p&typeid=i","cat":284656},{"id":231712,"n":"Tablettes lave-vaisselle Finish Power Plus - x54","p":8.93,"u":"10,34 €/KG","img":"https://fd3-photos.leclercdrive.fr/image.ashx?id=2749425&use=l&cat=p&typeid=i","cat":284656},{"id":231713,"n":"Spray nettoyant Cillit Bang Expert crasse & calcaire 750ml","p":3.17,"u":"4,23 €/L","img":"https://fd3-photos.leclercdrive.fr/image.ashx?id=2839755&use=l&cat=p&typeid=i","cat":325362},{"id":231715,"n":"Spray nettoyant Cillit Bang  Expert Javel - 750ml","p":4.03,"u":"5,37 €/L","img":"https://fd3-photos.leclercdrive.fr/image.ashx?id=2793653&use=l&cat=p&typeid=i","cat":325357},{"id":231718,"n":"Nettoyant liquide St Marc Multi usages Forêt des Landes - 1L","p":2.28,"u":"2,28 €/L","img":"https://fd3-photos.leclercdrive.fr/image.ashx?id=2844208&use=l&cat=p&typeid=i","cat":284907},{"id":231719,"n":"Lessive capsules Super Croix X-tra Bora Bora x28  - 336g","p":7.78,"u":"23,15 €/KG","img":"https://fd3-photos.leclercdrive.fr/image.ashx?id=2876284&use=l&cat=p&typeid=i","cat":284641},{"id":231732,"n":"Crème glacée L'Angélys Vanille pécan caramel - 300g","p":4.0,"u":"13,33 €/KG","img":"https://fd3-photos.leclercdrive.fr/image.ashx?id=2963763&use=l&cat=p&typeid=i","cat":284725},{"id":231735,"n":"Dés de jambon à l'étouffé Fleury Michon - 150g","p":1.7,"u":"11,33 €/KG","img":"https://fd3-photos.leclercdrive.fr/image.ashx?id=2740538&use=l&cat=p&typeid=i","cat":316011},{"id":231739,"n":"DOC Freixenet vin mousseux Prosecco  - 75cl","p":8.88,"u":"11,84 €/L","img":"https://fd3-photos.leclercdrive.fr/image.ashx?id=3011932&use=l&cat=p&typeid=i","cat":284544},{"id":231936,"n":"Café en grains Lavazza Voix de la Terre Cuba - 500g","p":11.4,"u":"22,80 €/KG","img":"https://fd3-photos.leclercdrive.fr/image.ashx?id=2865221&use=l&cat=p&typeid=i","cat":293237},{"id":232002,"n":"Whisky Ballantine's 10 ans Blended Scotch 40% vol - 70cl","p":23.5,"pp":18.8,"u":"26,86 €/L","img":"https://fd3-photos.leclercdrive.fr/image.ashx?id=2790780&use=l&cat=p&typeid=i","cat":284547},{"id":232022,"n":"Lessive capsules Super Croix  X-tra Japon x28 - 336g","p":8.81,"u":"26,22 €/KG","img":"https://fd3-photos.leclercdrive.fr/image.ashx?id=2876278&use=l&cat=p&typeid=i","cat":284641},{"id":232039,"n":"Lessive liquide couleurs Mir Explosion floral - 1.35L - x27","p":6.49,"u":"4,81 €/L","img":"https://fd3-photos.leclercdrive.fr/image.ashx?id=2972940&use=l&cat=p&typeid=i","cat":284640},{"id":232041,"n":"Lessive liquide Maison Verte Amande douce - x33 - 1.485L","p":6.9,"u":"4,65 €/L","img":"https://fd3-photos.leclercdrive.fr/image.ashx?id=2743073&use=l&cat=p&typeid=i","cat":284640},{"id":232101,"n":"IGP Pâtes d'alsace Grand Mère Mini torsades - 250g","p":1.1,"u":"4,40 €/KG","img":"https://fd3-photos.leclercdrive.fr/image.ashx?id=2742947&use=l&cat=p&typeid=i","cat":284427},{"id":232102,"n":"IGP Pâtes d'alsace  Grand Mère Mini coques - 250g","p":1.21,"u":"4,84 €/KG","img":"https://fd3-photos.leclercdrive.fr/image.ashx?id=2742941&use=l&cat=p&typeid=i","cat":284427},{"id":232103,"n":"IGP Pâtes d'Alsace Grand Mère Mini coquillettes - 250g","p":1.33,"u":"5,32 €/KG","img":"https://fd3-photos.leclercdrive.fr/image.ashx?id=2742944&use=l&cat=p&typeid=i","cat":284427},{"id":232104,"n":"Pâtes d'Alsace IGP Grand Mère Mini avions - 250g","p":1.26,"u":"5,04 €/KG","img":"https://fd3-photos.leclercdrive.fr/image.ashx?id=2742950&use=l&cat=p&typeid=i","cat":284427},{"id":232105,"n":"Pâtes d'Alsace IGP Grand Mère Pépinettes - 250g","p":1.17,"u":"4,68 €/KG","img":"https://fd3-photos.leclercdrive.fr/image.ashx?id=2742956&use=l&cat=p&typeid=i","cat":284427},{"id":232136,"n":"Lessive poudre Le Chat  Sensitive x36 - 2.16kg","p":12.63,"u":"5,85 €/KG","img":"https://fd3-photos.leclercdrive.fr/image.ashx?id=2965031&use=l&cat=p&typeid=i","cat":284642},{"id":232147,"n":"Lessive liquide Mir Laine - 650ml - x13","p":4.78,"u":"7,35 €/L","img":"https://fd3-photos.leclercdrive.fr/image.ashx?id=2743046&use=l&cat=p&typeid=i","cat":284644},{"id":232150,"n":"Lessive liquide Mir Couleurs  Raviveur couleurs x27 - 1.35L","p":6.49,"u":"4,81 €/L","img":"https://fd3-photos.leclercdrive.fr/image.ashx?id=2744034&use=l&cat=p&typeid=i","cat":284644},{"id":232165,"n":"Adoucissant concentré Soupline Couleurs éclatantes - x52 -1.2L","p":5.45,"u":"4,54 €/L","img":"https://fd3-photos.leclercdrive.fr/image.ashx?id=2745427&use=l&cat=p&typeid=i","cat":284650},{"id":232183,"n":"Liquide vaisselle Mir  Dégraissant citron - 450ml","p":1.63,"u":"3,62 €/L","img":"https://fd3-photos.leclercdrive.fr/image.ashx?id=2744028&use=l&cat=p&typeid=i","cat":284655},{"id":232186,"n":"Liquide vaisselle Mir  Dégraissant orange - 450ml","p":1.66,"u":"3,69 €/L","img":"https://fd3-photos.leclercdrive.fr/image.ashx?id=2874907&use=l&cat=p&typeid=i","cat":284655},{"id":232193,"n":"Liquide vaisselle Mir vinaigre Pamplemousse dégraissant -450ml","p":1.77,"u":"3,93 €/L","img":"https://fd3-photos.leclercdrive.fr/image.ashx?id=2889346&use=l&cat=p&typeid=i","cat":284655},{"id":232195,"n":"Liquide vaisselle Mir  Peau sensible aloe vera - 450ml","p":1.47,"u":"3,27 €/L","img":"https://fd3-photos.leclercdrive.fr/image.ashx?id=2874904&use=l&cat=p&typeid=i","cat":284655},{"id":232201,"n":"Liquide vaisselle Mir  Dégraissant & brillance - 450ml","p":1.79,"u":"3,98 €/L","img":"https://fd3-photos.leclercdrive.fr/image.ashx?id=2744049&use=l&cat=p&typeid=i","cat":284655},{"id":232230,"n":"Crème visage Mixa Expert Anti-tâches SPF20 - 50ml","p":9.32,"u":"186,40 €/L","img":"https://fd3-photos.leclercdrive.fr/image.ashx?id=2770551&use=l&cat=p&typeid=i","cat":325345},{"id":232231,"n":"Nettoyant confort visage Mixa Anti-secheresse - 150ml","p":4.29,"u":"28,60 €/L","img":"https://fd3-photos.leclercdrive.fr/image.ashx?id=2744171&use=l&cat=p&typeid=i","cat":284603},{"id":232233,"n":"Gelée matifiante visage Mixa Anti-imperfections - 50ml","p":9.34,"u":"186,80 €/L","img":"https://fd3-photos.leclercdrive.fr/image.ashx?id=2770554&use=l&cat=p&typeid=i","cat":325345},{"id":232237,"n":"Nettoyant confort visage Mixa Anti-imperfection - 150ml","p":4.29,"u":"28,60 €/L","img":"https://fd3-photos.leclercdrive.fr/image.ashx?id=2744168&use=l&cat=p&typeid=i","cat":284603},{"id":232275,"n":"Bain de bouche Colgate Max Fraîcheur intense - 500ml","p":3.71,"u":"7,42 €/L","img":"https://fd3-photos.leclercdrive.fr/image.ashx?id=2745433&use=l&cat=p&typeid=i","cat":284613},{"id":232299,"n":"Bande de cire visage Nair Kit Caresse - x20","p":3.9,"img":"https://fd3-photos.leclercdrive.fr/image.ashx?id=2903236&use=l&cat=p&typeid=i","cat":325351},{"id":232301,"n":"Dentifrice Signal Professionnel Sensibilité - Blancheur - 75ml","p":3.47,"u":"46,27 €/L","img":"https://fd3-photos.leclercdrive.fr/image.ashx?id=2858717&use=l&cat=p&typeid=i","cat":284612},{"id":232302,"n":"Dentifrice Signal Professionnel Soin complet - 75ml","p":3.27,"u":"43,60 €/L","img":"https://fd3-photos.leclercdrive.fr/image.ashx?id=2903878&use=l&cat=p&typeid=i","cat":284612},{"id":232304,"n":"Brosse à dent Signal  Integral 8 - Souple - x1","p":2.12,"img":"https://fd3-photos.leclercdrive.fr/image.ashx?id=2772539&use=l&cat=p&typeid=i","cat":284614},{"id":232305,"n":"Brosse à dent Signal Triple action - Souple - x4","p":1.52,"img":"https://fd3-photos.leclercdrive.fr/image.ashx?id=2745871&use=l&cat=p&typeid=i","cat":284614},{"id":232309,"n":"Bloc WC Fresh Disc Canard Citron vert - 1x36ml","p":2.65,"img":"https://fd3-photos.leclercdrive.fr/image.ashx?id=2745769&use=l&cat=p&typeid=i","cat":284662},{"id":232311,"n":"Dentifrice enfant L'Arbre Vert Bien-être Fraise 7-12 ans 50ml","p":2.47,"u":"49,40 €/L","img":"https://fd3-photos.leclercdrive.fr/image.ashx?id=2892811&use=l&cat=p&typeid=i","cat":288898},{"id":232312,"n":"Bain de bouche Sanogyl Soin complet+Blancheur - 500ml","p":3.24,"u":"6,48 €/L","img":"https://fd3-photos.leclercdrive.fr/image.ashx?id=2745706&use=l&cat=p&typeid=i","cat":284613},{"id":232316,"n":"Brossettes interdentaires Efiseptyl Clean Expert 6x0.6mm","p":3.32,"img":"https://fd3-photos.leclercdrive.fr/image.ashx?id=2996452&use=l&cat=p&typeid=i","cat":285159},{"id":232319,"n":"Tablettes lave-vaisselle Sun Tout-en-1 - x24 -396g","p":5.61,"u":"14,17 €/KG","img":"https://fd3-photos.leclercdrive.fr/image.ashx?id=2760543&use=l&cat=p&typeid=i","cat":284656},{"id":232321,"n":"Lessive capsules Tout-en-1 Skip Soin complet - x24 - 506.4g","p":10.37,"u":"20,49 €/KG","img":"https://fd3-photos.leclercdrive.fr/image.ashx?id=2773931&use=l&cat=p&typeid=i","cat":284641},{"id":232341,"n":"Bloc WC Canard Fresh Disc Fraîcheur marine - 36ml","p":2.65,"img":"https://fd3-photos.leclercdrive.fr/image.ashx?id=2747691&use=l&cat=p&typeid=i","cat":284662},{"id":232343,"n":"Adoucissant Soupline concentré Grand Air - Elixir - 1L x45","p":4.95,"u":"4,95 €/L","img":"https://fd3-photos.leclercdrive.fr/image.ashx?id=2745847&use=l&cat=p&typeid=i","cat":284650},{"id":232345,"n":"Adoucissant Soupline concentré Utra Emotion Rose - 1.28L - x60","p":6.78,"u":"5,30 €/L","img":"https://fd3-photos.leclercdrive.fr/image.ashx?id=2832575&use=l&cat=p&typeid=i","cat":284650},{"id":232347,"n":"Perles de linge Soupline Coco - 230g","p":5.97,"u":"25,96 €/KG","img":"https://fd3-photos.leclercdrive.fr/image.ashx?id=2945829&use=l&cat=p&typeid=i","cat":325302},{"id":232348,"n":"Perles de linge Soupline Lavande - 230g","p":5.97,"u":"25,96 €/KG","img":"https://fd3-photos.leclercdrive.fr/image.ashx?id=2745835&use=l&cat=p&typeid=i","cat":325302},{"id":232349,"n":"Adoucissant Soupline Concentré Lavande Elixir - x45 1L","p":5.6,"u":"5,60 €/L","img":"https://fd3-photos.leclercdrive.fr/image.ashx?id=2745850&use=l&cat=p&typeid=i","cat":284650},{"id":232351,"n":"Désinfectant du linge Lysol  Douceur de printemps - 1L","p":5.99,"pp":3.95,"u":"3,95 €/L","img":"https://fd3-photos.leclercdrive.fr/image.ashx?id=2745745&use=l&cat=p&typeid=i","cat":290451},{"id":232352,"n":"Désinfectant du linge Lysol  Parfum linge frais - 1,5L","p":5.99,"pp":3.95,"u":"2,63 €/L","img":"https://fd3-photos.leclercdrive.fr/image.ashx?id=2745742&use=l&cat=p&typeid=i","cat":290451},{"id":232356,"n":"Gel douche Sanex Zéro Family - Pompe - 700ml","p":5.64,"u":"8,06 €/L","img":"https://fd3-photos.leclercdrive.fr/image.ashx?id=2745859&use=l&cat=p&typeid=i","cat":284594},{"id":232357,"n":"Recharge Gel douche Sanex Zéro - Peaux sensibles - 500ml","p":3.32,"u":"6,64 €/L","img":"https://fd3-photos.leclercdrive.fr/image.ashx?id=2745856&use=l&cat=p&typeid=i","cat":284594},{"id":232358,"n":"Gel lavant désinfectant Sanytol Purifiant - 500ml","p":5.51,"u":"11,02 €/L","img":"https://fd3-photos.leclercdrive.fr/image.ashx?id=2904664&use=l&cat=p&typeid=i","cat":284597},{"id":232366,"n":"Déodorant spray Dove Zéro - Invisible Care - 200ml","p":3.75,"u":"18,75 €/L","img":"https://fd3-photos.leclercdrive.fr/image.ashx?id=2772542&use=l&cat=p&typeid=i","cat":284595},{"id":232367,"n":"Déodorant spray homme Axe Black Vanilla 72h - 150ml","p":3.93,"u":"26,20 €/L","img":"https://fd3-photos.leclercdrive.fr/image.ashx?id=2910237&use=l&cat=p&typeid=i","cat":284618},{"id":232369,"n":"Bain de bouche Colgate Max Fresh Protection complète 500ml","p":3.26,"u":"6,52 €/L","img":"https://fd3-photos.leclercdrive.fr/image.ashx?id=2747178&use=l&cat=p&typeid=i","cat":284613},{"id":232371,"n":"Dentifrice enfant Elmex Anti-caries - 6-12 ans - 75ml","p":2.54,"u":"33,87 €/L","img":"https://fd3-photos.leclercdrive.fr/image.ashx?id=2747175&use=l&cat=p&typeid=i","cat":288898},{"id":232374,"n":"Bière blonde Gallia Champ Libre 50cl","p":2.59,"u":"5,18 €/L","img":"https://fd3-photos.leclercdrive.fr/image.ashx?id=2807528&use=l&cat=p&typeid=i","cat":334853},{"id":232375,"n":"Déodorant stick homme Rexona Anti-transpirant - 45ml","p":4.81,"u":"106,89 €/L","img":"https://fd3-photos.leclercdrive.fr/image.ashx?id=2747166&use=l&cat=p&typeid=i","cat":284618},{"id":232376,"n":"Insecticide Raid Essentials Freeze action - 350ml","p":3.99,"u":"11,40 €/L","img":"https://fd3-photos.leclercdrive.fr/image.ashx?id=2788859&use=l&cat=p&typeid=i","cat":298368},{"id":232377,"n":"Insecticide Raid Max Système anti-fourmis - 1 piège","p":3.19,"img":"https://fd3-photos.leclercdrive.fr/image.ashx?id=2968454&use=l&cat=p&typeid=i","cat":298368},{"id":232389,"n":"Nettoyant Textiles Tech9 + Brosse","p":4.59,"img":"https://fd3-photos.leclercdrive.fr/image.ashx?id=2907267&use=l&cat=p&typeid=i","cat":298252},{"id":232390,"n":"Efface rayures Tech9 Universel - 100ml","p":2.6,"u":"26,00 €/L","img":"https://fd3-photos.leclercdrive.fr/image.ashx?id=2907273&use=l&cat=p&typeid=i","cat":298252},{"id":232391,"n":"Shampooing Tech9 3en1 - 500ml","p":5.45,"u":"10,90 €/L","img":"https://fd3-photos.leclercdrive.fr/image.ashx?id=2949661&use=l&cat=p&typeid=i","cat":298252},{"id":232394,"n":"Nettoyant pulvérisateur Tech9 Insectes & fientes - 500ml","p":5.49,"u":"10,98 €/L","img":"https://fd3-photos.leclercdrive.fr/image.ashx?id=2943449&use=l&cat=p&typeid=i","cat":298252},{"id":232395,"n":"Nettoyant Jantes Tech9 Pulvérisateur - 500ml","p":3.99,"u":"7,98 €/L","img":"https://fd3-photos.leclercdrive.fr/image.ashx?id=2907276&use=l&cat=p&typeid=i","cat":298252},{"id":232398,"n":"Polish rénovateur Tech9 500ml","p":2.99,"u":"5,98 €/L","img":"https://fd3-photos.leclercdrive.fr/image.ashx?id=2943455&use=l&cat=p&typeid=i","cat":298252},{"id":232403,"n":"Nettoyant multi-usages Tech9 Ecocert - 500ml","p":3.4,"u":"6,80 €/L","img":"https://fd3-photos.leclercdrive.fr/image.ashx?id=2907285&use=l&cat=p&typeid=i","cat":298252},{"id":232408,"n":"Nettoyant plastique Tech9 Agrumes - Brillance - 400ml","p":3.99,"u":"9,98 €/L","img":"https://fd3-photos.leclercdrive.fr/image.ashx?id=2953428&use=l&cat=p&typeid=i","cat":298252},{"id":232410,"n":"Nettoyant plastique Tech9 Vanille - Brillance - 400ml","p":3.99,"u":"9,98 €/L","img":"https://fd3-photos.leclercdrive.fr/image.ashx?id=2884285&use=l&cat=p&typeid=i","cat":298252},{"id":232413,"n":"Nettoyant tissus moquettes Tech9 - Ecocert - 500ml","p":4.99,"u":"9,98 €/L","img":"https://fd3-photos.leclercdrive.fr/image.ashx?id=2889182&use=l&cat=p&typeid=i","cat":298252},{"id":232416,"n":"Nettoyant pour vitres TECH9 500ml","p":3.2,"u":"6,40 €/L","img":"https://fd3-photos.leclercdrive.fr/image.ashx?id=2907291&use=l&cat=p&typeid=i","cat":298252},{"id":232518,"n":"Pâtes Barilla Stelline - 500g","p":1.24,"u":"2,48 €/KG","img":"https://fd3-photos.leclercdrive.fr/image.ashx?id=2748662&use=l&cat=p&typeid=i","cat":284427},{"id":232519,"n":"Pâtes Barilla Risoni - 500g","p":1.42,"u":"2,84 €/KG","img":"https://fd3-photos.leclercdrive.fr/image.ashx?id=2748665&use=l&cat=p&typeid=i","cat":284427},{"id":232520,"n":"Pâtes Barilla Ditalini Rigati - 500g","p":1.27,"u":"2,54 €/KG","img":"https://fd3-photos.leclercdrive.fr/image.ashx?id=2748668&use=l&cat=p&typeid=i","cat":284427},{"id":232536,"n":"Lindahls Pro+ 6 Tranches - 120g","p":2.31,"u":"19,25 €/KG","img":"https://fd3-photos.leclercdrive.fr/image.ashx?id=2748308&use=l&cat=p&typeid=i","cat":314028},{"id":232642,"n":"Boisson énergisante Red Bull Goût Juneberry, 250ml","p":1.23,"u":"4,92 €/L","img":"https://fd3-photos.leclercdrive.fr/image.ashx?id=2748713&use=l&cat=p&typeid=i","cat":284533},{"id":232701,"n":"Thon au naturel Petit Navire  93g","p":1.73,"u":"18,60 €/KG","img":"https://fd3-photos.leclercdrive.fr/image.ashx?id=2748101&use=l&cat=p&typeid=i","cat":303867},{"id":232702,"n":"Miettes de thon Petit Navire  A l'huile d'olive 80g","p":1.63,"u":"20,38 €/KG","img":"https://fd3-photos.leclercdrive.fr/image.ashx?id=2748107&use=l&cat=p&typeid=i","cat":303867},{"id":232704,"n":"Filets de maquereaux Petit  Navire Sauce escabeche 169g","p":1.55,"u":"9,17 €/KG","img":"https://fd3-photos.leclercdrive.fr/image.ashx?id=2748113&use=l&cat=p&typeid=i","cat":303868},{"id":232706,"n":"Miettes de thon Petit Navire à  la Sauce tomate 230g","p":2.37,"u":"10,30 €/KG","img":"https://fd3-photos.leclercdrive.fr/image.ashx?id=2748110&use=l&cat=p&typeid=i","cat":303867},{"id":232740,"n":"Chips Tuiles Pringles HOT Barbecue Ribs - 160g","p":1.97,"u":"12,31 €/KG","img":"https://fd3-photos.leclercdrive.fr/image.ashx?id=2749506&use=l&cat=p&typeid=i","cat":287899},{"id":232769,"n":"Skyr à boire Danone Fruits rouges 270g","p":1.74,"u":"6,44 €/KG","img":"https://fd3-photos.leclercdrive.fr/image.ashx?id=2748787&use=l&cat=p&typeid=i","cat":284415},{"id":232770,"n":"Skyr à boire Danone Vanille 270g","p":1.7,"u":"6,30 €/KG","img":"https://fd3-photos.leclercdrive.fr/image.ashx?id=2817332&use=l&cat=p&typeid=i","cat":284415},{"id":232773,"n":"Boisson lactée chocolatée  Nesquik Shake - 240ml","p":1.9,"u":"7,92 €/L","img":"https://fd3-photos.leclercdrive.fr/image.ashx?id=2749536&use=l&cat=p&typeid=i","cat":295246},{"id":232778,"n":"Concentré agrumes Sodastream - 440ml","p":4.99,"pp":3.99,"u":"9,07 €/L","img":"https://fd3-photos.leclercdrive.fr/image.ashx?id=2871136&use=l&cat=p&typeid=i","cat":295020},{"id":232840,"n":"Gel déboucheur Destop  Turbo 5 min - 2 doses - 500ml","p":4.18,"u":"8,36 €/L","img":"https://fd3-photos.leclercdrive.fr/image.ashx?id=2976029&use=l&cat=p&typeid=i","cat":284908},{"id":232843,"n":"Porc paysanne Paysan Breton 300g","p":2.54,"u":"8,47 €/KG","img":"https://fd3-photos.leclercdrive.fr/image.ashx?id=2750291&use=l&cat=p&typeid=i","cat":284953},{"id":232855,"n":"Purée façon écrasé Tajine Yooji Bio - Dès 8 mois - 400g","p":4.57,"u":"11,43 €/KG","img":"https://fd3-photos.leclercdrive.fr/image.ashx?id=2750570&use=l&cat=p&typeid=i","cat":312236},{"id":232857,"n":"Noisettes grillées sans sel  Couleurs Vives - 200g","p":3.49,"u":"17,45 €/KG","img":"https://fd3-photos.leclercdrive.fr/image.ashx?id=2749613&use=l&cat=p&typeid=i","cat":284357},{"id":232945,"n":"Kéfir à boire Activia  Myrtille - 280g","p":1.73,"u":"6,18 €/KG","img":"https://fd3-photos.leclercdrive.fr/image.ashx?id=2983012&use=l&cat=p&typeid=i","cat":284415},{"id":232949,"n":"Cottage cheese Danone Nature x2 - 360g","p":3.87,"u":"10,75 €/KG","img":"https://fd3-photos.leclercdrive.fr/image.ashx?id=2915694&use=l&cat=p&typeid=i","cat":314029},{"id":232961,"n":"Gel douche Sanex Zéro% Sensitive Pompe - 700ml","p":5.67,"u":"8,10 €/L","img":"https://fd3-photos.leclercdrive.fr/image.ashx?id=2751384&use=l&cat=p&typeid=i","cat":284594},{"id":232966,"n":"Yaourt à boire Hipro+ Café caramel 345g","p":2.97,"u":"8,61 €/KG","img":"https://fd3-photos.leclercdrive.fr/image.ashx?id=2807447&use=l&cat=p&typeid=i","cat":284415},{"id":232971,"n":"Râpe Scholl Manuelle Nanofile - x1","p":8.59,"img":"https://fd3-photos.leclercdrive.fr/image.ashx?id=2990958&use=l&cat=p&typeid=i","cat":323852},{"id":232974,"n":"Gel massage Intimy Pomme d'amour - 200ml","p":6.52,"u":"32,60 €/L","img":"https://fd3-photos.leclercdrive.fr/image.ashx?id=2751012&use=l&cat=p&typeid=i","cat":285160},{"id":232978,"n":"Diffuseur Glade Bois de santal & Jasmin - 18ml","p":4.97,"u":"276,11 €/L","img":"https://fd3-photos.leclercdrive.fr/image.ashx?id=2751294&use=l&cat=p&typeid=i","cat":311629},{"id":232979,"n":"Bougie Glade Aromatherapy  Orange & Néroli - x1","p":6.83,"img":"https://fd3-photos.leclercdrive.fr/image.ashx?id=2867725&use=l&cat=p&typeid=i","cat":284666},{"id":232980,"n":"Bougie Glade Aromatherapy Lavande & bois de santal - x1","p":6.97,"img":"https://fd3-photos.leclercdrive.fr/image.ashx?id=2867722&use=l&cat=p&typeid=i","cat":284666},{"id":232982,"n":"Bougie Glade Vanille - 112g","p":4.2,"img":"https://fd3-photos.leclercdrive.fr/image.ashx?id=2751285&use=l&cat=p&typeid=i","cat":284666},{"id":232984,"n":"Bougie Glade I Love You - 112g","p":4.12,"img":"https://fd3-photos.leclercdrive.fr/image.ashx?id=2865440&use=l&cat=p&typeid=i","cat":284666},{"id":232985,"n":"Bougie Glade Honey & Chocolate - x1","p":4.27,"img":"https://fd3-photos.leclercdrive.fr/image.ashx?id=2865437&use=l&cat=p&typeid=i","cat":284666},{"id":232986,"n":"Bougie Glade Anti-tabac - 112g","p":4.19,"img":"https://fd3-photos.leclercdrive.fr/image.ashx?id=2751276&use=l&cat=p&typeid=i","cat":284666},{"id":232989,"n":"Spray nettoyant Cillit Bang  Expert Dégraissant - 750ml","p":3.17,"img":"https://fd3-photos.leclercdrive.fr/image.ashx?id=2751222&use=l&cat=p&typeid=i","cat":325357},{"id":232991,"n":"Déodorant Eco+ Floral - 200ml","p":0.87,"u":"4,35 €/L","img":"https://fd3-photos.leclercdrive.fr/image.ashx?id=2750270&use=l&cat=p&typeid=i","cat":284595},{"id":232994,"n":"Gel Lubrifiant Intime Intimy Fleur de coton - 70ml","p":5.63,"u":"80,43 €/L","img":"https://fd3-photos.leclercdrive.fr/image.ashx?id=2774957&use=l&cat=p&typeid=i","cat":285160},{"id":233001,"n":"Gel Lubrifiant Durex Naturel Hydratant - 100ML","p":6.37,"u":"63,70 €/L","img":"https://fd3-photos.leclercdrive.fr/image.ashx?id=2962026&use=l&cat=p&typeid=i","cat":285160},{"id":233048,"n":"Collant Beauty Resist Transparent - Noir - T3","p":5.5,"img":"https://fd3-photos.leclercdrive.fr/image.ashx?id=2753145&use=l&cat=p&typeid=i","cat":334130},{"id":233049,"n":"Collant Beauty Resist Dim Transparent - Noir - T4","p":5.5,"img":"https://fd3-photos.leclercdrive.fr/image.ashx?id=2753148&use=l&cat=p&typeid=i","cat":334130},{"id":233051,"n":"Collant Body Touch Dim Ventre plat - Noir - T2","p":8.9,"img":"https://fd3-photos.leclercdrive.fr/image.ashx?id=3003152&use=l&cat=p&typeid=i","cat":334130},{"id":233053,"n":"Collant Body Touch Dim Ventre plat - Noir - T3","p":8.9,"img":"https://fd3-photos.leclercdrive.fr/image.ashx?id=3002000&use=l&cat=p&typeid=i","cat":334130},{"id":233055,"n":"Collant Body Touch Dim Ventre plat - Noir - T4","p":8.9,"img":"https://fd3-photos.leclercdrive.fr/image.ashx?id=3002003&use=l&cat=p&typeid=i","cat":334130},{"id":233100,"n":"Rasoir Intuition Wilkinson Sensitive Care 2en1 - x1","p":7.62,"img":"https://fd3-photos.leclercdrive.fr/image.ashx?id=2849430&use=l&cat=p&typeid=i","cat":325352},{"id":233102,"n":"Dentifrice Sensodyne Soin complet - 2x75ml","p":6.92,"u":"46,13 €/L","img":"https://fd3-photos.leclercdrive.fr/image.ashx?id=2805186&use=l&cat=p&typeid=i","cat":284612},{"id":233103,"n":"Dentifrice Sensodyne Soin blancheur - 2x75ml","p":6.86,"u":"45,73 €/L","img":"https://fd3-photos.leclercdrive.fr/image.ashx?id=2829928&use=l&cat=p&typeid=i","cat":284612},{"id":233104,"n":"Dentifrice Sensodyne Soin Gencives - 2x75ml","p":6.6,"u":"44,00 €/L","img":"https://fd3-photos.leclercdrive.fr/image.ashx?id=2829934&use=l&cat=p&typeid=i","cat":284612},{"id":233105,"n":"Dentifrice Sensodyne Répare & protège Menthe 2x75ml","p":6.38,"u":"42,53 €/L","img":"https://fd3-photos.leclercdrive.fr/image.ashx?id=2806919&use=l&cat=p&typeid=i","cat":284612},{"id":233106,"n":"Dentifrice Sensodyne Répare & Protège Blancheur 2x75ml","p":6.45,"u":"43,00 €/L","img":"https://fd3-photos.leclercdrive.fr/image.ashx?id=2880312&use=l&cat=p&typeid=i","cat":284612},{"id":233115,"n":"Shampooing Herbal Essences Rose - 2x250ml","p":6.78,"u":"13,56 €/L","img":"https://fd3-photos.leclercdrive.fr/image.ashx?id=2864218&use=l&cat=p&typeid=i","cat":284606},{"id":233117,"n":"Shampooing Herbal Essences Noix de coco - 2x250ml","p":6.78,"u":"13,56 €/L","img":"https://fd3-photos.leclercdrive.fr/image.ashx?id=2903851&use=l&cat=p&typeid=i","cat":284606},{"id":233124,"n":"Shampooing DermaxPro +Après-shampooing - Répare","p":14.93,"img":"https://fd3-photos.leclercdrive.fr/image.ashx?id=2752188&use=l&cat=p&typeid=i","cat":284606},{"id":233137,"n":"Masque cheveux Fructis Réparateur - Papaye - 320ml","p":5.91,"u":"18,47 €/L","img":"https://fd3-photos.leclercdrive.fr/image.ashx?id=2754036&use=l&cat=p&typeid=i","cat":284608},{"id":233138,"n":"Masque cheveux Fructis Lissant - Macadamia - 320ml","p":5.8,"u":"18,13 €/L","img":"https://fd3-photos.leclercdrive.fr/image.ashx?id=2754039&use=l&cat=p&typeid=i","cat":284608},{"id":233151,"n":"Masque cheveux fructis Nourrissant - Banana - 320ml","p":5.8,"u":"18,13 €/L","img":"https://fd3-photos.leclercdrive.fr/image.ashx?id=2754042&use=l&cat=p&typeid=i","cat":284608},{"id":233153,"n":"Masque cheveux Fructis Nutrition Beurre de cacao 320ml","p":5.8,"u":"18,13 €/L","img":"https://fd3-photos.leclercdrive.fr/image.ashx?id=2788763&use=l&cat=p&typeid=i","cat":284608},{"id":233204,"n":"Guimauves Chocours Copains copines 600g","p":5.19,"u":"8,65 €/KG","img":"https://fd3-photos.leclercdrive.fr/image.ashx?id=2934778&use=l&cat=p&typeid=i","cat":304250},{"id":233252,"n":"Flammekueches Kauffer's Thon - x2  540g","p":7.15,"u":"13,24 €/KG","img":"https://fd3-photos.leclercdrive.fr/image.ashx?id=2806177&use=l&cat=p&typeid=i","cat":284256},{"id":233269,"n":"Sirop Klein Wanner Fleur de sureau - 70cl","p":3.42,"u":"4,89 €/L","img":"https://fd3-photos.leclercdrive.fr/image.ashx?id=2753082&use=l&cat=p&typeid=i","cat":295020},{"id":233271,"n":"Eponges Spontex Rebelle - 6+2 offertes","p":4.7,"u":"0,78 €/P","img":"https://fd3-photos.leclercdrive.fr/image.ashx?id=2757392&use=l&cat=p&typeid=i","cat":284667},{"id":233280,"n":"Nouilles Tables du Monde Boeuf - 3x65g","p":1.25,"u":"6,41 €/KG","img":"https://fd3-photos.leclercdrive.fr/image.ashx?id=2752545&use=l&cat=p&typeid=i","cat":288992},{"id":233284,"n":"Bougie romantique Glade Vanille  blossom Longue durée","p":6.63,"img":"https://fd3-photos.leclercdrive.fr/image.ashx?id=2753226&use=l&cat=p&typeid=i","cat":284666},{"id":233303,"n":"Plat à four Grand - 38x26cm - x1","p":39.0,"img":"https://fd3-photos.leclercdrive.fr/image.ashx?id=2816785&use=l&cat=p&typeid=i","cat":298490},{"id":233313,"n":"Gel WC Javel Harpic Ultra blancheur Agrumes - 750ml","p":1.77,"u":"2,36 €/L","img":"https://fd3-photos.leclercdrive.fr/image.ashx?id=2864690&use=l&cat=p&typeid=i","cat":284662},{"id":233317,"n":"Bière ambrée Fischer Dorelei 66cl","p":2.61,"u":"3,95 €/L","img":"https://fd3-photos.leclercdrive.fr/image.ashx?id=3008131&use=l&cat=p&typeid=i","cat":334852},{"id":233319,"n":"Détachant Gel Vanish  Blanc  - 750ml","p":6.87,"u":"9,16 €/L","img":"https://fd3-photos.leclercdrive.fr/image.ashx?id=2878111&use=l&cat=p&typeid=i","cat":284651},{"id":233411,"n":"Mini pots Häagen-Dazs Lotus Biscoff Collection 324g","p":4.67,"u":"14,41 €/KG","img":"https://fd3-photos.leclercdrive.fr/image.ashx?id=2893474&use=l&cat=p&typeid=i","cat":284725},{"id":233436,"n":"Coquille St-Jacques et fruits  de mer Eco+ 360g","p":3.97,"u":"11,03 €/KG","img":"https://fd3-photos.leclercdrive.fr/image.ashx?id=2754249&use=l&cat=p&typeid=i","cat":319787},{"id":233473,"n":"Bière blonde Leffe Prestige 124 8,5% - 75cl","p":3.71,"u":"4,95 €/L","img":"https://fd3-photos.leclercdrive.fr/image.ashx?id=2755816&use=l&cat=p&typeid=i","cat":334852},{"id":233474,"n":"Bière blonde Leffe Prestige  8,5% - 12x25cl","p":13.37,"u":"4,46 €/L","img":"https://fd3-photos.leclercdrive.fr/image.ashx?id=2755819&use=l&cat=p&typeid=i","cat":334852},{"id":233611,"n":"Mousseline au saumon Révélation Purina Gourmet - 4x57g","p":2.47,"u":"10,83 €/KG","img":"https://fd3-photos.leclercdrive.fr/image.ashx?id=2757812&use=l&cat=p&typeid=i","cat":285286},{"id":233624,"n":"Baume corps Le Petit Marseillais - Coco - 380ml","p":5.06,"u":"13,32 €/L","img":"https://fd3-photos.leclercdrive.fr/image.ashx?id=2758105&use=l&cat=p&typeid=i","cat":325350},{"id":233625,"n":"Gommage corps Le Petit Marseillais - Coco - 150ml","p":5.47,"u":"36,47 €/L","img":"https://fd3-photos.leclercdrive.fr/image.ashx?id=2758108&use=l&cat=p&typeid=i","cat":325375},{"id":233629,"n":"Shampooing Le Petit Marseillais Force & éclat - 300ml","p":1.91,"u":"6,37 €/L","img":"https://fd3-photos.leclercdrive.fr/image.ashx?id=2758090&use=l&cat=p&typeid=i","cat":284606},{"id":233632,"n":"Shampooing Le Petit Marseillais Douceur & éclat - 300ml","p":2.45,"u":"8,17 €/MT","img":"https://fd3-photos.leclercdrive.fr/image.ashx?id=2758111&use=l&cat=p&typeid=i","cat":284606},{"id":233637,"n":"Concentré Sodastream Grenadine - 440ml","p":4.99,"pp":3.99,"u":"9,07 €/L","img":"https://fd3-photos.leclercdrive.fr/image.ashx?id=2765360&use=l&cat=p&typeid=i","cat":295020},{"id":233638,"n":"Concentré Sodastream Orange - 440ml","p":4.99,"pp":3.99,"u":"9,07 €/L","img":"https://fd3-photos.leclercdrive.fr/image.ashx?id=2765522&use=l&cat=p&typeid=i","cat":295020},{"id":233639,"n":"Concentré Sodastream Limonade - 440ml","p":4.99,"pp":3.99,"u":"90,68 €/L","img":"https://fd3-photos.leclercdrive.fr/image.ashx?id=2758758&use=l&cat=p&typeid=i","cat":295020},{"id":233640,"n":"Concentré Sodastream Tonic - 440ml","p":4.99,"pp":3.99,"u":"9,07 €/L","img":"https://fd3-photos.leclercdrive.fr/image.ashx?id=2765525&use=l&cat=p&typeid=i","cat":295020},{"id":233644,"n":"Escalopes de dinde Eco+ x2 - 240g","p":2.99,"u":"12,46 €/KG","img":"https://fd3-photos.leclercdrive.fr/image.ashx?id=2764797&use=l&cat=p&typeid=i","cat":284337},{"id":233645,"n":"Café Soluble Starbucks Caramel Latte 5 sticks - 115g","p":2.67,"u":"23,22 €/KG","img":"https://fd3-photos.leclercdrive.fr/image.ashx?id=2766099&use=l&cat=p&typeid=i","cat":284843},{"id":233646,"n":"Café Soluble Starbucks White Mocha 5 sticks - 120g","p":2.89,"u":"24,08 €/KG","img":"https://fd3-photos.leclercdrive.fr/image.ashx?id=2758463&use=l&cat=p&typeid=i","cat":284843},{"id":233648,"n":"Capsules Starbucks by Nespresso  Blonde Décaféiné Int 6 - x10","p":3.32,"u":"0,33 €/P","img":"https://fd3-photos.leclercdrive.fr/image.ashx?id=2758469&use=l&cat=p&typeid=i","cat":284749},{"id":233660,"n":"Mikado Chocolat au lait 100g","p":1.7,"u":"17,00 €/KG","img":"https://fd3-photos.leclercdrive.fr/image.ashx?id=3005323&use=l&cat=p&typeid=i","cat":284488},{"id":233702,"n":"Beurre de Franche-Comté Mulin Doux - 250g 82% MG","p":2.0,"u":"8,00 €/KG","img":"https://fd3-photos.leclercdrive.fr/image.ashx?id=2889085&use=l&cat=p&typeid=i","cat":284379},{"id":233729,"n":"Lessive liquide Skip Cycle  Court Efficacité Express x54","p":13.89,"u":"6,43 €/L","img":"https://fd3-photos.leclercdrive.fr/image.ashx?id=2843553&use=l&cat=p&typeid=i","cat":284640},{"id":233730,"n":"Lessive liquide Skip Cycle Court Couleur Protect x54","p":13.89,"u":"6,43 €/L","img":"https://fd3-photos.leclercdrive.fr/image.ashx?id=2842168&use=l&cat=p&typeid=i","cat":284640},{"id":233731,"n":"Lessive liquide Skip Cycle  Court Odeur Control x54","p":13.89,"u":"6,43 €/L","img":"https://fd3-photos.leclercdrive.fr/image.ashx?id=2788253&use=l&cat=p&typeid=i","cat":284640},{"id":233744,"n":"Bâtonnets glace Magnum  Remix Amandes x3 - 198g","p":2.76,"u":"13,94 €/KG","img":"https://fd3-photos.leclercdrive.fr/image.ashx?id=2891758&use=l&cat=p&typeid=i","cat":284265},{"id":233746,"n":"Bâtonnets glace Ferrero Rondnoir x4 - 200g","p":3.7,"u":"18,50 €/KG","img":"https://fd3-photos.leclercdrive.fr/image.ashx?id=2807891&use=l&cat=p&typeid=i","cat":284265},{"id":233755,"n":"Infusion à froid Tiséa  Pêche x15 - 33g","p":1.63,"u":"49,39 €/KG","img":"https://fd3-photos.leclercdrive.fr/image.ashx?id=2929888&use=l&cat=p&typeid=i","cat":293234},{"id":233769,"n":"Dentifrice Oral-B 3D White Artic Fresh - 2x75ml","p":5.93,"u":"39,53 €/L","img":"https://fd3-photos.leclercdrive.fr/image.ashx?id=2804586&use=l&cat=p&typeid=i","cat":284612},{"id":233874,"n":"Boisson Alpro café avoine 750ml","p":2.28,"u":"3,04 €/L","img":"https://fd3-photos.leclercdrive.fr/image.ashx?id=2975416&use=l&cat=p&typeid=i","cat":313736},{"id":233875,"n":"Boisson Alpro café amande 750ml","p":1.93,"u":"2,57 €/L","img":"https://fd3-photos.leclercdrive.fr/image.ashx?id=2814181&use=l&cat=p&typeid=i","cat":313736},{"id":233886,"n":"Dosettes café Senseo Cappuccino x8","p":3.03,"u":"32,93 €/KG","img":"https://fd3-photos.leclercdrive.fr/image.ashx?id=2760187&use=l&cat=p&typeid=i","cat":293238},{"id":233911,"n":"Brochettes poulet Tandoori Deli's World - 170g","p":4.83,"u":"28,41 €/KG","img":"https://fd3-photos.leclercdrive.fr/image.ashx?id=2760984&use=l&cat=p&typeid=i","cat":319774},{"id":233920,"n":"Os Vitakraft Calcium Poulet  Pure Bonas","p":3.97,"img":"https://fd3-photos.leclercdrive.fr/image.ashx?id=2851255&use=l&cat=p&typeid=i","cat":294527},{"id":233944,"n":"Couches Carryboo de nos Régions Couches locales Taille 1 - x24","p":5.45,"img":"https://fd3-photos.leclercdrive.fr/image.ashx?id=2924353&use=l&cat=p&typeid=i","cat":284737},{"id":233946,"n":"Lessive capsules Omo Monoï - 3en1 - x29 - 502g","p":9.14,"u":"18,21 €/KG","img":"https://fd3-photos.leclercdrive.fr/image.ashx?id=2841607&use=l&cat=p&typeid=i","cat":284641},{"id":233947,"n":"Lessive capsules 3en1 Omo Rose & Lilas Blanc - 502g x29","p":8.97,"u":"17,87 €/KG","img":"https://fd3-photos.leclercdrive.fr/image.ashx?id=2841610&use=l&cat=p&typeid=i","cat":284641},{"id":233949,"n":"Lessive capsules 3en1 Omo Lavande & Patchouli - x29 502g","p":10.77,"u":"21,45 €/KG","img":"https://fd3-photos.leclercdrive.fr/image.ashx?id=2832599&use=l&cat=p&typeid=i","cat":284641},{"id":233950,"n":"Lessive capsules 3en1 Omo Jasmin fleur de coton 502g x29","p":9.14,"u":"18,21 €/KG","img":"https://fd3-photos.leclercdrive.fr/image.ashx?id=2841613&use=l&cat=p&typeid=i","cat":284641},{"id":233953,"n":"Lessive liquide Skip Cycle  Court Efficacité Express x37","p":10.29,"u":"6,95 €/L","img":"https://fd3-photos.leclercdrive.fr/image.ashx?id=2910240&use=l&cat=p&typeid=i","cat":284640},{"id":233955,"n":"Lessive liquide Skip Cycle Court Odeur Control x37","p":10.32,"u":"6,97 €/L","img":"https://fd3-photos.leclercdrive.fr/image.ashx?id=2927735&use=l&cat=p&typeid=i","cat":284640},{"id":233956,"n":"Lessive liquide Omo Rose & Lilas Blanc - 1.76L","p":9.93,"u":"5,63 €/L","img":"https://fd3-photos.leclercdrive.fr/image.ashx?id=2818208&use=l&cat=p&typeid=i","cat":284640},{"id":233963,"n":"Lessive liquide Skip Cycle Court Couleur Protect x37","p":10.32,"u":"6,97 €/L","img":"https://fd3-photos.leclercdrive.fr/image.ashx?id=2910246&use=l&cat=p&typeid=i","cat":284640},{"id":234006,"n":"Bol nouilles instantanées Crevettes épicées - 115g","p":2.88,"u":"25,04 €/KG","img":"https://fd3-photos.leclercdrive.fr/image.ashx?id=2764080&use=l&cat=p&typeid=i","cat":288992},{"id":234007,"n":"Bol nouilles épicées \"Super Spicy\" - 68g","p":1.32,"u":"19,41 €/KG","img":"https://fd3-photos.leclercdrive.fr/image.ashx?id=2762361&use=l&cat=p&typeid=i","cat":288992},{"id":234019,"n":"Bol nouilles instantanées  Daisuki - Poulet Teriyaki 60g","p":1.41,"u":"23,50 €/KG","img":"https://fd3-photos.leclercdrive.fr/image.ashx?id=2762001&use=l&cat=p&typeid=i","cat":288992},{"id":234099,"n":"Confiture Extra Beyer Morceaux coings - 370g","p":3.07,"u":"8,30 €/KG","img":"https://fd3-photos.leclercdrive.fr/image.ashx?id=2953884&use=l&cat=p&typeid=i","cat":284480},{"id":234103,"n":"Munster pour munstiflette Maison Dodin 27% MG - 490g","p":6.78,"u":"13,84 €/KG","img":"https://fd3-photos.leclercdrive.fr/image.ashx?id=2762181&use=l&cat=p&typeid=i","cat":314037},{"id":234107,"n":"Jambon sec de Savoie Henri Raffin - 10 tranches 200g","p":5.97,"u":"29,85 €/KG","img":"https://fd3-photos.leclercdrive.fr/image.ashx?id=2762784&use=l&cat=p&typeid=i","cat":316007},{"id":234111,"n":"Rosette Henri Raffin 24 tranches - 200g","p":5.13,"u":"25,65 €/KG","img":"https://fd3-photos.leclercdrive.fr/image.ashx?id=2762787&use=l&cat=p&typeid=i","cat":316007},{"id":234115,"n":"Café en grains Arabica Illy Brésil - 250g","p":7.46,"u":"29,84 €/KG","img":"https://fd3-photos.leclercdrive.fr/image.ashx?id=2762304&use=l&cat=p&typeid=i","cat":293237},{"id":234116,"n":"Dosettes café Illy Classico - x18  131g","p":4.89,"u":"37,33 €/KG","img":"https://fd3-photos.leclercdrive.fr/image.ashx?id=2762301&use=l&cat=p&typeid=i","cat":284749},{"id":234117,"n":"Biscuits Chocolune Kambly Lot 2x100g","p":3.95,"u":"19,75 €/KG","img":"https://fd3-photos.leclercdrive.fr/image.ashx?id=2762286&use=l&cat=p&typeid=i","cat":284490},{"id":234150,"n":"Crème de douche Cadum Douceur velours - 450ml","p":2.87,"u":"6,38 €/L","img":"https://fd3-photos.leclercdrive.fr/image.ashx?id=2802518&use=l&cat=p&typeid=i","cat":284594},{"id":234151,"n":"Déodorant bille Narta  Resixyl 72h - 50ml","p":3.91,"u":"78,20 €/L","img":"https://fd3-photos.leclercdrive.fr/image.ashx?id=2769017&use=l&cat=p&typeid=i","cat":284595},{"id":234152,"n":"Déodorant bille Ushuaïa Monoï & tiaré - 50ml","p":2.74,"u":"54,80 €/L","img":"https://fd3-photos.leclercdrive.fr/image.ashx?id=2769020&use=l&cat=p&typeid=i","cat":284595},{"id":234155,"n":"Déodorant bille femme Ushuaïa Grenade açores - 50ml","p":2.54,"u":"50,80 €/L","img":"https://fd3-photos.leclercdrive.fr/image.ashx?id=2789092&use=l&cat=p&typeid=i","cat":284595},{"id":234156,"n":"Déodorant bille Ushuaïa Vanille - 50ml","p":2.54,"u":"50,80 €/L","img":"https://fd3-photos.leclercdrive.fr/image.ashx?id=2769023&use=l&cat=p&typeid=i","cat":284595},{"id":234157,"n":"Déodorant spray Ushuaïa Grenade - 200ml","p":2.52,"u":"12,60 €/L","img":"https://fd3-photos.leclercdrive.fr/image.ashx?id=2769026&use=l&cat=p&typeid=i","cat":284595},{"id":234158,"n":"Déodorant spray Ushuaïa Orchidée - 200ml","p":2.52,"u":"12,60 €/L","img":"https://fd3-photos.leclercdrive.fr/image.ashx?id=2769029&use=l&cat=p&typeid=i","cat":284595},{"id":234159,"n":"Déodorant spray Ushuaïa Vanille - 200ml","p":2.52,"u":"12,60 €/L","img":"https://fd3-photos.leclercdrive.fr/image.ashx?id=2769032&use=l&cat=p&typeid=i","cat":284595},{"id":234166,"n":"Déodorant spray homme Narta Resixyl Physio - 200ml","p":4.95,"u":"24,75 €/L","img":"https://fd3-photos.leclercdrive.fr/image.ashx?id=2769044&use=l&cat=p&typeid=i","cat":284596},{"id":234168,"n":"Déodorant bille homme Narta Resixyl Physio - 50ml","p":3.91,"u":"78,20 €/L","img":"https://fd3-photos.leclercdrive.fr/image.ashx?id=2769035&use=l&cat=p&typeid=i","cat":284596},{"id":234174,"n":"Maxi briquets à pierre Bic Blister de 5 pièces","p":5.57,"u":"1,11 €/P","img":"https://fd3-photos.leclercdrive.fr/image.ashx?id=2887602&use=l&cat=p&typeid=i","cat":300578},{"id":234241,"n":"Pétales de maïs Bio Naturaline - 250g","p":3.03,"u":"12,12 €/KG","img":"https://fd3-photos.leclercdrive.fr/image.ashx?id=2763406&use=l&cat=p&typeid=i","cat":284430},{"id":234242,"n":"Nouilles Lustucru aux oeufs - 500g","p":1.94,"u":"3,88 €/KG","img":"https://fd3-photos.leclercdrive.fr/image.ashx?id=2763595&use=l&cat=p&typeid=i","cat":284427},{"id":234245,"n":"Sirop de Caranougat Carambar - 75cl","p":4.03,"u":"5,37 €/L","img":"https://fd3-photos.leclercdrive.fr/image.ashx?id=2763211&use=l&cat=p&typeid=i","cat":295020},{"id":234247,"n":"Bloc WC Bref Marine - 1p","p":5.18,"img":"https://fd3-photos.leclercdrive.fr/image.ashx?id=2965034&use=l&cat=p&typeid=i","cat":284662},{"id":234248,"n":"Bloc WC Bref Deluxe Magnolia précieux - 1p","p":5.15,"img":"https://fd3-photos.leclercdrive.fr/image.ashx?id=2936134&use=l&cat=p&typeid=i","cat":284662},{"id":234258,"n":"Fruits au sirop St-Mamet Cocktail - Maxi format - 6x65g","p":3.78,"u":"9,69 €/KG","img":"https://fd3-photos.leclercdrive.fr/image.ashx?id=2776320&use=l&cat=p&typeid=i","cat":284507},{"id":234266,"n":"Olives vertes dénoyautées  Tropic Apéro orientale 400g","p":4.28,"u":"10,70 €/KG","img":"https://fd3-photos.leclercdrive.fr/image.ashx?id=2763418&use=l&cat=p&typeid=i","cat":316002},{"id":234268,"n":"Haricots verts d'aucy  Cuisson vapeur - 4/4","p":2.52,"u":"5,54 €/KG","img":"https://fd3-photos.leclercdrive.fr/image.ashx?id=2763085&use=l&cat=p&typeid=i","cat":312606},{"id":234273,"n":"Aérosol Glade aux huiles  essentielles - Vanille 300ml","p":2.37,"u":"7,90 €/L","img":"https://fd3-photos.leclercdrive.fr/image.ashx?id=2763682&use=l&cat=p&typeid=i","cat":311626},{"id":234274,"n":"Aérosol Glade huile essentielle  jasmin et bois santal 300ml","p":1.99,"u":"6,63 €/L","img":"https://fd3-photos.leclercdrive.fr/image.ashx?id=2763685&use=l&cat=p&typeid=i","cat":311626},{"id":234275,"n":"Recharge désodorisant Glade Touch&Fresh - Linge propre 10ml","p":3.48,"u":"348,00 €/L","img":"https://fd3-photos.leclercdrive.fr/image.ashx?id=2763727&use=l&cat=p&typeid=i","cat":311626},{"id":234276,"n":"Recharge désodorisant Glade Touch&Fresh Zen - 10ml","p":3.59,"u":"359,00 €/L","img":"https://fd3-photos.leclercdrive.fr/image.ashx?id=2763730&use=l&cat=p&typeid=i","cat":311626},{"id":234277,"n":"Recharge désodorisant Glade Touch&Fresh Citron - 10ml","p":3.52,"u":"352,00 €/L","img":"https://fd3-photos.leclercdrive.fr/image.ashx?id=2914735&use=l&cat=p&typeid=i","cat":311626},{"id":234278,"n":"Recharge désodorisant Glade Touch&Fresh Lavande Aloe 10ml","p":3.38,"u":"338,00 €/L","img":"https://fd3-photos.leclercdrive.fr/image.ashx?id=2914747&use=l&cat=p&typeid=i","cat":311626},{"id":234279,"n":"Recharge désodorisant Glade Touch&Fresh Ocean - 10ml","p":3.39,"u":"339,00 €/L","img":"https://fd3-photos.leclercdrive.fr/image.ashx?id=2914738&use=l&cat=p&typeid=i","cat":311629},{"id":234280,"n":"Recharge désodorisant Glade Touch&Fresh Vanille - 10ml","p":3.38,"u":"338,00 €/L","img":"https://fd3-photos.leclercdrive.fr/image.ashx?id=2914741&use=l&cat=p&typeid=i","cat":311629},{"id":234281,"n":"Gel parfumé Glade huiles essentielles - Lavande 150g","p":1.43,"u":"9,53 €/KG","img":"https://fd3-photos.leclercdrive.fr/image.ashx?id=2763748&use=l&cat=p&typeid=i","cat":311628},{"id":234282,"n":"Gel parfumé Glade huiles essentielles Linge propre 150g","p":1.79,"u":"11,93 €/KG","img":"https://fd3-photos.leclercdrive.fr/image.ashx?id=2763742&use=l&cat=p&typeid=i","cat":311628},{"id":234283,"n":"Gel parfumé Glade huiles essentielles - Marine 150g","p":1.86,"u":"12,40 €/KG","img":"https://fd3-photos.leclercdrive.fr/image.ashx?id=2763745&use=l&cat=p&typeid=i","cat":311628},{"id":234284,"n":"Gel parfumé Glade huiles essentielles salle de bain 150g","p":2.66,"u":"17,73 €/KG","img":"https://fd3-photos.leclercdrive.fr/image.ashx?id=2828460&use=l&cat=p&typeid=i","cat":311628},{"id":234290,"n":"KINDER Surprise PLAYMOBIL Chocolat au lait - 3x20g","p":3.02,"u":"50,33 €/KG","img":"https://fd3-photos.leclercdrive.fr/image.ashx?id=2948495&use=l&cat=p&typeid=i","cat":284958},{"id":234291,"n":"KINDER Surprise Natoons Dino Chocolat au lait - 3x20g","p":3.47,"u":"57,83 €/KG","img":"https://fd3-photos.leclercdrive.fr/image.ashx?id=2940537&use=l&cat=p&typeid=i","cat":284958},{"id":234292,"n":"KINDER Surprise Licorne Chocolat au lait - 3x20g","p":3.53,"u":"58,83 €/KG","img":"https://fd3-photos.leclercdrive.fr/image.ashx?id=2883756&use=l&cat=p&typeid=i","cat":284958},{"id":234294,"n":"Recharge Sense & Spray Glade Lavande Jasmin - 18ml","p":3.83,"u":"212,78 €/L","img":"https://fd3-photos.leclercdrive.fr/image.ashx?id=2763694&use=l&cat=p&typeid=i","cat":311629},{"id":234295,"n":"Recharge Sense & Spray Glade Linge propre - 18ml","p":3.97,"u":"220,56 €/L","img":"https://fd3-photos.leclercdrive.fr/image.ashx?id=2763688&use=l&cat=p&typeid=i","cat":311629},{"id":234296,"n":"Recharge Sense & Spray Glade Vanille - 18ml","p":4.06,"u":"225,56 €/L","img":"https://fd3-photos.leclercdrive.fr/image.ashx?id=2763691&use=l&cat=p&typeid=i","cat":311629},{"id":234297,"n":"Recharge Sense & Spray Glade Zen - 2x18ml","p":6.93,"pp":4.16,"u":"115,56 €/L","img":"https://fd3-photos.leclercdrive.fr/image.ashx?id=2763700&use=l&cat=p&typeid=i","cat":311629},{"id":234298,"n":"Recharge Sense & Spray Glade Bois Santal et Jasmin - 2x18ml","p":6.93,"pp":4.16,"u":"115,56 €/L","img":"https://fd3-photos.leclercdrive.fr/image.ashx?id=2763706&use=l&cat=p&typeid=i","cat":311629},{"id":234299,"n":"Recharge Sense & Spray Glade Linge propre - 2x18ml","p":6.93,"pp":4.16,"u":"115,56 €/L","img":"https://fd3-photos.leclercdrive.fr/image.ashx?id=2763697&use=l&cat=p&typeid=i","cat":311629},{"id":234300,"n":"Recharge Sense & Spray Glade Vanille - 2x18ml","p":6.93,"pp":4.16,"u":"115,56 €/L","img":"https://fd3-photos.leclercdrive.fr/image.ashx?id=2763703&use=l&cat=p&typeid=i","cat":311629},{"id":234301,"n":"Recharge diffuseur Glade Linge propre - 269ml","p":4.4,"u":"16,36 €/L","img":"https://fd3-photos.leclercdrive.fr/image.ashx?id=2864161&use=l&cat=p&typeid=i","cat":311629},{"id":234302,"n":"Recharge diffuseur Glade Bubbly Berry Splash - 269ml","p":4.43,"u":"16,47 €/L","img":"https://fd3-photos.leclercdrive.fr/image.ashx?id=2864173&use=l&cat=p&typeid=i","cat":311629},{"id":234303,"n":"Recharge diffuseur Glade Vanille - 269ml","p":3.58,"u":"13,31 €/L","img":"https://fd3-photos.leclercdrive.fr/image.ashx?id=2864164&use=l&cat=p&typeid=i","cat":311629},{"id":234304,"n":"Recharge diffuseur Glade Pomme cannelle - 269ml","p":5.0,"u":"18,59 €/L","img":"https://fd3-photos.leclercdrive.fr/image.ashx?id=2864155&use=l&cat=p&typeid=i","cat":311629},{"id":234305,"n":"Recharge diffuseur Glade Lavande Jasmin - 269ml","p":5.0,"u":"18,59 €/L","img":"https://fd3-photos.leclercdrive.fr/image.ashx?id=2864167&use=l&cat=p&typeid=i","cat":311629},{"id":234313,"n":"Crème glacée Häagen-Dazs  Salted Caramel - 460ml","p":3.32,"u":"7,22 €/L","img":"https://fd3-photos.leclercdrive.fr/image.ashx?id=2893432&use=l&cat=p&typeid=i","cat":284725},{"id":234333,"n":"Gourdes Pom'Potes Pomme poire banane x96 - 8.64kg","p":35.22,"u":"4,08 €/KG","img":"https://fd3-photos.leclercdrive.fr/image.ashx?id=2918553&use=l&cat=p&typeid=i","cat":284508},{"id":234350,"n":"Lentilles Vertes de France 1kg","p":3.9,"u":"3,90 €/KG","img":"https://fd3-photos.leclercdrive.fr/image.ashx?id=2763172&use=l&cat=p&typeid=i","cat":284430},{"id":234360,"n":"Café en grains Oncle Hansi Intense - Cafés Sati - 1kg","p":18.97,"u":"18,97 €/KG","img":"https://fd3-photos.leclercdrive.fr/image.ashx?id=2769639&use=l&cat=p&typeid=i","cat":293237},{"id":234370,"n":"Cornichons Croq'Vert  Amora Extra-fins aux épices 210g","p":1.93,"u":"9,19 €/KG","img":"https://fd3-photos.leclercdrive.fr/image.ashx?id=2770671&use=l&cat=p&typeid=i","cat":284458},{"id":234372,"n":"Dessert brassé végétal Andros Fruits exotiques - 6x100g","p":2.35,"u":"3,92 €/KG","img":"https://fd3-photos.leclercdrive.fr/image.ashx?id=2855981&use=l&cat=p&typeid=i","cat":316071},{"id":234374,"n":"Dessert brassé végétal Andros Vanille Bourbon 6x100g","p":2.35,"u":"3,92 €/KG","img":"https://fd3-photos.leclercdrive.fr/image.ashx?id=2881957&use=l&cat=p&typeid=i","cat":316071},{"id":234375,"n":"Nouilles Tables du Monde Poulet - 3x65g","p":1.39,"u":"7,13 €/KG","img":"https://fd3-photos.leclercdrive.fr/image.ashx?id=2763045&use=l&cat=p&typeid=i","cat":288992},{"id":234378,"n":"Bâtonnets Magnum Wonder Chocolat blanc caramélisé 208g","p":2.95,"u":"14,18 €/KG","img":"https://fd3-photos.leclercdrive.fr/image.ashx?id=2764044&use=l&cat=p&typeid=i","cat":284265},{"id":234379,"n":"Bâtonnets Magnum Euphoria Pink limonade x3 - 208g","p":2.68,"u":"12,88 €/KG","img":"https://fd3-photos.leclercdrive.fr/image.ashx?id=2788121&use=l&cat=p&typeid=i","cat":284265},{"id":234406,"n":"Café dosettes Tassimo L'Or Café Long Décaféiné x16","p":5.65,"u":"53,30 €/KG","img":"https://fd3-photos.leclercdrive.fr/image.ashx?id=2807096&use=l&cat=p&typeid=i","cat":284749},{"id":234477,"n":"Chips Bret's Rôtisserie 120g","p":2.28,"u":"19,00 €/KG","img":"https://fd3-photos.leclercdrive.fr/image.ashx?id=2765222&use=l&cat=p&typeid=i","cat":284447},{"id":234480,"n":"Infusion Kusmi Tea Thym camomile x20 - 24g","p":4.5,"u":"187,50 €/KG","img":"https://fd3-photos.leclercdrive.fr/image.ashx?id=2765258&use=l&cat=p&typeid=i","cat":293234},{"id":234481,"n":"Thé noir Bio Kusmi Tea Tchai of the tiger x20 - 40g","p":7.26,"u":"181,50 €/KG","img":"https://fd3-photos.leclercdrive.fr/image.ashx?id=2765249&use=l&cat=p&typeid=i","cat":293233},{"id":234482,"n":"Infusion sans théine Kusmi Tea Rituel sommeil x18 - 36g","p":6.91,"u":"191,94 €/KG","img":"https://fd3-photos.leclercdrive.fr/image.ashx?id=2765252&use=l&cat=p&typeid=i","cat":293234},{"id":234483,"n":"Infusion sans théine Kusmi Tea Défenses immunitaires x18 - 36g","p":6.86,"u":"190,56 €/KG","img":"https://fd3-photos.leclercdrive.fr/image.ashx?id=2765255&use=l&cat=p&typeid=i","cat":293234},{"id":234507,"n":"Café froid Nescafé Latte  Expresso - 240ml","p":1.73,"u":"7,21 €/L","img":"https://fd3-photos.leclercdrive.fr/image.ashx?id=2980149&use=l&cat=p&typeid=i","cat":295246},{"id":234509,"n":"Thé vert en capsules Lipton Marrakech - x10 25g","p":4.12,"u":"164,80 €/KG","img":"https://fd3-photos.leclercdrive.fr/image.ashx?id=2769143&use=l&cat=p&typeid=i","cat":293233},{"id":234511,"n":"Thé noir Yellow Label Lipton Bio - x25 - 50g","p":1.88,"u":"37,60 €/KG","img":"https://fd3-photos.leclercdrive.fr/image.ashx?id=2938827&use=l&cat=p&typeid=i","cat":293233},{"id":234514,"n":"Infusion Elephant Ligne equilibre x12 - 30g","p":3.32,"u":"110,67 €/KG","img":"https://fd3-photos.leclercdrive.fr/image.ashx?id=2769128&use=l&cat=p&typeid=i","cat":293234},{"id":234515,"n":"Infusion verneine Elephant Citronnée camomille - 34g","p":2.87,"u":"84,41 €/KG","img":"https://fd3-photos.leclercdrive.fr/image.ashx?id=2769125&use=l&cat=p&typeid=i","cat":293234},{"id":234518,"n":"Infusion douce Pukka Bio relaxation x20 - 30g","p":5.57,"u":"185,67 €/KG","img":"https://fd3-photos.leclercdrive.fr/image.ashx?id=2769122&use=l&cat=p&typeid=i","cat":293234},{"id":234519,"n":"Infusion Pukka Delice de curcuma x20 36g","p":5.57,"u":"154,72 €/KG","img":"https://fd3-photos.leclercdrive.fr/image.ashx?id=2901088&use=l&cat=p&typeid=i","cat":293234},{"id":234521,"n":"Boisson Jafun Pomme cassis framboise 1L","p":1.35,"u":"1,35 €/L","img":"https://fd3-photos.leclercdrive.fr/image.ashx?id=2764745&use=l&cat=p&typeid=i","cat":295018},{"id":234523,"n":"Thé noir en vrac Lipton Fruits rouges à la fraise 150g","p":6.17,"u":"41,13 €/KG","img":"https://fd3-photos.leclercdrive.fr/image.ashx?id=2769146&use=l&cat=p&typeid=i","cat":293233},{"id":234526,"n":"Infusion Amour Pukka Bio x20 - 24g","p":5.57,"u":"232,08 €/KG","img":"https://fd3-photos.leclercdrive.fr/image.ashx?id=2769110&use=l&cat=p&typeid=i","cat":293234},{"id":234597,"n":"Glaces Twister Mini Tropical 8 bâtonnets - 348g","p":2.93,"u":"8,42 €/KG","img":"https://fd3-photos.leclercdrive.fr/image.ashx?id=3009317&use=l&cat=p&typeid=i","cat":285250},{"id":234598,"n":"Glaces Twister Mini Ananas Fraise Citron 8 bâtonnets 312g","p":3.97,"u":"12,72 €/KG","img":"https://fd3-photos.leclercdrive.fr/image.ashx?id=3009281&use=l&cat=p&typeid=i","cat":285250},{"id":234606,"n":"Skyr Siggi's  Noisette - 2x140g","p":2.17,"u":"7,75 €/KG","img":"https://fd3-photos.leclercdrive.fr/image.ashx?id=3007963&use=l&cat=p&typeid=i","cat":315000},{"id":234615,"n":"Bière Cherry 8.6 7.2%  50cl","p":1.89,"u":"3,78 €/L","img":"https://fd3-photos.leclercdrive.fr/image.ashx?id=2766102&use=l&cat=p&typeid=i","cat":334853},{"id":234745,"n":"Thon entier Rio Mare  filet d'huile d'olive - 120g","p":3.27,"u":"27,25 €/KG","img":"https://fd3-photos.leclercdrive.fr/image.ashx?id=2767240&use=l&cat=p&typeid=i","cat":303867},{"id":234747,"n":"Galette moelleuse  Saint Michel Chocolat blanc - 360g","p":4.42,"u":"12,28 €/KG","img":"https://fd3-photos.leclercdrive.fr/image.ashx?id=2949985&use=l&cat=p&typeid=i","cat":284495},{"id":234757,"n":"Déodorant bille Rexona  Invisible Aqua 72h - 2x50ml","p":5.1,"u":"51,00 €/L","img":"https://fd3-photos.leclercdrive.fr/image.ashx?id=2943798&use=l&cat=p&typeid=i","cat":284595},{"id":234761,"n":"Pâte à tartiner Nutella vegetal Plant Based -350g","p":3.66,"u":"10,46 €/KG","img":"https://fd3-photos.leclercdrive.fr/image.ashx?id=2792987&use=l&cat=p&typeid=i","cat":284481},{"id":234799,"n":"Rillettes de thon sel Guérande Les Mouettes d'Arvor - 125g","p":2.75,"u":"22,00 €/KG","img":"https://fd3-photos.leclercdrive.fr/image.ashx?id=2767917&use=l&cat=p&typeid=i","cat":303867},{"id":234857,"n":"Yaourt végétal brassé Andros Multifruit Lait d'amande 4x100g","p":2.57,"u":"6,43 €/KG","img":"https://fd3-photos.leclercdrive.fr/image.ashx?id=2872009&use=l&cat=p&typeid=i","cat":284933},{"id":234858,"n":"Yaourt brassé végétal Andros Lait de coco Nature - 8x100g","p":4.35,"u":"5,44 €/KG","img":"https://fd3-photos.leclercdrive.fr/image.ashx?id=2872027&use=l&cat=p&typeid=i","cat":284933},{"id":234860,"n":"Fromage Mini Caprice Des Dieux Filet de 4 Portions - 200g","p":3.22,"u":"16,10 €/KG","img":"https://fd3-photos.leclercdrive.fr/image.ashx?id=2768933&use=l&cat=p&typeid=i","cat":314033},{"id":234861,"n":"Jus de pomme pêche poire  Jafaden - 90cl","p":2.26,"u":"2,51 €/L","img":"https://fd3-photos.leclercdrive.fr/image.ashx?id=2916731&use=l&cat=p&typeid=i","cat":285435},{"id":234866,"n":"Mini nems au poulet Tables du Monde x8 - 240g","p":3.68,"u":"15,33 €/KG","img":"https://fd3-photos.leclercdrive.fr/image.ashx?id=2768484&use=l&cat=p&typeid=i","cat":319774},{"id":234867,"n":"Mini nems au porc Tables du Monde x8 - 240g","p":2.82,"u":"11,75 €/KG","img":"https://fd3-photos.leclercdrive.fr/image.ashx?id=2768487&use=l&cat=p&typeid=i","cat":319774},{"id":234869,"n":"Gâteau moelleux Chocalin Harrys Cacao et Chocolat X10 - 350G","p":3.31,"u":"9,46 €/KG","img":"https://fd3-photos.leclercdrive.fr/image.ashx?id=2962464&use=l&cat=p&typeid=i","cat":284495},{"id":234870,"n":"Gâteaux Choco Mousse Harrys Fourrés au chocolat  X8 - 280G","p":2.72,"u":"9,71 €/KG","img":"https://fd3-photos.leclercdrive.fr/image.ashx?id=2985069&use=l&cat=p&typeid=i","cat":284495},{"id":234873,"n":"Glaçons cubes Eco+ 2kg","p":1.99,"u":"1,00 €/KG","img":"https://fd3-photos.leclercdrive.fr/image.ashx?id=2768758&use=l&cat=p&typeid=i","cat":285987},{"id":234875,"n":"Purée de tomates Heinz x 3 - 212g","p":2.02,"u":"3,18 €/KG","img":"https://fd3-photos.leclercdrive.fr/image.ashx?id=2927004&use=l&cat=p&typeid=i","cat":288384},{"id":234876,"n":"Purée de tomates Heinz - 520g","p":1.17,"u":"2,25 €/KG","img":"https://fd3-photos.leclercdrive.fr/image.ashx?id=2926999&use=l&cat=p&typeid=i","cat":288384},{"id":234947,"n":"Filets de thon Rio Mare Huile d'Olive & Gingembre -130g","p":4.47,"u":"34,38 €/KG","img":"https://fd3-photos.leclercdrive.fr/image.ashx?id=2770915&use=l&cat=p&typeid=i","cat":303867},{"id":234959,"n":"Croissants prêts à cuire Eco+ x20 - 1.1kg","p":5.7,"u":"5,18 €/KG","img":"https://fd3-photos.leclercdrive.fr/image.ashx?id=2770286&use=l&cat=p&typeid=i","cat":284267},{"id":234960,"n":"Pains au chocolat Eco+ x20 - 1.2kg","p":5.99,"u":"4,99 €/KG","img":"https://fd3-photos.leclercdrive.fr/image.ashx?id=2770289&use=l&cat=p&typeid=i","cat":284267},{"id":234961,"n":"Ampoule Led Osram B22D 4,9W - x3","p":7.37,"u":"Dont 0,86 € d'éco-part.","img":"https://fd3-photos.leclercdrive.fr/image.ashx?id=2770837&use=l&cat=p&typeid=i","cat":300573},{"id":234962,"n":"Ampoule Led Osram E14 4.9W - x3","p":5.37,"u":"Dont 0,86 € d'éco-part.","img":"https://fd3-photos.leclercdrive.fr/image.ashx?id=2770840&use=l&cat=p&typeid=i","cat":300573},{"id":234984,"n":"Dentifrice Sanogyl Biome  Protège gencives - 2x75ml","p":6.2,"u":"41,33 €/L","img":"https://fd3-photos.leclercdrive.fr/image.ashx?id=2771211&use=l&cat=p&typeid=i","cat":284612},{"id":235007,"n":"Mais Bio Village  2x140g","p":1.49,"u":"5,32 €/KG","img":"https://fd3-photos.leclercdrive.fr/image.ashx?id=3002722&use=l&cat=p&typeid=i","cat":312611},{"id":235016,"n":"Chocolats  Lucky Monkey Lindt Céréales - 100g","p":2.83,"u":"28,30 €/KG","img":"https://fd3-photos.leclercdrive.fr/image.ashx?id=2773068&use=l&cat=p&typeid=i","cat":284497},{"id":235051,"n":"Repas bébé Blédichef 12 mois  Risotto épinards Kiri - 230g","p":2.02,"u":"8,78 €/KG","img":"https://fd3-photos.leclercdrive.fr/image.ashx?id=2852375&use=l&cat=p&typeid=i","cat":312237},{"id":235065,"n":"Repas bébé Blédichef 15 mois  Pâtes poireaux et kiri -250g","p":1.96,"u":"7,84 €/KG","img":"https://fd3-photos.leclercdrive.fr/image.ashx?id=2928420&use=l&cat=p&typeid=i","cat":312238},{"id":235066,"n":"Repas bébé Blédichef 12 mois Potirons et panais -2x230g","p":3.97,"u":"8,63 €/KG","img":"https://fd3-photos.leclercdrive.fr/image.ashx?id=2935780&use=l&cat=p&typeid=i","cat":312237},{"id":235067,"n":"Repas bébé Blédichef Dès 12mois Carotte et semoule - 4x230g","p":6.74,"u":"7,33 €/KG","img":"https://fd3-photos.leclercdrive.fr/image.ashx?id=2773216&use=l&cat=p&typeid=i","cat":312237},{"id":235068,"n":"Repas bébé Blédichef 15 mois Lasagne bolognaise -230g","p":2.82,"u":"12,26 €/KG","img":"https://fd3-photos.leclercdrive.fr/image.ashx?id=2975098&use=l&cat=p&typeid=i","cat":312238},{"id":235069,"n":"Repas bébé Blédichef 15 mois Lasagnes légumes -230g","p":2.78,"u":"12,09 €/KG","img":"https://fd3-photos.leclercdrive.fr/image.ashx?id=2865632&use=l&cat=p&typeid=i","cat":312238},{"id":235073,"n":"Repas bébé Blédichef 15 mois  Brocolis petits pois  -230g","p":2.37,"u":"11,85 €/KG","img":"https://fd3-photos.leclercdrive.fr/image.ashx?id=2773219&use=l&cat=p&typeid=i","cat":312238},{"id":235078,"n":"Repas bébé Blédichef 15 mois Carottes lentilles corail -200g","p":2.37,"u":"11,85 €/KG","img":"https://fd3-photos.leclercdrive.fr/image.ashx?id=2866304&use=l&cat=p&typeid=i","cat":312238},{"id":235079,"n":"Lait infantile Hipp Biologique Bio Dès 6 mois Combiotic  800g","p":17.75,"u":"22,19 €/KG","img":"https://fd3-photos.leclercdrive.fr/image.ashx?id=2926828&use=l&cat=p&typeid=i","cat":284727},{"id":235081,"n":"Plat cuisiné William Saurin Trio gourmand boeuf - 320g","p":3.67,"u":"11,47 €/KG","img":"https://fd3-photos.leclercdrive.fr/image.ashx?id=2986386&use=l&cat=p&typeid=i","cat":284953},{"id":235082,"n":"Plat cuisiné William Saurin Trio gourmand merlu - 320g","p":3.88,"u":"12,13 €/KG","img":"https://fd3-photos.leclercdrive.fr/image.ashx?id=2986389&use=l&cat=p&typeid=i","cat":284953},{"id":235083,"n":"Plat cuisiné William Saurin Trio gourmand poulet pesto 320g","p":3.67,"u":"11,47 €/KG","img":"https://fd3-photos.leclercdrive.fr/image.ashx?id=2986383&use=l&cat=p&typeid=i","cat":284953},{"id":235084,"n":"Plat cuisiné William Saurin Trio gourmand 320g","p":3.67,"u":"11,47 €/KG","img":"https://fd3-photos.leclercdrive.fr/image.ashx?id=2986380&use=l&cat=p&typeid=i","cat":284953},{"id":235121,"n":"Morceaux de thon Petit Navire Au naturel - 3x112g","p":4.34,"u":"12,92 €/KG","img":"https://fd3-photos.leclercdrive.fr/image.ashx?id=2887488&use=l&cat=p&typeid=i","cat":303867},{"id":235127,"n":"Biscuits parmesan poivre Savour 100g","p":1.85,"u":"18,50 €/KG","img":"https://fd3-photos.leclercdrive.fr/image.ashx?id=2791048&use=l&cat=p&typeid=i","cat":297000},{"id":235133,"n":"Cabécou du Périgord NRT - 3x35g","p":2.19,"u":"20,86 €/KG","img":"https://fd3-photos.leclercdrive.fr/image.ashx?id=2788984&use=l&cat=p&typeid=i","cat":314031},{"id":235204,"n":"Vodka Sobieski Bib 1,5L","p":23.26,"u":"15,51 €/L","img":"https://fd3-photos.leclercdrive.fr/image.ashx?id=2775532&use=l&cat=p&typeid=i","cat":284550},{"id":235241,"n":"Pate à tartiner Bonne Maman Cacahuète et cacao - 560g","p":5.99,"u":"10,70 €/KG","img":"https://fd3-photos.leclercdrive.fr/image.ashx?id=2985360&use=l&cat=p&typeid=i","cat":284481},{"id":235243,"n":"Pate à tartiner Bonne Maman Cacahuète et cacao - 350g","p":3.27,"u":"9,34 €/KG","img":"https://fd3-photos.leclercdrive.fr/image.ashx?id=2986663&use=l&cat=p&typeid=i","cat":284481},{"id":235247,"n":"M&M's Peanut x5 180g","p":1.93,"u":"10,72 €/KG","img":"https://fd3-photos.leclercdrive.fr/image.ashx?id=3009011&use=l&cat=p&typeid=i","cat":304238},{"id":235260,"n":"Pâte Lotus Biscoff Speculoos Creamy - 410g","p":3.74,"u":"9,12 €/KG","img":"https://fd3-photos.leclercdrive.fr/image.ashx?id=2776208&use=l&cat=p&typeid=i","cat":284481},{"id":235265,"n":"Chips Tuiles Pringles  Fromage Oignon - 165g","p":2.37,"u":"14,36 €/KG","img":"https://fd3-photos.leclercdrive.fr/image.ashx?id=2775664&use=l&cat=p&typeid=i","cat":287899},{"id":235272,"n":"Café froid Nescafé Latte  Cappuccino - 240ml","p":1.73,"u":"7,21 €/L","img":"https://fd3-photos.leclercdrive.fr/image.ashx?id=2980145&use=l&cat=p&typeid=i","cat":313735},{"id":235273,"n":"Café froid Nescafé Latte  Cookies - 240ml","p":1.77,"u":"7,38 €/L","img":"https://fd3-photos.leclercdrive.fr/image.ashx?id=2980752&use=l&cat=p&typeid=i","cat":295246},{"id":235323,"n":"Skyr Siggi's  Nature 0% MG - 825g","p":4.97,"u":"6,02 €/KG","img":"https://fd3-photos.leclercdrive.fr/image.ashx?id=2848551&use=l&cat=p&typeid=i","cat":315000},{"id":235349,"n":"Sucre glace Daddy 500g","p":1.73,"u":"3,46 €/KG","img":"https://fd3-photos.leclercdrive.fr/image.ashx?id=2975864&use=l&cat=p&typeid=i","cat":284502},{"id":235364,"n":"Friandises chat Whiskas  Poulet et fromage - 60g","p":0.97,"u":"16,17 €/KG","img":"https://fd3-photos.leclercdrive.fr/image.ashx?id=2976851&use=l&cat=p&typeid=i","cat":285285},{"id":235365,"n":"Friandises chat Whiskas saveur Saumon maxi pack -180g","p":2.98,"u":"16,56 €/KG","img":"https://fd3-photos.leclercdrive.fr/image.ashx?id=2944963&use=l&cat=p&typeid=i","cat":285285},{"id":235369,"n":"Friandises chat Whiskas saveur  Poulet et fromage -180g","p":2.97,"u":"16,50 €/KG","img":"https://fd3-photos.leclercdrive.fr/image.ashx?id=2944966&use=l&cat=p&typeid=i","cat":285285},{"id":235404,"n":"Lait éveil croissance Lactel  système immunitaire - 6x1L","p":13.84,"u":"2,31 €/L","img":"https://fd3-photos.leclercdrive.fr/image.ashx?id=2776531&use=l&cat=p&typeid=i","cat":284728},{"id":235405,"n":"Friandises chat temptations Whiskas saveur saumon - 60g","p":1.22,"u":"20,33 €/KG","img":"https://fd3-photos.leclercdrive.fr/image.ashx?id=2976854&use=l&cat=p&typeid=i","cat":285285},{"id":235407,"n":"Lait 2ème âge Hipp biologique  Combiotic Nutrigest - 800g","p":19.7,"u":"24,63 €/KG","img":"https://fd3-photos.leclercdrive.fr/image.ashx?id=2926831&use=l&cat=p&typeid=i","cat":284727},{"id":235414,"n":"Lait en poudre Modilac Actigest LF+1 Bébé 0-6 mois - 800g","p":21.2,"u":"26,50 €/KG","img":"https://fd3-photos.leclercdrive.fr/image.ashx?id=2981184&use=l&cat=p&typeid=i","cat":284726},{"id":235420,"n":"Lait en poudre Modilac Actigest LF+1 Bébé 2ème âge - 800g","p":19.5,"u":"24,38 €/KG","img":"https://fd3-photos.leclercdrive.fr/image.ashx?id=2981181&use=l&cat=p&typeid=i","cat":284727},{"id":235427,"n":"Sauce soja salée  Suziwan - 640ml","p":5.83,"u":"9,11 €/L","img":"https://fd3-photos.leclercdrive.fr/image.ashx?id=2886244&use=l&cat=p&typeid=i","cat":288992},{"id":235432,"n":"Maltesers en format biscuit  - 110g","p":2.22,"u":"20,18 €/KG","img":"https://fd3-photos.leclercdrive.fr/image.ashx?id=2869209&use=l&cat=p&typeid=i","cat":284498},{"id":235435,"n":"Biscuits Bounty fourrés  noix de coco - 132g","p":2.04,"u":"15,45 €/KG","img":"https://fd3-photos.leclercdrive.fr/image.ashx?id=2777375&use=l&cat=p&typeid=i","cat":284488},{"id":235440,"n":"Biscuits Mars fourrés  au chocolat - 132g","p":1.9,"u":"14,39 €/KG","img":"https://fd3-photos.leclercdrive.fr/image.ashx?id=2777378&use=l&cat=p&typeid=i","cat":284488},{"id":235444,"n":"Biscuits Twix fourrés  au caramel - 132g","p":1.9,"u":"14,39 €/KG","img":"https://fd3-photos.leclercdrive.fr/image.ashx?id=2777381&use=l&cat=p&typeid=i","cat":284488},{"id":235445,"n":"Céréales bébé Blédina  complètes au miel - 70g","p":1.93,"u":"27,57 €/KG","img":"https://fd3-photos.leclercdrive.fr/image.ashx?id=2776826&use=l&cat=p&typeid=i","cat":312225},{"id":235459,"n":"Goûter moelleux Tendrissime Cacao Noisette x8 - 264g","p":3.63,"u":"13,75 €/KG","img":"https://fd3-photos.leclercdrive.fr/image.ashx?id=2962461&use=l&cat=p&typeid=i","cat":284495},{"id":235522,"n":"Mouchoirs Kleenex Spiderman 4 Plis - x15","p":2.08,"u":"0,14 €/P","img":"https://fd3-photos.leclercdrive.fr/image.ashx?id=2780620&use=l&cat=p&typeid=i","cat":284638},{"id":235541,"n":"Dentifrice enfant Signal Fraise - 0-6 mois - 2x75ml","p":4.11,"u":"27,40 €/L","img":"https://fd3-photos.leclercdrive.fr/image.ashx?id=2779109&use=l&cat=p&typeid=i","cat":288898},{"id":235542,"n":"Dentifrice enfant Signal Arôme fruité - 0-6 mois 2x75ml","p":4.44,"u":"29,60 €/L","img":"https://fd3-photos.leclercdrive.fr/image.ashx?id=2779106&use=l&cat=p&typeid=i","cat":288898},{"id":235543,"n":"Dentifrice enfant Signal Menthe douce - 6-13 ans 2x75ml","p":4.54,"u":"30,27 €/L","img":"https://fd3-photos.leclercdrive.fr/image.ashx?id=2779103&use=l&cat=p&typeid=i","cat":288898},{"id":235544,"n":"Brosse à dent enfant Signal Extra-souple - 0-6 ans x3","p":5.38,"u":"1,79 €/P","img":"https://fd3-photos.leclercdrive.fr/image.ashx?id=2779091&use=l&cat=p&typeid=i","cat":288897},{"id":235545,"n":"Brosse à dent enfant Signal Super Mario - 6-13 ans - x3","p":5.41,"u":"1,80 €/P","img":"https://fd3-photos.leclercdrive.fr/image.ashx?id=2805951&use=l&cat=p&typeid=i","cat":288897},{"id":235547,"n":"Bière blonde IPA Brooklyn Pulp Art 6° - 50cl canette","p":2.33,"u":"4,66 €/L","img":"https://fd3-photos.leclercdrive.fr/image.ashx?id=2779390&use=l&cat=p&typeid=i","cat":334853},{"id":235636,"n":"Capsules lave-vaisselle Finish Quantum Citron - x46 - 478g","p":8.93,"u":"18,68 €/KG","img":"https://fd3-photos.leclercdrive.fr/image.ashx?id=2780493&use=l&cat=p&typeid=i","cat":284656},{"id":235638,"n":"Nettoyant lave-vaisselle Finish Intégral - Citron - 250ml","p":3.86,"u":"15,44 €/L","img":"https://fd3-photos.leclercdrive.fr/image.ashx?id=2780586&use=l&cat=p&typeid=i","cat":284657},{"id":235685,"n":"Lait bébé en poudre Calisma Gallia Croissance 12 mois 830g","p":10.06,"u":"12,12 €/KG","img":"https://fd3-photos.leclercdrive.fr/image.ashx?id=2794274&use=l&cat=p&typeid=i","cat":290219},{"id":235710,"n":"Chapelure Tablier Blanc 400g","p":0.88,"u":"2,20 €/KG","img":"https://fd3-photos.leclercdrive.fr/image.ashx?id=2793335&use=l&cat=p&typeid=i","cat":288382},{"id":235766,"n":"Rape double action Scholl Cristaux de diamants - x1","p":6.46,"img":"https://fd3-photos.leclercdrive.fr/image.ashx?id=2980881&use=l&cat=p&typeid=i","cat":323852},{"id":235786,"n":"Tablette lave-vaisselle Visior Tout-en-un - x45 - 765g","p":5.27,"u":"6,89 €/KG","img":"https://fd3-photos.leclercdrive.fr/image.ashx?id=2954902&use=l&cat=p&typeid=i","cat":284656},{"id":235789,"n":"Cirage crème de luxe Baranne Incolore - 100ml","p":3.58,"u":"35,80 €/L","img":"https://fd3-photos.leclercdrive.fr/image.ashx?id=2781621&use=l&cat=p&typeid=i","cat":285201},{"id":235790,"n":"Imperméabilisant extrême Baranne - 300ml","p":4.25,"u":"14,17 €/L","img":"https://fd3-photos.leclercdrive.fr/image.ashx?id=2781624&use=l&cat=p&typeid=i","cat":285201},{"id":235793,"n":"Dentifrice Junior Signal Menthe douce - 6-13 ans 75ml","p":2.86,"u":"38,13 €/L","img":"https://fd3-photos.leclercdrive.fr/image.ashx?id=2993502&use=l&cat=p&typeid=i","cat":288898},{"id":235796,"n":"Mouliné de légumes verts Régal 1L","p":1.88,"u":"1,88 €/L","img":"https://fd3-photos.leclercdrive.fr/image.ashx?id=2781007&use=l&cat=p&typeid=i","cat":284462},{"id":235802,"n":"Diffuseur électrique Insectivor Anti-moustique - +1 recharge","p":5.35,"img":"https://fd3-photos.leclercdrive.fr/image.ashx?id=2781004&use=l&cat=p&typeid=i","cat":298368},{"id":235808,"n":"Déodorant spray Sanex Zéro 0% Sensitive - 2x100ml","p":5.08,"u":"25,40 €/L","img":"https://fd3-photos.leclercdrive.fr/image.ashx?id=2781738&use=l&cat=p&typeid=i","cat":284595},{"id":235811,"n":"Déodorant spray Sanex Zéro 0% Extra Control - 2x100ml","p":5.86,"u":"29,30 €/L","img":"https://fd3-photos.leclercdrive.fr/image.ashx?id=2781741&use=l&cat=p&typeid=i","cat":284595},{"id":235821,"n":"Recharge diffuseur électrique Anti-moustique - x1","p":2.27,"img":"https://fd3-photos.leclercdrive.fr/image.ashx?id=2781052&use=l&cat=p&typeid=i","cat":298368},{"id":235828,"n":"Sac poubelle  Elembal Rectangle coulissant - 40L x 20","p":2.99,"u":"0,15 €/P","img":"https://fd3-photos.leclercdrive.fr/image.ashx?id=2793338&use=l&cat=p&typeid=i","cat":285168},{"id":235831,"n":"Brosse à dent électrique +1 Recharge Active Power","p":14.99,"img":"https://fd3-photos.leclercdrive.fr/image.ashx?id=2781049&use=l&cat=p&typeid=i","cat":297133},{"id":235838,"n":"Lessive capsules Skip Tout en 1 Odeur Control+ - 759.6g x36","p":15.27,"u":"20,09 €/KG","img":"https://fd3-photos.leclercdrive.fr/image.ashx?id=3000893&use=l&cat=p&typeid=i","cat":284641},{"id":235841,"n":"Lessive capsules Tout-en-1 Skip Skip - 506.4g x24","p":9.99,"u":"19,74 €/KG","img":"https://fd3-photos.leclercdrive.fr/image.ashx?id=2781756&use=l&cat=p&typeid=i","cat":284641},{"id":235870,"n":"Chocolat Côte d'Or selection 187g","p":9.95,"pp":6.96,"u":"37,22 €/KG","img":"https://fd3-photos.leclercdrive.fr/image.ashx?id=2916453&use=l&cat=p&typeid=i","cat":327595},{"id":235915,"n":"Galette moelleuse Saint-Michel Tigrée chocolat - 360g x12","p":2.35,"u":"6,53 €/KG","img":"https://fd3-photos.leclercdrive.fr/image.ashx?id=2950018&use=l&cat=p&typeid=i","cat":284487},{"id":235944,"n":"Compotée Bonne Maman Pêches - 590g","p":2.97,"u":"5,03 €/KG","img":"https://fd3-photos.leclercdrive.fr/image.ashx?id=2951866&use=l&cat=p&typeid=i","cat":284508},{"id":235952,"n":"Noisettes Mc Cain Air Fryer - 550g","p":2.73,"u":"4,96 €/KG","img":"https://fd3-photos.leclercdrive.fr/image.ashx?id=2878474&use=l&cat=p&typeid=i","cat":319792},{"id":236039,"n":"Mélange de 5 noix Daco Bello Nature brute - 150g","p":3.48,"u":"23,20 €/KG","img":"https://fd3-photos.leclercdrive.fr/image.ashx?id=2789062&use=l&cat=p&typeid=i","cat":316002},{"id":236050,"n":"Lait bébé en poudre Calisma Gallia Junior Dès 18 mois 830g","p":10.95,"u":"13,19 €/KG","img":"https://fd3-photos.leclercdrive.fr/image.ashx?id=2907860&use=l&cat=p&typeid=i","cat":290219},{"id":236083,"n":"Boisson Monster Energy zero Ultra rosa - 50cl","p":1.6,"u":"3,20 €/L","img":"https://fd3-photos.leclercdrive.fr/image.ashx?id=2784465&use=l&cat=p&typeid=i","cat":284533},{"id":236105,"n":"Compote Andros La vie en vert 4x100g","p":1.75,"u":"4,38 €/KG","img":"https://fd3-photos.leclercdrive.fr/image.ashx?id=2989330&use=l&cat=p&typeid=i","cat":284416},{"id":236121,"n":"Compote Andros La vie en orange 4x100g","p":1.48,"u":"3,70 €/KG","img":"https://fd3-photos.leclercdrive.fr/image.ashx?id=2990760&use=l&cat=p&typeid=i","cat":284416},{"id":236231,"n":"Boisson énergisante Crazy Tiger Pomme - 1L","p":2.29,"u":"2,29 €/L","img":"https://fd3-photos.leclercdrive.fr/image.ashx?id=2792729&use=l&cat=p&typeid=i","cat":284533},{"id":236236,"n":"Café en capsules Lavazza Tales of Roma x10 - 57g","p":3.67,"u":"64,39 €/KG","img":"https://fd3-photos.leclercdrive.fr/image.ashx?id=2919042&use=l&cat=p&typeid=i","cat":284749},{"id":236240,"n":"Café en capsules Lavazza Tales  of Napoli x10 - 55g","p":3.66,"u":"66,55 €/KG","img":"https://fd3-photos.leclercdrive.fr/image.ashx?id=2919039&use=l&cat=p&typeid=i","cat":284749},{"id":236311,"n":"Le Burger frites Charal - 240g","p":3.04,"u":"12,67 €/KG","img":"https://fd3-photos.leclercdrive.fr/image.ashx?id=2789808&use=l&cat=p&typeid=i","cat":319822},{"id":236323,"n":"Yaourts aux fruits Ferme Adam Saveurs de Noël - 4x125g","p":1.95,"u":"3,90 €/KG","img":"https://fd3-photos.leclercdrive.fr/image.ashx?id=2801896&use=l&cat=p&typeid=i","cat":284410},{"id":236324,"n":"Yaourts aux fruits Ferme Adam Châtaigne - 4x125g","p":1.95,"u":"3,90 €/KG","img":"https://fd3-photos.leclercdrive.fr/image.ashx?id=2790000&use=l&cat=p&typeid=i","cat":284410},{"id":236377,"n":"Tourte aux fruits de mer Escal - 455g","p":7.49,"u":"16,46 €/KG","img":"https://fd3-photos.leclercdrive.fr/image.ashx?id=2789889&use=l&cat=p&typeid=i","cat":284257},{"id":236378,"n":"Tourte aux escargots Escal - 425g","p":7.93,"u":"18,66 €/KG","img":"https://fd3-photos.leclercdrive.fr/image.ashx?id=2789886&use=l&cat=p&typeid=i","cat":284257},{"id":236379,"n":"Tourte volaille ris de veau Escal - 425g","p":7.87,"u":"18,52 €/KG","img":"https://fd3-photos.leclercdrive.fr/image.ashx?id=2789892&use=l&cat=p&typeid=i","cat":284257},{"id":236380,"n":"Tarte flambée Kauffer's Forestière gratinée - 370g","p":3.72,"u":"10,05 €/KG","img":"https://fd3-photos.leclercdrive.fr/image.ashx?id=2789874&use=l&cat=p&typeid=i","cat":284257},{"id":236412,"n":"Truite fumée des Pyrénées 4 tranches - 180g","p":8.08,"u":"44,89 €/KG","img":"https://fd3-photos.leclercdrive.fr/image.ashx?id=2960963&use=l&cat=p&typeid=i","cat":285188},{"id":236442,"n":"Café moulu Cafés Sati Heure exquise - 500g","p":9.23,"u":"18,46 €/KG","img":"https://fd3-photos.leclercdrive.fr/image.ashx?id=2791464&use=l&cat=p&typeid=i","cat":284750},{"id":236539,"n":"Sachet Ramen Mei Asia Soja caramel - 170g","p":1.91,"u":"11,24 €/KG","img":"https://fd3-photos.leclercdrive.fr/image.ashx?id=2792804&use=l&cat=p&typeid=i","cat":284953},{"id":236595,"n":"Fromage rapé Leerdammer  Fruité fondant 150g","p":2.11,"u":"14,07 €/KG","img":"https://fd3-photos.leclercdrive.fr/image.ashx?id=2793578&use=l&cat=p&typeid=i","cat":314035},{"id":236690,"n":"Papier cadeau Disney Reine des neiges - Bleu 5mx70cm","p":1.79,"img":"https://fd3-photos.leclercdrive.fr/image.ashx?id=2795586&use=l&cat=p&typeid=i","cat":335914},{"id":236712,"n":"The glacé Ice Tea Lipton Framboise - 4x1.25L","p":5.51,"u":"1,10 €/L","img":"https://fd3-photos.leclercdrive.fr/image.ashx?id=2795048&use=l&cat=p&typeid=i","cat":295019},{"id":236718,"n":"Chocolat Peluche mix Kinder Cerf - 133g","p":16.72,"u":"125,71 €/KG","img":"https://fd3-photos.leclercdrive.fr/image.ashx?id=2798807&use=l&cat=p&typeid=i","cat":327789},{"id":236776,"n":"Bûche tradition Ehrard Omelette Norvégienne - 560g","p":12.49,"u":"22,30 €/KG","img":"https://fd3-photos.leclercdrive.fr/image.ashx?id=2795767&use=l&cat=p&typeid=i","cat":284266},{"id":236780,"n":"Bûche tradition vanille  chocolat Erhard - 420g","p":12.49,"u":"29,74 €/KG","img":"https://fd3-photos.leclercdrive.fr/image.ashx?id=2795761&use=l&cat=p&typeid=i","cat":284266},{"id":236782,"n":"Bûche tradition vanille fraise Erhard - 420g","p":12.49,"u":"29,74 €/KG","img":"https://fd3-photos.leclercdrive.fr/image.ashx?id=2795764&use=l&cat=p&typeid=i","cat":284266},{"id":236809,"n":"Pavé de saumon Eco+ 2x110g","p":4.99,"u":"22,68 €/KG","img":"https://fd3-photos.leclercdrive.fr/image.ashx?id=2796330&use=l&cat=p&typeid=i","cat":284342},{"id":236810,"n":"Pavé de saumon Eco+ 4x110g","p":8.99,"u":"20,43 €/KG","img":"https://fd3-photos.leclercdrive.fr/image.ashx?id=2796333&use=l&cat=p&typeid=i","cat":284342},{"id":236986,"n":"Marrons glacés Motta x15 - 255g","p":15.87,"u":"62,24 €/KG","img":"https://fd3-photos.leclercdrive.fr/image.ashx?id=2797530&use=l&cat=p&typeid=i","cat":327603},{"id":237047,"n":"Moulage Kinder Caramel - 110g","p":3.64,"u":"33,09 €/KG","img":"https://fd3-photos.leclercdrive.fr/image.ashx?id=2797013&use=l&cat=p&typeid=i","cat":327592},{"id":237120,"n":"Père Noël Milka Party mix - 61g","p":3.44,"u":"56,39 €/KG","img":"https://fd3-photos.leclercdrive.fr/image.ashx?id=2796998&use=l&cat=p&typeid=i","cat":327592},{"id":237127,"n":"Boîte chocolat Lanvin Mixte chocolats - 285g","p":15.16,"u":"53,19 €/KG","img":"https://fd3-photos.leclercdrive.fr/image.ashx?id=2797145&use=l&cat=p&typeid=i","cat":327595},{"id":237128,"n":"Assortiment chocolat Lanvin Chocolat noir - 294g","p":15.42,"u":"52,45 €/KG","img":"https://fd3-photos.leclercdrive.fr/image.ashx?id=2966149&use=l&cat=p&typeid=i","cat":327595},{"id":237129,"n":"Les Bouchées Les Recettes de L'Atelier - Lait et noir - 398G","p":14.75,"pp":11.06,"u":"27,79 €/KG","img":"https://fd3-photos.leclercdrive.fr/image.ashx?id=2797106&use=l&cat=p&typeid=i","cat":327595},{"id":237131,"n":"Boîte chocolat Lanvin Assortiment chocolat Lait 274g","p":11.5,"u":"41,97 €/KG","img":"https://fd3-photos.leclercdrive.fr/image.ashx?id=2797139&use=l&cat=p&typeid=i","cat":327595},{"id":237132,"n":"L'escargot chocolat Lanvin Trio Lait Blanc Noir - 362g","p":15.92,"u":"43,98 €/KG","img":"https://fd3-photos.leclercdrive.fr/image.ashx?id=2966146&use=l&cat=p&typeid=i","cat":327595},{"id":237137,"n":"Bouchées Les Recettes de L'Atelier - Noir - 401g","p":14.75,"pp":11.06,"u":"27,58 €/KG","img":"https://fd3-photos.leclercdrive.fr/image.ashx?id=2960102&use=l&cat=p&typeid=i","cat":327595},{"id":237145,"n":"Papillotes Pâtes de fruit chocolaterie du Forez - 420g","p":6.97,"u":"165,95 €/KG","img":"https://fd3-photos.leclercdrive.fr/image.ashx?id=2797825&use=l&cat=p&typeid=i","cat":327597},{"id":237146,"n":"Papillotes Pâtes de fruit Chocolaterie du Forez - 840g","p":14.47,"u":"172,26 €/KG","img":"https://fd3-photos.leclercdrive.fr/image.ashx?id=2797828&use=l&cat=p&typeid=i","cat":327597},{"id":237147,"n":"Papillotes Chocolat Praliné   Chocolaterie du Forez - 840g","p":12.72,"u":"15,14 €/KG","img":"https://fd3-photos.leclercdrive.fr/image.ashx?id=2797831&use=l&cat=p&typeid=i","cat":327597},{"id":237148,"n":"Papillotes Révillon Pétard Lait blanc - 300g","p":8.7,"u":"29,00 €/KG","img":"https://fd3-photos.leclercdrive.fr/image.ashx?id=2798036&use=l&cat=p&typeid=i","cat":327597},{"id":237156,"n":"Boîte chocolat Révillon Grand assortiment lait - 407g","p":17.97,"u":"44,15 €/KG","img":"https://fd3-photos.leclercdrive.fr/image.ashx?id=2900788&use=l&cat=p&typeid=i","cat":327595},{"id":237158,"n":"Boîte chocolat Révillon Noir 70% Lait Blanc - 409g","p":16.99,"u":"41,54 €/KG","img":"https://fd3-photos.leclercdrive.fr/image.ashx?id=2900797&use=l&cat=p&typeid=i","cat":327595},{"id":237890,"n":"Moulage chocolat Kinder Père Noel - 110g","p":4.68,"u":"42,55 €/KG","img":"https://fd3-photos.leclercdrive.fr/image.ashx?id=2799026&use=l&cat=p&typeid=i","cat":327592},{"id":237912,"n":"Moutarde Alélor Mi forte verre whisky 280g","p":2.83,"u":"10,11 €/KG","img":"https://fd3-photos.leclercdrive.fr/image.ashx?id=2797485&use=l&cat=p&typeid=i","cat":288850},{"id":237947,"n":"Pâtes Barilla Mezzi Rigatoni Al Bronzo - 500g","p":1.97,"u":"3,94 €/KG","img":"https://fd3-photos.leclercdrive.fr/image.ashx?id=2798680&use=l&cat=p&typeid=i","cat":284427},{"id":237948,"n":"Pâtes Barilla Fusilli  Al Bronzo - 500g","p":1.97,"u":"3,94 €/KG","img":"https://fd3-photos.leclercdrive.fr/image.ashx?id=2798689&use=l&cat=p&typeid=i","cat":284427},{"id":237949,"n":"Pâtes Barilla Penne Rigate Al Bronzo - 500g","p":1.95,"u":"3,90 €/KG","img":"https://fd3-photos.leclercdrive.fr/image.ashx?id=2798677&use=l&cat=p&typeid=i","cat":284427},{"id":237950,"n":"Pâtes Barilla Linguine  Al Bronzo - 500g","p":1.95,"u":"3,90 €/KG","img":"https://fd3-photos.leclercdrive.fr/image.ashx?id=2798683&use=l&cat=p&typeid=i","cat":284427},{"id":238056,"n":"Pâtes Barilla Spaghettoni  Al Bronzo - 500g","p":1.97,"u":"3,94 €/KG","img":"https://fd3-photos.leclercdrive.fr/image.ashx?id=2798686&use=l&cat=p&typeid=i","cat":284427},{"id":238073,"n":"Soda Coca-Cola Sans Sucres Bouteille - Pack 6x50CL","p":5.6,"u":"1,87 €/L","img":"https://fd3-photos.leclercdrive.fr/image.ashx?id=2860532&use=l&cat=p&typeid=i","cat":284530},{"id":238172,"n":"Nettoyant concentré Mixa Perfecteur de pores 2x15cl","p":8.76,"u":"29,20 €/L","img":"https://fd3-photos.leclercdrive.fr/image.ashx?id=2919760&use=l&cat=p&typeid=i","cat":284603},{"id":238174,"n":"Nettoyant concentré Mixa Hydratant Lot de 2 - 2x15cl","p":8.79,"u":"29,30 €/L","img":"https://fd3-photos.leclercdrive.fr/image.ashx?id=2919763&use=l&cat=p&typeid=i","cat":284603},{"id":238188,"n":"Girolles séchées Borde Bocal 225g","p":25.9,"u":"115,11 €/KG","img":"https://fd3-photos.leclercdrive.fr/image.ashx?id=2800782&use=l&cat=p&typeid=i","cat":312610},{"id":238191,"n":"Boisson lactée protéinée Arla Vanille 482ml","p":2.04,"u":"4,23 €/L","img":"https://fd3-photos.leclercdrive.fr/image.ashx?id=2800654&use=l&cat=p&typeid=i","cat":284415},{"id":238213,"n":"Crabe des neiges de l'Alaska Chatka - 180g","p":14.44,"u":"80,22 €/KG","img":"https://fd3-photos.leclercdrive.fr/image.ashx?id=2800594&use=l&cat=p&typeid=i","cat":305147},{"id":238274,"n":"Crêpes chocolat au lait Whaou - x15 - 480g","p":5.22,"u":"10,88 €/KG","img":"https://fd3-photos.leclercdrive.fr/image.ashx?id=2800417&use=l&cat=p&typeid=i","cat":284494},{"id":238298,"n":"Capsules lait fraise Looney Tunes - x10  130g","p":3.25,"u":"25,00 €/KG","img":"https://fd3-photos.leclercdrive.fr/image.ashx?id=2800585&use=l&cat=p&typeid=i","cat":293239},{"id":238313,"n":"Nouilles Tables du Monde Curry - 3x65g","p":1.39,"u":"7,13 €/KG","img":"https://fd3-photos.leclercdrive.fr/image.ashx?id=2799850&use=l&cat=p&typeid=i","cat":288992},{"id":238377,"n":"Mousse à raser Wilkinson 200ml","p":2.49,"u":"12,45 €/L","img":"https://fd3-photos.leclercdrive.fr/image.ashx?id=2801252&use=l&cat=p&typeid=i","cat":284617},{"id":238378,"n":"Gel à raser Wilkinson 200ml","p":2.95,"u":"14,75 €/L","img":"https://fd3-photos.leclercdrive.fr/image.ashx?id=2801255&use=l&cat=p&typeid=i","cat":284617},{"id":238379,"n":"Mousse à raser mini Wilkinson 75ml","p":2.5,"u":"33,33 €/L","img":"https://fd3-photos.leclercdrive.fr/image.ashx?id=2895008&use=l&cat=p&typeid=i","cat":284617},{"id":238410,"n":"Pancakes bio Yooji pour bébé Carotte et Maïs 120g","p":3.9,"u":"32,50 €/KG","img":"https://fd3-photos.leclercdrive.fr/image.ashx?id=2800950&use=l&cat=p&typeid=i","cat":290631},{"id":238411,"n":"Pancakes bio Yooji pour bébé Petit pois epinard 120g","p":2.93,"u":"24,42 €/KG","img":"https://fd3-photos.leclercdrive.fr/image.ashx?id=2800953&use=l&cat=p&typeid=i","cat":290631},{"id":238415,"n":"Pancakes bio Yooji pour bébé Banane 120g","p":3.67,"u":"30,58 €/KG","img":"https://fd3-photos.leclercdrive.fr/image.ashx?id=2800956&use=l&cat=p&typeid=i","cat":312394},{"id":238419,"n":"Bonbons Têtes Brulées  Hypnostik - 180g","p":1.64,"u":"9,11 €/KG","img":"https://fd3-photos.leclercdrive.fr/image.ashx?id=2801150&use=l&cat=p&typeid=i","cat":304250},{"id":238421,"n":"Chewing-Gum Bubble Gum Fancy Fruit HUBBA BUBBA, 56g","p":2.08,"u":"37,14 €/KG","img":"https://fd3-photos.leclercdrive.fr/image.ashx?id=2801219&use=l&cat=p&typeid=i","cat":304251},{"id":238425,"n":"Chewing-gum Freedent Refreshers  Mangue Ananas 67g","p":3.47,"u":"51,79 €/KG","img":"https://fd3-photos.leclercdrive.fr/image.ashx?id=2897294&use=l&cat=p&typeid=i","cat":304251},{"id":238426,"n":"Chewing-gum Refreshers  Fraise citron, 67g","p":3.56,"u":"53,13 €/KG","img":"https://fd3-photos.leclercdrive.fr/image.ashx?id=2877019&use=l&cat=p&typeid=i","cat":304251},{"id":238428,"n":"Tablette Nestlé Dessert chocolat noir - 80% 170g","p":3.47,"u":"20,41 €/KG","img":"https://fd3-photos.leclercdrive.fr/image.ashx?id=2904488&use=l&cat=p&typeid=i","cat":284956},{"id":238429,"n":"Chocolat au lait Tablette d'Or caramel beurre salé 180g","p":2.49,"u":"13,83 €/KG","img":"https://fd3-photos.leclercdrive.fr/image.ashx?id=2800758&use=l&cat=p&typeid=i","cat":284497},{"id":238530,"n":"Ravioli Lustucru Selection  4 fromages - 310g","p":2.15,"u":"6,94 €/KG","img":"https://fd3-photos.leclercdrive.fr/image.ashx?id=2962524&use=l&cat=p&typeid=i","cat":333682},{"id":238532,"n":"Boîte bonbons Pik Noël Haribo - 550g","p":4.95,"pp":3.47,"u":"6,31 €/KG","img":"https://fd3-photos.leclercdrive.fr/image.ashx?id=2906097&use=l&cat=p&typeid=i","cat":304250},{"id":238534,"n":"Boîte assortiment réglisse Noël Haribo - 600g","p":4.95,"pp":3.47,"u":"5,78 €/KG","img":"https://fd3-photos.leclercdrive.fr/image.ashx?id=2906100&use=l&cat=p&typeid=i","cat":304250},{"id":238565,"n":"Compotes gourdes Pom'Potes Multivariétés - 64x90g","p":28.39,"pp":19.87,"u":"3,45 €/KG","img":"https://fd3-photos.leclercdrive.fr/image.ashx?id=2977270&use=l&cat=p&typeid=i","cat":284508},{"id":238567,"n":"Masque cheveux Fructis Garnier Longueur & glow Ananas - 320ml","p":6.37,"u":"19,91 €/L","img":"https://fd3-photos.leclercdrive.fr/image.ashx?id=2802129&use=l&cat=p&typeid=i","cat":284608},{"id":238613,"n":"Mousse à raser Gillette Original - 300ml","p":2.31,"u":"7,70 €/L","img":"https://fd3-photos.leclercdrive.fr/image.ashx?id=2802710&use=l&cat=p&typeid=i","cat":284617},{"id":238671,"n":"Manège glacé Erhard Pâtissier Fruits rouges Vanille - 575g","p":12.49,"u":"21,72 €/KG","img":"https://fd3-photos.leclercdrive.fr/image.ashx?id=2852875&use=l&cat=p&typeid=i","cat":284266},{"id":238721,"n":"Coffret Cuvée de Noël  - 3x75cl","p":14.65,"u":"6,51 €/L","img":"https://fd3-photos.leclercdrive.fr/image.ashx?id=2802581&use=l&cat=p&typeid=i","cat":334872},{"id":238725,"n":"Coffret Delirium Noël + 1 verre - 4x33cl","p":16.19,"pp":14.69,"u":"11,13 €/L","img":"https://fd3-photos.leclercdrive.fr/image.ashx?id=2802665&use=l&cat=p&typeid=i","cat":334872},{"id":238730,"n":"Sarment chocolat noir orange Mademoiselle de Margaux 150g","p":6.95,"u":"46,33 €/KG","img":"https://fd3-photos.leclercdrive.fr/image.ashx?id=2802572&use=l&cat=p&typeid=i","cat":327601},{"id":238740,"n":"Mini pizza Piccolissima 3 fromages - x12  288g","p":3.59,"u":"12,47 €/KG","img":"https://fd3-photos.leclercdrive.fr/image.ashx?id=2993086&use=l&cat=p&typeid=i","cat":284256},{"id":238741,"n":"Mini pizza Piccolissima Jambon - x12  288g","p":3.58,"u":"12,43 €/KG","img":"https://fd3-photos.leclercdrive.fr/image.ashx?id=2993089&use=l&cat=p&typeid=i","cat":284256},{"id":238761,"n":"Beurre moulé demi-sel Président 80%MG - 225g","p":2.76,"u":"12,27 €/KG","img":"https://fd3-photos.leclercdrive.fr/image.ashx?id=2993355&use=l&cat=p&typeid=i","cat":284379},{"id":238796,"n":"Menus Gourmands Viande en  gelée Tous mes Amis - 48x100g","p":13.95,"u":"2,91 €/KG","img":"https://fd3-photos.leclercdrive.fr/image.ashx?id=2820007&use=l&cat=p&typeid=i","cat":285286},{"id":238872,"n":"Quinoa facile Lustucru 300g","p":2.41,"u":"8,03 €/KG","img":"https://fd3-photos.leclercdrive.fr/image.ashx?id=2804565&use=l&cat=p&typeid=i","cat":284429},{"id":238899,"n":"Yaourt protéiné Skyr Yoplait Vanille 0%Mg - 450g","p":2.46,"u":"5,47 €/KG","img":"https://fd3-photos.leclercdrive.fr/image.ashx?id=2884447&use=l&cat=p&typeid=i","cat":315000},{"id":238980,"n":"Cordon bleu de Saumon sauvage MSC - 460g","p":7.06,"u":"15,35 €/KG","img":"https://fd3-photos.leclercdrive.fr/image.ashx?id=2876734&use=l&cat=p&typeid=i","cat":319788},{"id":238984,"n":"Rasoir Tondeuse Carré Homme Hybride +1 recharge","p":17.9,"u":"17,90 €/PRT","img":"https://fd3-photos.leclercdrive.fr/image.ashx?id=2804072&use=l&cat=p&typeid=i","cat":284616},{"id":238989,"n":"Lessive capsules Le Chat Disc Expert 4 en 1 x25 - 413g","p":8.72,"u":"21,11 €/KG","img":"https://fd3-photos.leclercdrive.fr/image.ashx?id=2936128&use=l&cat=p&typeid=i","cat":284641},{"id":239016,"n":"Compote La vie en jaune Andros - 4x100g","p":1.77,"u":"4,43 €/KG","img":"https://fd3-photos.leclercdrive.fr/image.ashx?id=2908189&use=l&cat=p&typeid=i","cat":284416},{"id":239038,"n":"Amandes grillées Daco Bello Maxi format 375g","p":5.92,"u":"15,79 €/KG","img":"https://fd3-photos.leclercdrive.fr/image.ashx?id=2806988&use=l&cat=p&typeid=i","cat":284357},{"id":239039,"n":"Noix de Cajou Daco Bello Maxi format 375g","p":5.55,"u":"14,80 €/KG","img":"https://fd3-photos.leclercdrive.fr/image.ashx?id=2806991&use=l&cat=p&typeid=i","cat":284448},{"id":239091,"n":"Portion de Brie 240g","p":2.56,"u":"10,67 €/KG","img":"https://fd3-photos.leclercdrive.fr/image.ashx?id=2805156&use=l&cat=p&typeid=i","cat":314033},{"id":239093,"n":"Portion de Reblochon 240g","p":4.07,"u":"16,96 €/KG","img":"https://fd3-photos.leclercdrive.fr/image.ashx?id=2805153&use=l&cat=p&typeid=i","cat":314037},{"id":239101,"n":"Riz Thaï Taureau Ailé 1kg","p":2.98,"u":"2,98 €/KG","img":"https://fd3-photos.leclercdrive.fr/image.ashx?id=2805558&use=l&cat=p&typeid=i","cat":284428},{"id":239105,"n":"Pâte à tartiner noisettes Lucien Georgelin - 400g","p":3.95,"u":"9,88 €/KG","img":"https://fd3-photos.leclercdrive.fr/image.ashx?id=2805390&use=l&cat=p&typeid=i","cat":284481},{"id":239107,"n":"Pâte à tartiner Chocolat blanc Noisettes Lucien Georgelin 400g","p":3.95,"u":"9,88 €/KG","img":"https://fd3-photos.leclercdrive.fr/image.ashx?id=2921286&use=l&cat=p&typeid=i","cat":284481},{"id":239183,"n":"Jus multifruits Abc Eco+ 1L","p":1.11,"u":"1,11 €/L","img":"https://fd3-photos.leclercdrive.fr/image.ashx?id=2804840&use=l&cat=p&typeid=i","cat":284917},{"id":239185,"n":"AOP Ventoux vin rouge 3L","p":9.99,"u":"3,33 €/L","img":"https://fd3-photos.leclercdrive.fr/image.ashx?id=2804843&use=l&cat=p&typeid=i","cat":289560},{"id":239198,"n":"AOP Mâcon Milly-Lamartine blanc Vin de Bourgogne - 75cl","p":9.95,"u":"13,27 €/L","img":"https://fd3-photos.leclercdrive.fr/image.ashx?id=2804855&use=l&cat=p&typeid=i","cat":289557},{"id":239199,"n":"AOP Pomerol Secret Maillet Rouge - 75cl","p":19.9,"u":"26,53 €/L","img":"https://fd3-photos.leclercdrive.fr/image.ashx?id=2804858&use=l&cat=p&typeid=i","cat":289556},{"id":239202,"n":"Moscato Spumante 75cl","p":3.75,"u":"5,00 €/L","img":"https://fd3-photos.leclercdrive.fr/image.ashx?id=2977189&use=l&cat=p&typeid=i","cat":289557},{"id":239206,"n":"Coloration Palette N°900 Noir - x1","p":3.72,"img":"https://fd3-photos.leclercdrive.fr/image.ashx?id=2817479&use=l&cat=p&typeid=i","cat":288899},{"id":239207,"n":"Coloration Palette N°909 Noir bleuté - x1","p":4.29,"img":"https://fd3-photos.leclercdrive.fr/image.ashx?id=2911294&use=l&cat=p&typeid=i","cat":288899},{"id":239208,"n":"Lessive capsules Le Chat  Disc Expert 4 en 1 x25 - 413g","p":9.08,"u":"22,04 €/KG","img":"https://fd3-photos.leclercdrive.fr/image.ashx?id=2936125&use=l&cat=p&typeid=i","cat":284641},{"id":239211,"n":"Huile Essentielle So Bio Etic  Eucalyptus Globuleux Bio - 12ml","p":3.9,"u":"325,00 €/MT","img":"https://fd3-photos.leclercdrive.fr/image.ashx?id=2805456&use=l&cat=p&typeid=i","cat":284630},{"id":239213,"n":"Huile Essentielle So Bio Etic Arbre à thé Bio - 12ml","p":5.71,"u":"475,83 €/L","img":"https://fd3-photos.leclercdrive.fr/image.ashx?id=2805459&use=l&cat=p&typeid=i","cat":284630},{"id":239215,"n":"Huile Essentielle So Bio Etic Menthe poivrée Bio - 10ml","p":6.43,"u":"643,00 €/L","img":"https://fd3-photos.leclercdrive.fr/image.ashx?id=2805462&use=l&cat=p&typeid=i","cat":284630},{"id":239218,"n":"Lingettes Décolor Stop  Anti-décoloration x52","p":5.69,"u":"0,11 €/P","img":"https://fd3-photos.leclercdrive.fr/image.ashx?id=2805264&use=l&cat=p&typeid=i","cat":290450},{"id":239220,"n":"Bain de Bouche Listerine Haleine Fraiche 500ml","p":3.7,"u":"7,40 €/L","img":"https://fd3-photos.leclercdrive.fr/image.ashx?id=2806309&use=l&cat=p&typeid=i","cat":284613},{"id":239221,"n":"Bain de Bouche Listerine Total Care 10 en 1-500ml","p":4.28,"u":"8,56 €/L","img":"https://fd3-photos.leclercdrive.fr/image.ashx?id=2806312&use=l&cat=p&typeid=i","cat":284613},{"id":239223,"n":"Bain de bouche Listerine Total Care - Sans alcool 500ml","p":4.28,"u":"8,56 €/L","img":"https://fd3-photos.leclercdrive.fr/image.ashx?id=2806315&use=l&cat=p&typeid=i","cat":284613},{"id":239224,"n":"Bain de Bouche Listerine Dents et Gencives 10 en 1 500ml","p":4.28,"u":"8,56 €/L","img":"https://fd3-photos.leclercdrive.fr/image.ashx?id=2806318&use=l&cat=p&typeid=i","cat":284613},{"id":239225,"n":"Bain de Bouche Listerine Total Care - Sans alcool 500ml","p":4.09,"u":"8,18 €/L","img":"https://fd3-photos.leclercdrive.fr/image.ashx?id=2806321&use=l&cat=p&typeid=i","cat":284613},{"id":239226,"n":"Adoucissant recharge Soupline à diluer Grand Air - 600ml","p":2.2,"u":"3,67 €/L","img":"https://fd3-photos.leclercdrive.fr/image.ashx?id=2957314&use=l&cat=p&typeid=i","cat":284650},{"id":239227,"n":"Adoucissant recharge Soupline à diluer Hypoallergénique 600ml","p":2.52,"u":"4,20 €/L","img":"https://fd3-photos.leclercdrive.fr/image.ashx?id=2813546&use=l&cat=p&typeid=i","cat":284650},{"id":239228,"n":"Adoucissant recharge Soupline à diluer Moment Magique-600ml","p":2.52,"u":"4,20 €/L","img":"https://fd3-photos.leclercdrive.fr/image.ashx?id=2863027&use=l&cat=p&typeid=i","cat":284650},{"id":239230,"n":"Recharge liquide vaisselle Paic Excel 2 - Dégraissant - 900ml","p":3.97,"u":"4,41 €/L","img":"https://fd3-photos.leclercdrive.fr/image.ashx?id=2835586&use=l&cat=p&typeid=i","cat":284655},{"id":239231,"n":"Dentifrice Sensitive Elmex Blancheur - 75ml","p":5.93,"u":"79,07 €/L","img":"https://fd3-photos.leclercdrive.fr/image.ashx?id=2806447&use=l&cat=p&typeid=i","cat":284612},{"id":239232,"n":"Dentifrice Colgate Active Blancheur - 75ml","p":2.49,"u":"33,20 €/L","img":"https://fd3-photos.leclercdrive.fr/image.ashx?id=2814623&use=l&cat=p&typeid=i","cat":284612},{"id":239233,"n":"Dentifrice Colgate Soin complet - 75ml","p":2.23,"u":"29,73 €/L","img":"https://fd3-photos.leclercdrive.fr/image.ashx?id=2836196&use=l&cat=p&typeid=i","cat":284612},{"id":239234,"n":"Dentifrice Colgate Total Résistance de l'émail 75ml","p":2.69,"u":"35,87 €/L","img":"https://fd3-photos.leclercdrive.fr/image.ashx?id=2832578&use=l&cat=p&typeid=i","cat":284612},{"id":239235,"n":"Lingettes bébé Biolane Pure water - x48","p":2.29,"img":"https://fd3-photos.leclercdrive.fr/image.ashx?id=2877907&use=l&cat=p&typeid=i","cat":284738},{"id":239237,"n":"Couches bébé Mots d'enfant Taille 3 - 4-9kg - x104","p":12.67,"u":"12,67 €/PRT","img":"https://fd3-photos.leclercdrive.fr/image.ashx?id=2922439&use=l&cat=p&typeid=i","cat":284737},{"id":239239,"n":"Couches bébé Mots d'enfant Taille 4 - 7-18kg - x92","p":12.67,"img":"https://fd3-photos.leclercdrive.fr/image.ashx?id=2922442&use=l&cat=p&typeid=i","cat":284737},{"id":239241,"n":"Couches bébé Mots d'enfant Taille 4+ - 9-20kg - x88","p":12.67,"img":"https://fd3-photos.leclercdrive.fr/image.ashx?id=2922445&use=l&cat=p&typeid=i","cat":284737},{"id":239242,"n":"Couches bébé Mots d'enfant Taille 5 - 11-25kg - x84","p":12.67,"u":"0,15 €/P","img":"https://fd3-photos.leclercdrive.fr/image.ashx?id=2922448&use=l&cat=p&typeid=i","cat":284737},{"id":239261,"n":"Mini steaks hachés surgelés Happy family 15x40g - 600g","p":6.85,"u":"11,42 €/KG","img":"https://fd3-photos.leclercdrive.fr/image.ashx?id=2806162&use=l&cat=p&typeid=i","cat":319778},{"id":239281,"n":"Essuie-Tout Sopalin  Edition limitée  x4= 8 rouleaux","p":4.35,"u":"1,09 €/P","img":"https://fd3-photos.leclercdrive.fr/image.ashx?id=2964075&use=l&cat=p&typeid=i","cat":284635},{"id":239283,"n":"Essuie-Tout Sopalin Décoré Maxi rouleau   x4= 8 rouleaux","p":5.99,"u":"1,50 €/P","img":"https://fd3-photos.leclercdrive.fr/image.ashx?id=3000453&use=l&cat=p&typeid=i","cat":284635},{"id":239284,"n":"Essuie-Tout Sopalin Blanc Ultra'Absorb  x4= 8 rouleaux","p":3.76,"u":"0,94 €/P","img":"https://fd3-photos.leclercdrive.fr/image.ashx?id=2841586&use=l&cat=p&typeid=i","cat":284635},{"id":239315,"n":"AOP Graves rouge  Château Cap de Haut - 75cl","p":7.36,"u":"9,81 €/L","img":"https://fd3-photos.leclercdrive.fr/image.ashx?id=2806204&use=l&cat=p&typeid=i","cat":289556},{"id":239323,"n":"Eclairs glacés Erhard façon Paris Brest - x2  130g","p":4.42,"u":"34,00 €/KG","img":"https://fd3-photos.leclercdrive.fr/image.ashx?id=2806267&use=l&cat=p&typeid=i","cat":284266},{"id":239325,"n":"Eclairs glacés Erhard Mangue fruits rouges x2 - 130g","p":4.33,"u":"33,31 €/KG","img":"https://fd3-photos.leclercdrive.fr/image.ashx?id=2806270&use=l&cat=p&typeid=i","cat":284266},{"id":239343,"n":"Papier cadeau Spiderman Les Avengers - 500x70cm","p":1.79,"img":"https://fd3-photos.leclercdrive.fr/image.ashx?id=2808682&use=l&cat=p&typeid=i","cat":335914},{"id":239371,"n":"Capsules café L'Or Espresso Supremo N°10 x50","p":14.57,"u":"56,04 €/KG","img":"https://fd3-photos.leclercdrive.fr/image.ashx?id=3000480&use=l&cat=p&typeid=i","cat":284749},{"id":239398,"n":"Parfait de chapon Maître Coq Poireaux lardons - 1.2kg","p":26.65,"u":"22,21 €/KG","img":"https://fd3-photos.leclercdrive.fr/image.ashx?id=2806967&use=l&cat=p&typeid=i","cat":327289},{"id":239399,"n":"Parfait de chapon Maître Coq Aux morilles - 1.2kg","p":26.65,"u":"22,21 €/KG","img":"https://fd3-photos.leclercdrive.fr/image.ashx?id=2806970&use=l&cat=p&typeid=i","cat":327289},{"id":239401,"n":"Parfait de chapon Maître Coq Figues marrons - 1.2kg","p":26.65,"u":"22,21 €/KG","img":"https://fd3-photos.leclercdrive.fr/image.ashx?id=2806973&use=l&cat=p&typeid=i","cat":327289},{"id":239478,"n":"Burger Géant Jacquet Nature x4 - 330g","p":1.15,"u":"3,48 €/KG","img":"https://fd3-photos.leclercdrive.fr/image.ashx?id=3010981&use=l&cat=p&typeid=i","cat":325067},{"id":239480,"n":"Burger Géant Jacquet Farine complète x4 - 330g","p":1.33,"u":"4,03 €/KG","img":"https://fd3-photos.leclercdrive.fr/image.ashx?id=2973544&use=l&cat=p&typeid=i","cat":325067},{"id":239504,"n":"Burger Géant Jacquet Nature x6 - 495g","p":1.57,"u":"3,17 €/KG","img":"https://fd3-photos.leclercdrive.fr/image.ashx?id=2991876&use=l&cat=p&typeid=i","cat":325067},{"id":239508,"n":"Préparation maison Vahiné Muffins chocolat noisettes 330g","p":3.5,"u":"10,61 €/KG","img":"https://fd3-photos.leclercdrive.fr/image.ashx?id=2806964&use=l&cat=p&typeid=i","cat":284505},{"id":239509,"n":"Préparation maison Vahiné Gâteau 3en1 chocolat  280g","p":2.66,"u":"9,50 €/KG","img":"https://fd3-photos.leclercdrive.fr/image.ashx?id=2806961&use=l&cat=p&typeid=i","cat":284505},{"id":239594,"n":"AOC pinot noir réserve  Maison Petterman - 75cl","p":6.95,"u":"9,27 €/L","img":"https://fd3-photos.leclercdrive.fr/image.ashx?id=2811992&use=l&cat=p&typeid=i","cat":289556},{"id":239595,"n":"Infusions sans théine Kusmi Tea Bio Verveine Menthe - x20  40g","p":4.52,"u":"113,00 €/KG","img":"https://fd3-photos.leclercdrive.fr/image.ashx?id=2807675&use=l&cat=p&typeid=i","cat":293234},{"id":239596,"n":"Thé vert minceur Kusmi Tea Bio - fraise cerise - x18  36g","p":6.74,"u":"187,22 €/KG","img":"https://fd3-photos.leclercdrive.fr/image.ashx?id=2807672&use=l&cat=p&typeid=i","cat":293233},{"id":239606,"n":"Spaetzle aux œufs Schneider 1kg + 25% offert","p":3.8,"u":"3,04 €/KG","img":"https://fd3-photos.leclercdrive.fr/image.ashx?id=2846343&use=l&cat=p&typeid=i","cat":333682},{"id":239607,"n":"Knepfle aux œufs Schneider 1kg + 25% offert","p":5.29,"u":"4,23 €/KG","img":"https://fd3-photos.leclercdrive.fr/image.ashx?id=2846346&use=l&cat=p&typeid=i","cat":333682},{"id":239871,"n":"Soupe Douceur à l'Italienne Knorr - 600ml","p":2.3,"u":"3,83 €/L","img":"https://fd3-photos.leclercdrive.fr/image.ashx?id=2950906&use=l&cat=p&typeid=i","cat":284462},{"id":239879,"n":"Soupe Liebig Legumes lait de coco - 1L","p":3.97,"u":"3,97 €/L","img":"https://fd3-photos.leclercdrive.fr/image.ashx?id=2810639&use=l&cat=p&typeid=i","cat":284462},{"id":239881,"n":"Soupe Douceur de 8 légumes Knorr - 1L","p":3.07,"u":"3,07 €/L","img":"https://fd3-photos.leclercdrive.fr/image.ashx?id=2944509&use=l&cat=p&typeid=i","cat":284462},{"id":239883,"n":"Velouté Eco+ Poireaux pomme de terre","p":0.87,"u":"0,87 €/L","img":"https://fd3-photos.leclercdrive.fr/image.ashx?id=2808724&use=l&cat=p&typeid=i","cat":284462},{"id":239888,"n":"Bouillon Maggi Tomate vermicelle - 70g","p":0.65,"u":"9,29 €/KG","img":"https://fd3-photos.leclercdrive.fr/image.ashx?id=2811713&use=l&cat=p&typeid=i","cat":288379},{"id":239889,"n":"Soupe Douceur d'Automne Knorr - 2x30cl","p":2.68,"u":"4,47 €/L","img":"https://fd3-photos.leclercdrive.fr/image.ashx?id=2953076&use=l&cat=p&typeid=i","cat":284462},{"id":239897,"n":"Velouté de poireaux Royco  pomme de terre x3 - 80cl","p":1.57,"u":"1,96 €/L","img":"https://fd3-photos.leclercdrive.fr/image.ashx?id=2810642&use=l&cat=p&typeid=i","cat":293527},{"id":239899,"n":"Plat Bledina Boeuf et carotte - 200g","p":2.37,"u":"11,85 €/KG","img":"https://fd3-photos.leclercdrive.fr/image.ashx?id=2866307&use=l&cat=p&typeid=i","cat":312238},{"id":239902,"n":"Saumon en croûte Côté Table 700g","p":7.49,"u":"10,70 €/KG","img":"https://fd3-photos.leclercdrive.fr/image.ashx?id=2808733&use=l&cat=p&typeid=i","cat":319776},{"id":239903,"n":"Bonbons  Copains  Copines Mini sucettes - 168g","p":2.19,"u":"13,04 €/KG","img":"https://fd3-photos.leclercdrive.fr/image.ashx?id=2934796&use=l&cat=p&typeid=i","cat":304250},{"id":239905,"n":"Nouilles Tables du Monde Legumes - 3x65g","p":1.39,"u":"7,13 €/KG","img":"https://fd3-photos.leclercdrive.fr/image.ashx?id=2808727&use=l&cat=p&typeid=i","cat":288992},{"id":239934,"n":"Bols Bledina Crémeux poireaux cabillaud 400g","p":2.88,"u":"7,20 €/KG","img":"https://fd3-photos.leclercdrive.fr/image.ashx?id=2975116&use=l&cat=p&typeid=i","cat":312237},{"id":239939,"n":"Bols ratatouille Bledina  poulet &huile d'olive - 400g","p":2.71,"u":"6,78 €/KG","img":"https://fd3-photos.leclercdrive.fr/image.ashx?id=2975122&use=l&cat=p&typeid=i","cat":312236},{"id":239942,"n":"Bols parmentier Bledina Carottes boeuf - 2x200g","p":2.57,"u":"6,43 €/KG","img":"https://fd3-photos.leclercdrive.fr/image.ashx?id=2975125&use=l&cat=p&typeid=i","cat":312235},{"id":239944,"n":"Bols écrasé Bledina Petits pois riz cabillaud 400g","p":2.83,"u":"7,08 €/KG","img":"https://fd3-photos.leclercdrive.fr/image.ashx?id=2975128&use=l&cat=p&typeid=i","cat":312236},{"id":239945,"n":"Gourdes Bledina Fruits multivariété - 720g","p":6.93,"u":"9,63 €/KG","img":"https://fd3-photos.leclercdrive.fr/image.ashx?id=2810654&use=l&cat=p&typeid=i","cat":312393},{"id":239953,"n":"Chocolat noir Excellence Lindt 3 graines - 100g","p":2.51,"u":"2,51 €/L","img":"https://fd3-photos.leclercdrive.fr/image.ashx?id=2810675&use=l&cat=p&typeid=i","cat":284499},{"id":239960,"n":"Sauce provencale Eco+ 390g","p":0.87,"u":"2,23 €/KG","img":"https://fd3-photos.leclercdrive.fr/image.ashx?id=2808964&use=l&cat=p&typeid=i","cat":299047},{"id":239981,"n":"Sauce napolitaine Eco+ 390g","p":0.97,"u":"2,49 €/KG","img":"https://fd3-photos.leclercdrive.fr/image.ashx?id=2809172&use=l&cat=p&typeid=i","cat":299047},{"id":240002,"n":"Billes M&Ms caramel salé 367g","p":5.18,"u":"14,11 €/KG","img":"https://fd3-photos.leclercdrive.fr/image.ashx?id=2924770&use=l&cat=p&typeid=i","cat":304238},{"id":240198,"n":"Cubes de végétaux tricolores Confits - 200g","p":2.86,"u":"14,30 €/KG","img":"https://fd3-photos.leclercdrive.fr/image.ashx?id=2817509&use=l&cat=p&typeid=i","cat":284357},{"id":240199,"n":"Cubes d'écorces d'oranges Confites - 200g","p":2.96,"u":"14,80 €/KG","img":"https://fd3-photos.leclercdrive.fr/image.ashx?id=2817503&use=l&cat=p&typeid=i","cat":284357},{"id":240200,"n":"Cubes d'écorces de citron Confits - 200g","p":2.93,"u":"14,65 €/KG","img":"https://fd3-photos.leclercdrive.fr/image.ashx?id=2817506&use=l&cat=p&typeid=i","cat":284357},{"id":240205,"n":"Confit de canard Delpeyrat 4 cuisses - 1.350kg","p":20.93,"u":"15,50 €/KG","img":"https://fd3-photos.leclercdrive.fr/image.ashx?id=2962050&use=l&cat=p&typeid=i","cat":305149},{"id":240234,"n":"Bûche glacée Pilpa Duo de Vanilles - 535g","p":5.27,"u":"9,85 €/KG","img":"https://fd3-photos.leclercdrive.fr/image.ashx?id=2812765&use=l&cat=p&typeid=i","cat":284266},{"id":240254,"n":"Papier cadeau Pat'Patrouille Fond rouge - 500x70cm","p":1.79,"img":"https://fd3-photos.leclercdrive.fr/image.ashx?id=2816758&use=l&cat=p&typeid=i","cat":335914},{"id":240256,"n":"Papier cadeau Pat'Patrouille Christmas - 500x70cm","p":1.79,"img":"https://fd3-photos.leclercdrive.fr/image.ashx?id=2816764&use=l&cat=p&typeid=i","cat":335914},{"id":240338,"n":"Laque Elnett Fixation normale  200ml","p":5.55,"u":"27,75 €/L","img":"https://fd3-photos.leclercdrive.fr/image.ashx?id=2814064&use=l&cat=p&typeid=i","cat":284609},{"id":240425,"n":"Soda à l'orange Orangina 1,5L","p":1.9,"u":"1,27 €/L","img":"https://fd3-photos.leclercdrive.fr/image.ashx?id=2946499&use=l&cat=p&typeid=i","cat":284532},{"id":240427,"n":"Soda à l'orange Orangina 12x33cl","p":7.4,"u":"1,87 €/L","img":"https://fd3-photos.leclercdrive.fr/image.ashx?id=2946505&use=l&cat=p&typeid=i","cat":284532},{"id":240482,"n":"Riz basmati Lustucru 10min - 5x180g","p":3.48,"u":"3,87 €/KG","img":"https://fd3-photos.leclercdrive.fr/image.ashx?id=2814163&use=l&cat=p&typeid=i","cat":284428},{"id":240623,"n":"Laque fixation forte Elnett 200ml","p":5.55,"u":"27,75 €/L","img":"https://fd3-photos.leclercdrive.fr/image.ashx?id=2828013&use=l&cat=p&typeid=i","cat":284609},{"id":240751,"n":"Spaghetti Barilla Quadrati Al bronzo - 500g","p":1.97,"u":"3,94 €/KG","img":"https://fd3-photos.leclercdrive.fr/image.ashx?id=2815145&use=l&cat=p&typeid=i","cat":284427},{"id":240837,"n":"Tablette chocolat au lait  Pistaches - Novi - 110g","p":3.84,"u":"34,91 €/KG","img":"https://fd3-photos.leclercdrive.fr/image.ashx?id=2818133&use=l&cat=p&typeid=i","cat":284497},{"id":240852,"n":"Cèpes morceaux L'Origine du Goût 300g","p":5.28,"u":"17,60 €/KG","img":"https://fd3-photos.leclercdrive.fr/image.ashx?id=2814917&use=l&cat=p&typeid=i","cat":319805},{"id":240867,"n":"Frites classiques Pom'lisse  2kg","p":3.69,"u":"1,85 €/KG","img":"https://fd3-photos.leclercdrive.fr/image.ashx?id=2814890&use=l&cat=p&typeid=i","cat":319791},{"id":240869,"n":"Gésiers de canard Volandrie Confits - 300g","p":3.9,"u":"13,00 €/KG","img":"https://fd3-photos.leclercdrive.fr/image.ashx?id=2814905&use=l&cat=p&typeid=i","cat":284715},{"id":240876,"n":"Yaourt à la Grecque Eco+ Nature - 4x125g","p":0.98,"u":"1,96 €/KG","img":"https://fd3-photos.leclercdrive.fr/image.ashx?id=2814854&use=l&cat=p&typeid=i","cat":284409},{"id":240889,"n":"Oeufs de lompe Labeyrie  MSC 80g","p":4.17,"u":"52,13 €/KG","img":"https://fd3-photos.leclercdrive.fr/image.ashx?id=2817602&use=l&cat=p&typeid=i","cat":285191},{"id":241053,"n":"Capsules café Mövenpick Gusto Italiano x10 - 63g","p":3.21,"u":"50,95 €/KG","img":"https://fd3-photos.leclercdrive.fr/image.ashx?id=2817992&use=l&cat=p&typeid=i","cat":284749},{"id":241067,"n":"Mini cheeseburger Erhard Boeuf - x9 160g","p":6.59,"u":"41,19 €/KG","img":"https://fd3-photos.leclercdrive.fr/image.ashx?id=2817734&use=l&cat=p&typeid=i","cat":319774},{"id":241069,"n":"Mini burgers Erhard Poulet - x9 - 160g","p":6.59,"u":"41,19 €/KG","img":"https://fd3-photos.leclercdrive.fr/image.ashx?id=2817737&use=l&cat=p&typeid=i","cat":319774},{"id":241099,"n":"Nouilles asiatiques Maggi Pad Thai - 128g","p":1.57,"u":"12,27 €/KG","img":"https://fd3-photos.leclercdrive.fr/image.ashx?id=2899776&use=l&cat=p&typeid=i","cat":288992},{"id":241187,"n":"AOC Côtes du Jura vin blanc Savagnin - 75cl","p":14.9,"u":"19,87 €/L","img":"https://fd3-photos.leclercdrive.fr/image.ashx?id=2816919&use=l&cat=p&typeid=i","cat":289557},{"id":241210,"n":"Dentifrice Enfants Signal  Super Mario - Fruité - 75ml","p":2.19,"u":"29,20 €/L","img":"https://fd3-photos.leclercdrive.fr/image.ashx?id=2993173&use=l&cat=p&typeid=i","cat":288898},{"id":241211,"n":"Dentifrice Enfants Signal Super Mario - Fraise - 75ml","p":2.14,"u":"28,53 €/L","img":"https://fd3-photos.leclercdrive.fr/image.ashx?id=2987047&use=l&cat=p&typeid=i","cat":288898},{"id":241256,"n":"M&M's minis pochons  360g","p":4.73,"u":"13,14 €/KG","img":"https://fd3-photos.leclercdrive.fr/image.ashx?id=3005290&use=l&cat=p&typeid=i","cat":304238},{"id":241489,"n":"Thon au naturel Petit Navire x3 - 112g","p":7.05,"u":"62,95 €/KG","img":"https://fd3-photos.leclercdrive.fr/image.ashx?id=2887491&use=l&cat=p&typeid=i","cat":303867},{"id":241500,"n":"Mousse foie gras de canard Eco+ 2x40g","p":3.35,"u":"41,88 €/KG","img":"https://fd3-photos.leclercdrive.fr/image.ashx?id=2817223&use=l&cat=p&typeid=i","cat":316008},{"id":241514,"n":"Foie gras de canard Labeyrie 320g","p":45.47,"u":"142,09 €/KG","img":"https://fd3-photos.leclercdrive.fr/image.ashx?id=2819307&use=l&cat=p&typeid=i","cat":316008},{"id":241657,"n":"Riz Thai Taureau ailé 500g","p":2.14,"u":"4,28 €/KG","img":"https://fd3-photos.leclercdrive.fr/image.ashx?id=2828340&use=l&cat=p&typeid=i","cat":284428},{"id":241812,"n":"Gourde bébé Blédina - 10 mois Multifruits - 8x85g","p":6.47,"u":"9,51 €/KG","img":"https://fd3-photos.leclercdrive.fr/image.ashx?id=2826642&use=l&cat=p&typeid=i","cat":312393},{"id":241912,"n":"Couches Culottes Huggies Pull-ups - T5 - x24","p":10.97,"img":"https://fd3-photos.leclercdrive.fr/image.ashx?id=2844721&use=l&cat=p&typeid=i","cat":290633},{"id":241915,"n":"Couches culottes Huggies Pull-ups - Taille 6 - x20","p":10.97,"img":"https://fd3-photos.leclercdrive.fr/image.ashx?id=2844724&use=l&cat=p&typeid=i","cat":290633},{"id":241916,"n":"Protection solaire Garnier Vitamine C - Spf50+ - 40ml","p":9.78,"u":"244,50 €/L","img":"https://fd3-photos.leclercdrive.fr/image.ashx?id=2828058&use=l&cat=p&typeid=i","cat":325355},{"id":241919,"n":"AOP Fitou Prieur Barsanne Vin rouge - 3L","p":9.99,"u":"3,33 €/L","img":"https://fd3-photos.leclercdrive.fr/image.ashx?id=2820284&use=l&cat=p&typeid=i","cat":289556},{"id":241923,"n":"Biscuits sablés Mère Poulard Coffret fer mythique - 500g","p":10.96,"u":"21,92 €/KG","img":"https://fd3-photos.leclercdrive.fr/image.ashx?id=2827911&use=l&cat=p&typeid=i","cat":284490},{"id":242064,"n":"Barre de chocolat Bounty x9 - 275g","p":4.75,"u":"17,27 €/KG","img":"https://fd3-photos.leclercdrive.fr/image.ashx?id=2829156&use=l&cat=p&typeid=i","cat":284498},{"id":242210,"n":"Tartinades de thon Petit Navire 250g","p":3.0,"u":"12,00 €/KG","img":"https://fd3-photos.leclercdrive.fr/image.ashx?id=2835848&use=l&cat=p&typeid=i","cat":284451},{"id":242214,"n":"Bloc WC Bref Deluxe  Magnolia précieux 2+1","p":2.88,"u":"0,96 €/P","img":"https://fd3-photos.leclercdrive.fr/image.ashx?id=2965022&use=l&cat=p&typeid=i","cat":284662},{"id":242218,"n":"Lingettes Mixa bébé au lait x80","p":3.57,"u":"0,04 €/P","img":"https://fd3-photos.leclercdrive.fr/image.ashx?id=2828079&use=l&cat=p&typeid=i","cat":284738},{"id":242220,"n":"Lingettes Mixa bébé  eau minérale x48","p":3.57,"u":"0,07 €/P","img":"https://fd3-photos.leclercdrive.fr/image.ashx?id=2828082&use=l&cat=p&typeid=i","cat":284738},{"id":242222,"n":"Lingettes Mixa bébé  eau nettoyante x80","p":3.87,"u":"0,05 €/P","img":"https://fd3-photos.leclercdrive.fr/image.ashx?id=2828085&use=l&cat=p&typeid=i","cat":284738},{"id":242226,"n":"Déodorant Mixa Anti-transpirant 48h","p":2.63,"u":"52,60 €/L","img":"https://fd3-photos.leclercdrive.fr/image.ashx?id=2869116&use=l&cat=p&typeid=i","cat":284595},{"id":242235,"n":"Lingettes bébé Cadum  Ultra-douces x48","p":4.13,"u":"0,04 €/P","img":"https://fd3-photos.leclercdrive.fr/image.ashx?id=2828091&use=l&cat=p&typeid=i","cat":284738},{"id":242256,"n":"Saumon fumé Labeyrie Écosse 12 tranches minimum 400g","p":13.97,"u":"34,93 €/KG","img":"https://fd3-photos.leclercdrive.fr/image.ashx?id=2916773&use=l&cat=p&typeid=i","cat":285188},{"id":242258,"n":"Laque Elnett 300ml","p":8.98,"u":"29,93 €/L","img":"https://fd3-photos.leclercdrive.fr/image.ashx?id=2828019&use=l&cat=p&typeid=i","cat":284609},{"id":242259,"n":"Laque Elnett fixation forte 300ml","p":8.64,"u":"28,80 €/L","img":"https://fd3-photos.leclercdrive.fr/image.ashx?id=2828016&use=l&cat=p&typeid=i","cat":284609},{"id":242262,"n":"Laque Elnett Fixation forte 400ml","p":10.1,"u":"25,25 €/L","img":"https://fd3-photos.leclercdrive.fr/image.ashx?id=2828022&use=l&cat=p&typeid=i","cat":284609},{"id":242266,"n":"Après-shampoing Garnier Ultra  Doux Cheveux secs -250ml","p":2.39,"u":"9,56 €/L","img":"https://fd3-photos.leclercdrive.fr/image.ashx?id=2828046&use=l&cat=p&typeid=i","cat":284607},{"id":242267,"n":"Shampoing Dessange Blond 250ml","p":3.6,"u":"14,40 €/L","img":"https://fd3-photos.leclercdrive.fr/image.ashx?id=2870692&use=l&cat=p&typeid=i","cat":284606},{"id":242278,"n":"Lait vitaminé Viva Candia Demi-écrémé 8x1L","p":10.68,"u":"1,34 €/L","img":"https://fd3-photos.leclercdrive.fr/image.ashx?id=2891586&use=l&cat=p&typeid=i","cat":284377},{"id":242323,"n":"Mini sucettes Copains Copines Acides - 180g","p":1.59,"u":"8,83 €/KG","img":"https://fd3-photos.leclercdrive.fr/image.ashx?id=2934799&use=l&cat=p&typeid=i","cat":304250},{"id":242329,"n":"Bonbons Copains Copines Acides - 200g","p":1.13,"u":"5,65 €/KG","img":"https://fd3-photos.leclercdrive.fr/image.ashx?id=2934793&use=l&cat=p&typeid=i","cat":304250},{"id":242353,"n":"Riz Comptoir du Grain Thaï suprême - 500g","p":1.95,"u":"3,90 €/KG","img":"https://fd3-photos.leclercdrive.fr/image.ashx?id=2822371&use=l&cat=p&typeid=i","cat":284428},{"id":242418,"n":"Thé noir L'Origine du Gout Earl Grey - 80g","p":4.81,"u":"60,13 €/KG","img":"https://fd3-photos.leclercdrive.fr/image.ashx?id=2822586&use=l&cat=p&typeid=i","cat":293233},{"id":242435,"n":"Foie gras du Périgord Nos Région ont du Talent - 120g","p":6.9,"u":"57,50 €/KG","img":"https://fd3-photos.leclercdrive.fr/image.ashx?id=2824497&use=l&cat=p&typeid=i","cat":305148},{"id":242585,"n":"Girasoli champignons cèpes  TURINI 250G","p":2.49,"u":"9,96 €/KG","img":"https://fd3-photos.leclercdrive.fr/image.ashx?id=2897823&use=l&cat=p&typeid=i","cat":333682},{"id":242668,"n":"Liqueur de café Giffard 20% vol 50cl","p":6.88,"pp":6.19,"u":"12,38 €/L","img":"https://fd3-photos.leclercdrive.fr/image.ashx?id=2827041&use=l&cat=p&typeid=i","cat":286032},{"id":242701,"n":"Déodorant Narta Impeccable anti-traces 48h -50ml","p":2.77,"u":"55,40 €/L","img":"https://fd3-photos.leclercdrive.fr/image.ashx?id=2828097&use=l&cat=p&typeid=i","cat":284595},{"id":242702,"n":"Déodorant Narta Magnesium  protect - 100ml","p":4.27,"u":"42,70 €/L","img":"https://fd3-photos.leclercdrive.fr/image.ashx?id=2828100&use=l&cat=p&typeid=i","cat":284595},{"id":242705,"n":"Déodorant Bio Ushuaia Vanille 50ml","p":3.33,"u":"66,60 €/L","img":"https://fd3-photos.leclercdrive.fr/image.ashx?id=2828121&use=l&cat=p&typeid=i","cat":284595},{"id":242821,"n":"Coloration Olia Garnier 6.12  Châtin très clair","p":9.35,"img":"https://fd3-photos.leclercdrive.fr/image.ashx?id=2825880&use=l&cat=p&typeid=i","cat":288899},{"id":242906,"n":"AOP Languedoc Prieur Barsanne Vin rouge - 75cl","p":2.99,"u":"3,99 €/L","img":"https://fd3-photos.leclercdrive.fr/image.ashx?id=2917320&use=l&cat=p&typeid=i","cat":289556},{"id":242907,"n":"Gel douche Sanex Zero Essential Peaux sensible 2x47.5ml","p":6.49,"u":"6,83 €/L","img":"https://fd3-photos.leclercdrive.fr/image.ashx?id=2826255&use=l&cat=p&typeid=i","cat":284594},{"id":242942,"n":"Riz basmati Taureau Ailé  Bio - 500g","p":3.68,"u":"7,36 €/KG","img":"https://fd3-photos.leclercdrive.fr/image.ashx?id=2826015&use=l&cat=p&typeid=i","cat":284428},{"id":243076,"n":"Chocolat Merveilles du Monde Lait crêpes dentelles  - 100g","p":2.75,"u":"27,50 €/KG","img":"https://fd3-photos.leclercdrive.fr/image.ashx?id=2840289&use=l&cat=p&typeid=i","cat":284497},{"id":243077,"n":"Chocolat Merveilles du Monde Blanc noix de coco  - 100g","p":2.93,"u":"29,30 €/KG","img":"https://fd3-photos.leclercdrive.fr/image.ashx?id=2826057&use=l&cat=p&typeid=i","cat":284497},{"id":243078,"n":"Biscuits Merveilles du Monde Les animaux nappés - 200g","p":2.67,"u":"13,35 €/KG","img":"https://fd3-photos.leclercdrive.fr/image.ashx?id=2883711&use=l&cat=p&typeid=i","cat":284487},{"id":243079,"n":"Tartelettes Merveilles du Monde Pâte à tartiner - 180g","p":2.7,"u":"15,00 €/KG","img":"https://fd3-photos.leclercdrive.fr/image.ashx?id=2857665&use=l&cat=p&typeid=i","cat":284488},{"id":243168,"n":"Lait de croissance Optipro 3 En poudre - 860g","p":9.3,"u":"10,81 €/KG","img":"https://fd3-photos.leclercdrive.fr/image.ashx?id=2855780&use=l&cat=p&typeid=i","cat":290219},{"id":243182,"n":"Ecrasé Pom Bristo Façon grand-mère - 450g","p":3.3,"u":"7,33 €/KG","img":"https://fd3-photos.leclercdrive.fr/image.ashx?id=2866442&use=l&cat=p&typeid=i","cat":319793},{"id":243312,"n":"Nectar de cranberry Pauline 1L","p":2.87,"u":"2,87 €/L","img":"https://fd3-photos.leclercdrive.fr/image.ashx?id=2830417&use=l&cat=p&typeid=i","cat":284915},{"id":243487,"n":"Nems au porc X8 560G","p":3.39,"u":"6,05 €/KG","img":"https://fd3-photos.leclercdrive.fr/image.ashx?id=2953377&use=l&cat=p&typeid=i","cat":333673},{"id":243688,"n":"Concentré de citron Frucci 75cl","p":1.54,"u":"2,05 €/L","img":"https://fd3-photos.leclercdrive.fr/image.ashx?id=2865308&use=l&cat=p&typeid=i","cat":295020},{"id":243689,"n":"Boisson energisante X-Tense Energisante pina coco - 50cl","p":0.98,"u":"1,96 €/L","img":"https://fd3-photos.leclercdrive.fr/image.ashx?id=2956798&use=l&cat=p&typeid=i","cat":284533},{"id":243706,"n":"Boisson energisante X-tense  Tropical - 50cl","p":0.98,"u":"1,96 €/L","img":"https://fd3-photos.leclercdrive.fr/image.ashx?id=2956795&use=l&cat=p&typeid=i","cat":284533},{"id":243712,"n":"Muffins pépites de chocolat 6 X 40G","p":2.17,"u":"9,04 €/KG","img":"https://fd3-photos.leclercdrive.fr/image.ashx?id=2836682&use=l&cat=p&typeid=i","cat":284495},{"id":243714,"n":"Muffins myrtille 6 x43 G","p":2.04,"u":"7,91 €/KG","img":"https://fd3-photos.leclercdrive.fr/image.ashx?id=2834818&use=l&cat=p&typeid=i","cat":284495},{"id":243957,"n":"Concentré Frucci Citron vert - 75cl","p":1.8,"u":"2,40 €/L","img":"https://fd3-photos.leclercdrive.fr/image.ashx?id=2865311&use=l&cat=p&typeid=i","cat":295020},{"id":243958,"n":"Concentré Frucci Orange Citron - 75cl","p":2.41,"u":"3,21 €/L","img":"https://fd3-photos.leclercdrive.fr/image.ashx?id=2865314&use=l&cat=p&typeid=i","cat":295020},{"id":243962,"n":"Lingettes Decolor Stop Protection couleurs - x22","p":4.34,"img":"https://fd3-photos.leclercdrive.fr/image.ashx?id=2890127&use=l&cat=p&typeid=i","cat":290450},{"id":243964,"n":"Lessive liquide Ecopack Winni's Savon d'Alep et Verveine 1350ml","p":5.87,"u":"4,35 €/L","img":"https://fd3-photos.leclercdrive.fr/image.ashx?id=2834542&use=l&cat=p&typeid=i","cat":284640},{"id":243967,"n":"Lessive liquide Winni's Couleurs Ecolabel 1125ml x25","p":6.83,"u":"6,07 €/L","img":"https://fd3-photos.leclercdrive.fr/image.ashx?id=2834545&use=l&cat=p&typeid=i","cat":284640},{"id":243975,"n":"Kit Plumeau Eco+ Dépoussiérant - +5 recharges","p":0.81,"img":"https://fd3-photos.leclercdrive.fr/image.ashx?id=2834187&use=l&cat=p&typeid=i","cat":325364},{"id":243977,"n":"Vinaigre de nettoyage Clair 5L","p":5.01,"u":"1,00 €/L","img":"https://fd3-photos.leclercdrive.fr/image.ashx?id=2834190&use=l&cat=p&typeid=i","cat":325362},{"id":243995,"n":"Croutons saveur ail Pasquier 80g","p":1.12,"u":"14,00 €/KG","img":"https://fd3-photos.leclercdrive.fr/image.ashx?id=2834458&use=l&cat=p&typeid=i","cat":284464},{"id":243996,"n":"Croutons nature Pasquier 80g","p":1.01,"u":"12,63 €/KG","img":"https://fd3-photos.leclercdrive.fr/image.ashx?id=2834461&use=l&cat=p&typeid=i","cat":284464},{"id":244182,"n":"Bière blonde Corona Extra 4,5% - 18x33cl","p":23.43,"u":"3,94 €/L","img":"https://fd3-photos.leclercdrive.fr/image.ashx?id=2944368&use=l&cat=p&typeid=i","cat":334873},{"id":244187,"n":"Gin Tanqueray 0.0% vol. sans alcool - 70cl","p":17.99,"u":"25,70 €/L","img":"https://fd3-photos.leclercdrive.fr/image.ashx?id=2948408&use=l&cat=p&typeid=i","cat":284550},{"id":244195,"n":"Gel douche Le Petit Marseillais Abricot - 400ml","p":3.73,"u":"9,33 €/L","img":"https://fd3-photos.leclercdrive.fr/image.ashx?id=2941778&use=l&cat=p&typeid=i","cat":284594},{"id":244204,"n":"Poêlée Champêtre Ec0+ 1kg","p":2.49,"img":"https://fd3-photos.leclercdrive.fr/image.ashx?id=2835045&use=l&cat=p&typeid=i","cat":319823},{"id":244205,"n":"Poêlée de légumes 1kg","p":2.49,"u":"2,49 €/KG","img":"https://fd3-photos.leclercdrive.fr/image.ashx?id=2835048&use=l&cat=p&typeid=i","cat":319823},{"id":244218,"n":"Croquettes Friskies chat adulte Thon Légumes - 3kg","p":9.52,"u":"3,17 €/KG","img":"https://fd3-photos.leclercdrive.fr/image.ashx?id=2835148&use=l&cat=p&typeid=i","cat":284680},{"id":244229,"n":"Croquettes Friskies chat adulte Lapin Poulet Légumes - 1.5kg","p":5.01,"u":"3,34 €/KG","img":"https://fd3-photos.leclercdrive.fr/image.ashx?id=2835160&use=l&cat=p&typeid=i","cat":284680},{"id":244230,"n":"Croquettes Friskies chat adulte Poulet Légumes - 3kg","p":8.69,"u":"2,90 €/KG","img":"https://fd3-photos.leclercdrive.fr/image.ashx?id=2835151&use=l&cat=p&typeid=i","cat":284680},{"id":244234,"n":"Croquettes Friskies chat adulte Saumon Légumes - 1.5kg","p":4.6,"u":"3,07 €/KG","img":"https://fd3-photos.leclercdrive.fr/image.ashx?id=2860586&use=l&cat=p&typeid=i","cat":284680},{"id":244235,"n":"Croquettes Friskies chat adulte  Boeuf Poulet Légumes - 1.5kg","p":5.19,"u":"3,46 €/KG","img":"https://fd3-photos.leclercdrive.fr/image.ashx?id=2835154&use=l&cat=p&typeid=i","cat":284680},{"id":244351,"n":"Shampooing Elsève Color vive 250ml","p":2.35,"u":"9,40 €/L","img":"https://fd3-photos.leclercdrive.fr/image.ashx?id=2989318&use=l&cat=p&typeid=i","cat":284606},{"id":244354,"n":"Shampooing Garnier Ultra doux  Miel - 250ml","p":2.03,"u":"8,12 €/L","img":"https://fd3-photos.leclercdrive.fr/image.ashx?id=2836502&use=l&cat=p&typeid=i","cat":284606},{"id":244356,"n":"Shampooing Garnier Ultra doux  Avocat 250ml","p":2.05,"u":"8,20 €/L","img":"https://fd3-photos.leclercdrive.fr/image.ashx?id=2836499&use=l&cat=p&typeid=i","cat":284606},{"id":244359,"n":"Shampooing Elsève Dream length  250ml","p":3.48,"u":"13,92 €/L","img":"https://fd3-photos.leclercdrive.fr/image.ashx?id=2863614&use=l&cat=p&typeid=i","cat":284606},{"id":244360,"n":"Shampooing Elsève Hyaluronique  250ml","p":3.48,"u":"13,92 €/L","img":"https://fd3-photos.leclercdrive.fr/image.ashx?id=2863617&use=l&cat=p&typeid=i","cat":284606},{"id":244632,"n":"Spray épaississant John Frieda Force Filler - 150ml","p":8.47,"u":"56,47 €/L","img":"https://fd3-photos.leclercdrive.fr/image.ashx?id=2837577&use=l&cat=p&typeid=i","cat":284609},{"id":244644,"n":"Pompe à dentifrice Kids 150ml","p":6.23,"u":"41,53 €/L","img":"https://fd3-photos.leclercdrive.fr/image.ashx?id=2837583&use=l&cat=p&typeid=i","cat":288898},{"id":244646,"n":"Pompe à dentifrice Junior  150ml","p":5.9,"u":"39,33 €/L","img":"https://fd3-photos.leclercdrive.fr/image.ashx?id=2837586&use=l&cat=p&typeid=i","cat":288898},{"id":244661,"n":"Riz Basmati Lustucru Selection  10 min - 450g","p":2.18,"u":"4,84 €/KG","img":"https://fd3-photos.leclercdrive.fr/image.ashx?id=2836732&use=l&cat=p&typeid=i","cat":284428},{"id":245060,"n":"Cornichons 6 aromates Rustica extra-fins -220g","p":1.59,"u":"7,23 €/KG","img":"https://fd3-photos.leclercdrive.fr/image.ashx?id=2916734&use=l&cat=p&typeid=i","cat":284458},{"id":245074,"n":"Nouilles instantanées Maggi sauce aigre douce - 128g","p":1.96,"u":"15,31 €/KG","img":"https://fd3-photos.leclercdrive.fr/image.ashx?id=2837628&use=l&cat=p&typeid=i","cat":288992},{"id":245075,"n":"Nouilles instantanées Maggi  sauce Teriyaki - 128g","p":1.57,"u":"12,27 €/KG","img":"https://fd3-photos.leclercdrive.fr/image.ashx?id=2837625&use=l&cat=p&typeid=i","cat":288992},{"id":245082,"n":"Nouilles instantanées Maggi sauce sweet chili - 75g","p":1.4,"u":"18,67 €/KG","img":"https://fd3-photos.leclercdrive.fr/image.ashx?id=2842960&use=l&cat=p&typeid=i","cat":288992},{"id":245085,"n":"Sauce aigre douce Maggi  pour poulet - 355g","p":2.87,"u":"8,08 €/KG","img":"https://fd3-photos.leclercdrive.fr/image.ashx?id=2947231&use=l&cat=p&typeid=i","cat":288992},{"id":245086,"n":"Sauce Tikka Masala Maggi pour poulet - 340g","p":3.67,"u":"10,79 €/KG","img":"https://fd3-photos.leclercdrive.fr/image.ashx?id=2971772&use=l&cat=p&typeid=i","cat":289012},{"id":245238,"n":"Gousses vanille Tablier Blanc x2 - 4g","p":5.44,"img":"https://fd3-photos.leclercdrive.fr/image.ashx?id=2837701&use=l&cat=p&typeid=i","cat":284504},{"id":245270,"n":"Déodorant spray Ushuaïa Monoï fleur de tiaré - 200ml","p":2.74,"u":"13,70 €/L","img":"https://fd3-photos.leclercdrive.fr/image.ashx?id=2839746&use=l&cat=p&typeid=i","cat":284595},{"id":245353,"n":"Déodorant spray Ushuaïa Argile baie d'Açaï - 200ml","p":2.52,"u":"12,60 €/L","img":"https://fd3-photos.leclercdrive.fr/image.ashx?id=2839749&use=l&cat=p&typeid=i","cat":284595},{"id":245397,"n":"Frites au four allumettes  Pom'lisse - 2kg","p":3.99,"u":"2,00 €/KG","img":"https://fd3-photos.leclercdrive.fr/image.ashx?id=2838547&use=l&cat=p&typeid=i","cat":319791},{"id":245400,"n":"Dés de chorizo Saint-Azay 120g","p":1.99,"u":"16,58 €/KG","img":"https://fd3-photos.leclercdrive.fr/image.ashx?id=2959746&use=l&cat=p&typeid=i","cat":316011},{"id":245463,"n":"Soupe douceur d'automne Knorr À la crème fraîche - 2x1L","p":4.89,"pp":3.42,"u":"1,71 €/L","img":"https://fd3-photos.leclercdrive.fr/image.ashx?id=2975939&use=l&cat=p&typeid=i","cat":284462},{"id":245560,"n":"Couscous aux epices douces  Comptoir du grain 2x250g","p":1.73,"u":"3,46 €/KG","img":"https://fd3-photos.leclercdrive.fr/image.ashx?id=3012875&use=l&cat=p&typeid=i","cat":284429},{"id":245576,"n":"Sauce Pesto vert Panzani au basilic - 2x90g","p":2.65,"u":"14,72 €/KG","img":"https://fd3-photos.leclercdrive.fr/image.ashx?id=2873841&use=l&cat=p&typeid=i","cat":299047},{"id":245579,"n":"Sauce Pesto vert crémeux  Panzani - 190g","p":2.23,"u":"11,74 €/KG","img":"https://fd3-photos.leclercdrive.fr/image.ashx?id=2873838&use=l&cat=p&typeid=i","cat":299047},{"id":245580,"n":"Sauce Arrabbiata Panzani 400g","p":2.28,"u":"5,70 €/KG","img":"https://fd3-photos.leclercdrive.fr/image.ashx?id=2880694&use=l&cat=p&typeid=i","cat":299047},{"id":245582,"n":"Sauce Pesto Panzani poivrons ricotta - 190g","p":2.13,"u":"11,21 €/KG","img":"https://fd3-photos.leclercdrive.fr/image.ashx?id=2873835&use=l&cat=p&typeid=i","cat":299047},{"id":245681,"n":"Tranches Emmental Baguette Président - 8 tranches - 120g","p":1.93,"u":"16,08 €/KG","img":"https://fd3-photos.leclercdrive.fr/image.ashx?id=2840518&use=l&cat=p&typeid=i","cat":314028},{"id":245682,"n":"Tranches Gouda Baguette Président - 8 tranches - 120g","p":1.95,"u":"16,25 €/KG","img":"https://fd3-photos.leclercdrive.fr/image.ashx?id=2840521&use=l&cat=p&typeid=i","cat":314028},{"id":245683,"n":"Tranches Mimolette Baguette Président - 8 tranches - 120g","p":2.0,"u":"16,67 €/KG","img":"https://fd3-photos.leclercdrive.fr/image.ashx?id=2840524&use=l&cat=p&typeid=i","cat":314028},{"id":245745,"n":"Farine de blé type 55 - 1kg Pratiques agricoles bas carbone","p":0.89,"u":"0,89 €/KG","img":"https://fd3-photos.leclercdrive.fr/image.ashx?id=2969994&use=l&cat=p&typeid=i","cat":284503},{"id":245929,"n":"Tablette chocolat KitKat Caramel salé - 99g","p":2.17,"u":"21,92 €/KG","img":"https://fd3-photos.leclercdrive.fr/image.ashx?id=2990868&use=l&cat=p&typeid=i","cat":284497},{"id":245930,"n":"Tablette KitKat  Double chocolat - 99g","p":2.74,"u":"27,68 €/KG","img":"https://fd3-photos.leclercdrive.fr/image.ashx?id=2990865&use=l&cat=p&typeid=i","cat":284497},{"id":245931,"n":"Tablette chocolat KitKat  Noisette - 99g","p":2.74,"u":"27,68 €/KG","img":"https://fd3-photos.leclercdrive.fr/image.ashx?id=2871046&use=l&cat=p&typeid=i","cat":284497},{"id":245938,"n":"Thon entier El Manar au naturel - 115g","p":2.63,"u":"22,87 €/KG","img":"https://fd3-photos.leclercdrive.fr/image.ashx?id=2841900&use=l&cat=p&typeid=i","cat":303867},{"id":245939,"n":"Thon entier El Manar à l'huile d'olive - 160g","p":2.1,"u":"13,13 €/KG","img":"https://fd3-photos.leclercdrive.fr/image.ashx?id=2841903&use=l&cat=p&typeid=i","cat":303867},{"id":245942,"n":"Pains Kebab Hünkar x7   630g","p":3.7,"u":"5,87 €/KG","img":"https://fd3-photos.leclercdrive.fr/image.ashx?id=2841888&use=l&cat=p&typeid=i","cat":319822},{"id":246171,"n":"Gyoza Ajinomoto Porc - x20 - 400g","p":5.97,"u":"14,93 €/KG","img":"https://fd3-photos.leclercdrive.fr/image.ashx?id=2843442&use=l&cat=p&typeid=i","cat":319774},{"id":246174,"n":"Chips Bret's Sauce Curry - 125g","p":1.5,"u":"12,00 €/KG","img":"https://fd3-photos.leclercdrive.fr/image.ashx?id=2843418&use=l&cat=p&typeid=i","cat":284447},{"id":246199,"n":"Sablés au roquefort Nos Régions ont du Talent 100g","p":1.99,"u":"19,90 €/KG","img":"https://fd3-photos.leclercdrive.fr/image.ashx?id=2909927&use=l&cat=p&typeid=i","cat":297000},{"id":246200,"n":"Sablés au comté Nos Régions ont du Talent 100g","p":1.99,"u":"19,90 €/KG","img":"https://fd3-photos.leclercdrive.fr/image.ashx?id=2909924&use=l&cat=p&typeid=i","cat":297000},{"id":246201,"n":"Pâtes penné rigaté Eco+ 1kg","p":1.1,"u":"1,10 €/KG","img":"https://fd3-photos.leclercdrive.fr/image.ashx?id=2856736&use=l&cat=p&typeid=i","cat":284427},{"id":246204,"n":"Chips Street food Vico saveur Spicy Curry sauce - 120g","p":1.3,"u":"10,83 €/KG","img":"https://fd3-photos.leclercdrive.fr/image.ashx?id=3000105&use=l&cat=p&typeid=i","cat":284447},{"id":246205,"n":"Chips Street food Vico  Saveur boeuf Thaï- 120g","p":1.3,"u":"10,83 €/KG","img":"https://fd3-photos.leclercdrive.fr/image.ashx?id=3000102&use=l&cat=p&typeid=i","cat":284447},{"id":246213,"n":"Complément alimentaire Zohi Magnesium pilulier x30","p":10.99,"u":"61,06 €/KG","img":"https://fd3-photos.leclercdrive.fr/image.ashx?id=2844205&use=l&cat=p&typeid=i","cat":284632},{"id":246215,"n":"Craq' Mix Tokapi 110g","p":1.25,"u":"11,36 €/KG","img":"https://fd3-photos.leclercdrive.fr/image.ashx?id=2922956&use=l&cat=p&typeid=i","cat":284447},{"id":246216,"n":"Coupelles Douceurs du Verger Pomme Fraise - 4x100g","p":1.23,"u":"3,08 €/KG","img":"https://fd3-photos.leclercdrive.fr/image.ashx?id=2878741&use=l&cat=p&typeid=i","cat":284508},{"id":246217,"n":"Gourdes Douceur du Verger Pommes Fraises abricot 4x90g","p":1.6,"u":"4,44 €/KG","img":"https://fd3-photos.leclercdrive.fr/image.ashx?id=2934781&use=l&cat=p&typeid=i","cat":284508},{"id":246225,"n":"Tablette de chocolat Equador Amandes caramel - 100g","p":1.69,"u":"16,90 €/KG","img":"https://fd3-photos.leclercdrive.fr/image.ashx?id=2843120&use=l&cat=p&typeid=i","cat":284497},{"id":246260,"n":"Masque Elseve Total Repair 5 - 310ml","p":5.16,"u":"16,65 €/L","img":"https://fd3-photos.leclercdrive.fr/image.ashx?id=2844178&use=l&cat=p&typeid=i","cat":284608},{"id":246261,"n":"Shampooing Elseve Hyaluronique - 400ml","p":5.12,"u":"12,80 €/L","img":"https://fd3-photos.leclercdrive.fr/image.ashx?id=2844181&use=l&cat=p&typeid=i","cat":284606},{"id":246262,"n":"Shampooing Elseve Dream long - 400ml","p":5.12,"u":"12,80 €/L","img":"https://fd3-photos.leclercdrive.fr/image.ashx?id=2844187&use=l&cat=p&typeid=i","cat":284606},{"id":246263,"n":"Sérum Elseve Anti-chute - 102ml","p":10.96,"u":"107,45 €/L","img":"https://fd3-photos.leclercdrive.fr/image.ashx?id=2844190&use=l&cat=p&typeid=i","cat":284608},{"id":246269,"n":"Après-shampooing Elseve Démêlant anti-chute - 150ml","p":5.57,"u":"37,13 €/L","img":"https://fd3-photos.leclercdrive.fr/image.ashx?id=2844193&use=l&cat=p&typeid=i","cat":284607},{"id":246270,"n":"Shampooing Elseve Anti-chute - 200ml","p":5.59,"u":"27,95 €/L","img":"https://fd3-photos.leclercdrive.fr/image.ashx?id=2844196&use=l&cat=p&typeid=i","cat":284606},{"id":246318,"n":"Tablette de chocolat Equador Blond caramel amandes - 100g","p":1.69,"u":"16,90 €/KG","img":"https://fd3-photos.leclercdrive.fr/image.ashx?id=2843824&use=l&cat=p&typeid=i","cat":284497},{"id":246319,"n":"Tablette de chocolat Equador Noir gianduja - 100g","p":1.49,"u":"14,90 €/KG","img":"https://fd3-photos.leclercdrive.fr/image.ashx?id=2843821&use=l&cat=p&typeid=i","cat":284956},{"id":246327,"n":"Effilés en sauce Purina One Multivarietés - 680g","p":5.23,"u":"7,69 €/KG","img":"https://fd3-photos.leclercdrive.fr/image.ashx?id=2940606&use=l&cat=p&typeid=i","cat":285286},{"id":246328,"n":"Croquettes Purina One Chat stérilisé - 1,5 kg","p":6.97,"u":"4,65 €/KG","img":"https://fd3-photos.leclercdrive.fr/image.ashx?id=2844490&use=l&cat=p&typeid=i","cat":284680},{"id":246330,"n":"Saumon Selection Purina One Junior 1 à 12 mois - 1.5 kg","p":8.42,"u":"5,61 €/KG","img":"https://fd3-photos.leclercdrive.fr/image.ashx?id=2844487&use=l&cat=p&typeid=i","cat":284680},{"id":246331,"n":"Saumon Purina One Mini 85g","p":4.14,"u":"4,87 €/KG","img":"https://fd3-photos.leclercdrive.fr/image.ashx?id=2844484&use=l&cat=p&typeid=i","cat":294526},{"id":246335,"n":"Mini boeuf Purina One Mini 85g","p":4.78,"u":"5,62 €/KG","img":"https://fd3-photos.leclercdrive.fr/image.ashx?id=2844481&use=l&cat=p&typeid=i","cat":284673},{"id":246352,"n":"Nouilles ramen Suzi Wan Précuites curry jaune - 320g","p":3.27,"u":"10,22 €/KG","img":"https://fd3-photos.leclercdrive.fr/image.ashx?id=2886232&use=l&cat=p&typeid=i","cat":288992},{"id":246353,"n":"Nouilles ramen Suzi Wan Précuites wok korean bbq - 320g","p":2.77,"u":"8,66 €/KG","img":"https://fd3-photos.leclercdrive.fr/image.ashx?id=2886235&use=l&cat=p&typeid=i","cat":288992},{"id":246427,"n":"Soupe deshydratée Knorr Pistou","p":1.38,"u":"17,25 €/KG","img":"https://fd3-photos.leclercdrive.fr/image.ashx?id=2845071&use=l&cat=p&typeid=i","cat":284463},{"id":246466,"n":"Soupe Knorr Pot au feu -14x55g","p":1.38,"u":"1,79 €/KG","img":"https://fd3-photos.leclercdrive.fr/image.ashx?id=2845656&use=l&cat=p&typeid=i","cat":293527},{"id":246543,"n":"Gommage corps Bionaïa Solide Bio - 100g","p":2.49,"u":"24,90 €/KG","img":"https://fd3-photos.leclercdrive.fr/image.ashx?id=2845158&use=l&cat=p&typeid=i","cat":325375},{"id":246544,"n":"Pain de rasage Carré Homme Beurre de karité Bio - 55g","p":2.49,"u":"45,27 €/KG","img":"https://fd3-photos.leclercdrive.fr/image.ashx?id=2854258&use=l&cat=p&typeid=i","cat":284617},{"id":246545,"n":"Perles de cire corps Siliss Chaude - Monoï - 230g","p":4.69,"u":"20,39 €/KG","img":"https://fd3-photos.leclercdrive.fr/image.ashx?id=2845170&use=l&cat=p&typeid=i","cat":325351},{"id":246546,"n":"Cube allume feu Silex Sans odeur - x40","p":2.35,"u":"0,06 €/P","img":"https://fd3-photos.leclercdrive.fr/image.ashx?id=2849593&use=l&cat=p&typeid=i","cat":300578},{"id":246549,"n":"Gel nettoyant Neutrogena Pamplemousse 0.5% - 200ml","p":4.87,"u":"24,35 €/L","img":"https://fd3-photos.leclercdrive.fr/image.ashx?id=2846051&use=l&cat=p&typeid=i","cat":284603},{"id":246638,"n":"Riz parfumé Taureau Ailé 1kg","p":3.29,"u":"3,29 €/KG","img":"https://fd3-photos.leclercdrive.fr/image.ashx?id=2846739&use=l&cat=p&typeid=i","cat":284428},{"id":246798,"n":"Thé noir Ethiquable Bio Ayurvédique - 36g","p":2.67,"u":"74,17 €/KG","img":"https://fd3-photos.leclercdrive.fr/image.ashx?id=2870989&use=l&cat=p&typeid=i","cat":293234},{"id":246911,"n":"Haricots rouges Notre Jardin 600g","p":1.82,"u":"3,03 €/KG","img":"https://fd3-photos.leclercdrive.fr/image.ashx?id=2873171&use=l&cat=p&typeid=i","cat":319805},{"id":246920,"n":"Pois chiches Notre Jardin 600g","p":1.7,"u":"2,83 €/KG","img":"https://fd3-photos.leclercdrive.fr/image.ashx?id=2873180&use=l&cat=p&typeid=i","cat":319805},{"id":246921,"n":"Fèves de soja Notre Jardin 450g","p":2.39,"u":"5,31 €/KG","img":"https://fd3-photos.leclercdrive.fr/image.ashx?id=2873183&use=l&cat=p&typeid=i","cat":319805},{"id":246926,"n":"Quinoa facile Lustucru Blé  Lentilles et Carottes - 300g","p":3.1,"u":"10,33 €/KG","img":"https://fd3-photos.leclercdrive.fr/image.ashx?id=2849418&use=l&cat=p&typeid=i","cat":284429},{"id":247058,"n":"Les Mini Galettes Saint Michel Emmental - 100g","p":1.93,"u":"19,30 €/KG","img":"https://fd3-photos.leclercdrive.fr/image.ashx?id=2936278&use=l&cat=p&typeid=i","cat":297000},{"id":247059,"n":"Les minis galettes Saint Michel Comté - 100g","p":1.42,"u":"14,20 €/KG","img":"https://fd3-photos.leclercdrive.fr/image.ashx?id=2936281&use=l&cat=p&typeid=i","cat":297000},{"id":247060,"n":"Les Minis Galettes Saint Michel Tomates herbes de provence 100g","p":1.85,"u":"18,50 €/KG","img":"https://fd3-photos.leclercdrive.fr/image.ashx?id=2936284&use=l&cat=p&typeid=i","cat":297000},{"id":247061,"n":"Les minis pesto Saint Michel madeleines moelleuses  100g","p":1.93,"u":"19,30 €/KG","img":"https://fd3-photos.leclercdrive.fr/image.ashx?id=2936302&use=l&cat=p&typeid=i","cat":297000},{"id":247082,"n":"Moutarde de Dijon Rustica 370g","p":1.99,"u":"5,38 €/KG","img":"https://fd3-photos.leclercdrive.fr/image.ashx?id=2955062&use=l&cat=p&typeid=i","cat":288850},{"id":247083,"n":"Mélange Rustica Tournesol & olive - 1L","p":3.39,"u":"3,39 €/L","img":"https://fd3-photos.leclercdrive.fr/image.ashx?id=2900358&use=l&cat=p&typeid=i","cat":284453},{"id":247085,"n":"Mini cornichons Rustica Aigre doux - 220g","p":2.19,"u":"9,95 €/KG","img":"https://fd3-photos.leclercdrive.fr/image.ashx?id=2916737&use=l&cat=p&typeid=i","cat":284458},{"id":247087,"n":"Duo blé riz sarrasin Jardin Bio 220g","p":1.38,"u":"6,27 €/KG","img":"https://fd3-photos.leclercdrive.fr/image.ashx?id=2849953&use=l&cat=p&typeid=i","cat":284953},{"id":247088,"n":"Velouté de tomates Jardin Bio Lentilles corail bio - 2X33cl","p":2.09,"u":"3,17 €/L","img":"https://fd3-photos.leclercdrive.fr/image.ashx?id=2849950&use=l&cat=p&typeid=i","cat":284462},{"id":247089,"n":"Mouliné de lentilles Jardin Bio bio 1L","p":2.59,"u":"2,59 €/L","img":"https://fd3-photos.leclercdrive.fr/image.ashx?id=2849947&use=l&cat=p&typeid=i","cat":284462},{"id":247091,"n":"Trio gourmand Jardin Bio Riz lentilles bio - 220g","p":1.36,"u":"6,18 €/KG","img":"https://fd3-photos.leclercdrive.fr/image.ashx?id=2849944&use=l&cat=p&typeid=i","cat":284953},{"id":247092,"n":"Blé à la tomate Jardin Bio Basilic - 220g","p":1.4,"u":"6,36 €/KG","img":"https://fd3-photos.leclercdrive.fr/image.ashx?id=2849941&use=l&cat=p&typeid=i","cat":284953},{"id":247093,"n":"Nouilles curry Jardin Bio 220g","p":1.98,"u":"9,00 €/KG","img":"https://fd3-photos.leclercdrive.fr/image.ashx?id=2849938&use=l&cat=p&typeid=i","cat":284953},{"id":247096,"n":"Pad Thai Jardin Bio bio 220g","p":1.98,"u":"9,00 €/KG","img":"https://fd3-photos.leclercdrive.fr/image.ashx?id=2849935&use=l&cat=p&typeid=i","cat":284953},{"id":247139,"n":"Croutons Tipiak Ail - 150g","p":1.4,"u":"9,33 €/KG","img":"https://fd3-photos.leclercdrive.fr/image.ashx?id=2864089&use=l&cat=p&typeid=i","cat":284464},{"id":247140,"n":"Crouton Tipiak Nature - 150g","p":1.87,"u":"12,47 €/KG","img":"https://fd3-photos.leclercdrive.fr/image.ashx?id=2866376&use=l&cat=p&typeid=i","cat":284464},{"id":247143,"n":"Mini madeleines Saint Michel Provencale - 100g","p":1.93,"u":"19,30 €/KG","img":"https://fd3-photos.leclercdrive.fr/image.ashx?id=2936305&use=l&cat=p&typeid=i","cat":297000},{"id":247144,"n":"Friandises Dentalife Saumon - 140g","p":4.13,"u":"29,50 €/KG","img":"https://fd3-photos.leclercdrive.fr/image.ashx?id=2850279&use=l&cat=p&typeid=i","cat":285285},{"id":247145,"n":"Mousselines cuites Purina  Nature's Créations - 680g","p":5.47,"u":"8,04 €/KG","img":"https://fd3-photos.leclercdrive.fr/image.ashx?id=2861815&use=l&cat=p&typeid=i","cat":285286},{"id":247152,"n":"Funtastix Fido Bacon fromage - 450g","p":4.64,"u":"10,31 €/KG","img":"https://fd3-photos.leclercdrive.fr/image.ashx?id=2940597&use=l&cat=p&typeid=i","cat":294527},{"id":247157,"n":"Crêpes fourrée Saint Michel x7 - 202g","p":1.67,"u":"8,27 €/KG","img":"https://fd3-photos.leclercdrive.fr/image.ashx?id=2999964&use=l&cat=p&typeid=i","cat":284494},{"id":247261,"n":"Shampooing Elsève Colorvive - 300ml","p":4.18,"u":"13,93 €/L","img":"https://fd3-photos.leclercdrive.fr/image.ashx?id=2850614&use=l&cat=p&typeid=i","cat":284606},{"id":247262,"n":"Shampooing Elsève Hyaluronique - 250ml","p":4.18,"u":"16,72 €/L","img":"https://fd3-photos.leclercdrive.fr/image.ashx?id=2869095&use=l&cat=p&typeid=i","cat":284606},{"id":247263,"n":"Shampooing Elsève Total repair 5 - 300ml","p":4.18,"u":"13,93 €/L","img":"https://fd3-photos.leclercdrive.fr/image.ashx?id=2850617&use=l&cat=p&typeid=i","cat":284606},{"id":247264,"n":"Shampooing Elseve Huile extraordinaire - 250ml","p":4.18,"u":"16,72 €/L","img":"https://fd3-photos.leclercdrive.fr/image.ashx?id=2868690&use=l&cat=p&typeid=i","cat":284606},{"id":247265,"n":"Shampooing Elseve Dream long - 250ml","p":4.18,"u":"16,72 €/L","img":"https://fd3-photos.leclercdrive.fr/image.ashx?id=2850623&use=l&cat=p&typeid=i","cat":284606},{"id":247269,"n":"Shampooing Elseve Nutri gloss - 300ml","p":4.18,"u":"13,93 €/L","img":"https://fd3-photos.leclercdrive.fr/image.ashx?id=2869089&use=l&cat=p&typeid=i","cat":284606},{"id":247270,"n":"Shampooing Elseve Multi-vitaminé - 300ml","p":4.18,"u":"13,93 €/L","img":"https://fd3-photos.leclercdrive.fr/image.ashx?id=2850629&use=l&cat=p&typeid=i","cat":284606},{"id":247271,"n":"Après-shampooing Elseve Color vive - 250ml","p":4.18,"u":"16,72 €/L","img":"https://fd3-photos.leclercdrive.fr/image.ashx?id=2850632&use=l&cat=p&typeid=i","cat":284607},{"id":247273,"n":"Démélant Elseve Hyaluronique Booster hydratation 72h - 200ml","p":4.18,"u":"20,90 €/L","img":"https://fd3-photos.leclercdrive.fr/image.ashx?id=2869092&use=l&cat=p&typeid=i","cat":284607},{"id":247274,"n":"Après-Shampooing Elseve Dream Long - 200ml","p":4.18,"u":"20,90 €/L","img":"https://fd3-photos.leclercdrive.fr/image.ashx?id=2850638&use=l&cat=p&typeid=i","cat":284607},{"id":247297,"n":"Glace à l'Italienne Cornetto Stracciatella caramel x4 - 324g","p":2.51,"u":"7,75 €/KG","img":"https://fd3-photos.leclercdrive.fr/image.ashx?id=3009311&use=l&cat=p&typeid=i","cat":284264},{"id":247371,"n":"AOP Côteaux Bourguignons Chardonnay Potel Aviron - 75cl","p":6.68,"u":"8,91 €/L","img":"https://fd3-photos.leclercdrive.fr/image.ashx?id=2921990&use=l&cat=p&typeid=i","cat":289557},{"id":247372,"n":"AOP Coteaux Bourguignons Vieille vignes - 75cl","p":5.98,"u":"7,97 €/L","img":"https://fd3-photos.leclercdrive.fr/image.ashx?id=2859605&use=l&cat=p&typeid=i","cat":289556},{"id":247373,"n":"Rooibos Ethiquable sans théine  Menthe Afrique du Sud Bio - 40g","p":2.59,"u":"64,75 €/KG","img":"https://fd3-photos.leclercdrive.fr/image.ashx?id=2874060&use=l&cat=p&typeid=i","cat":293234},{"id":247763,"n":"Mayonnaise Rustica 425g","p":1.65,"u":"3,88 €/KG","img":"https://fd3-photos.leclercdrive.fr/image.ashx?id=2955086&use=l&cat=p&typeid=i","cat":298295},{"id":247828,"n":"Rénovateur plastiques TECH9 Extérieurs - 500ml","p":3.45,"u":"6,90 €/L","img":"https://fd3-photos.leclercdrive.fr/image.ashx?id=2953422&use=l&cat=p&typeid=i","cat":298252},{"id":247831,"n":"Nettoyant plastique mat Tech9 400ml","p":3.99,"u":"9,98 €/L","img":"https://fd3-photos.leclercdrive.fr/image.ashx?id=2949664&use=l&cat=p&typeid=i","cat":298252},{"id":247834,"n":"Nettoyant plastique mat Tech9 400ml","p":3.99,"u":"9,98 €/L","img":"https://fd3-photos.leclercdrive.fr/image.ashx?id=2907288&use=l&cat=p&typeid=i","cat":298252},{"id":247863,"n":"Shampooing Elsève Color vive  2 en 1 - 250ml","p":4.25,"u":"17,00 €/L","img":"https://fd3-photos.leclercdrive.fr/image.ashx?id=2853961&use=l&cat=p&typeid=i","cat":284606},{"id":247865,"n":"Shampooing Elsève Color vive  500ml","p":5.12,"u":"10,24 €/L","img":"https://fd3-photos.leclercdrive.fr/image.ashx?id=2853964&use=l&cat=p&typeid=i","cat":284606},{"id":247866,"n":"Shampooing Elsève Full resist  250ml","p":3.68,"u":"14,72 €/L","img":"https://fd3-photos.leclercdrive.fr/image.ashx?id=2853967&use=l&cat=p&typeid=i","cat":284606},{"id":247867,"n":"Shampooing Elsève Huile  extraordinaire Coco - 250ml","p":4.09,"u":"16,36 €/L","img":"https://fd3-photos.leclercdrive.fr/image.ashx?id=2853970&use=l&cat=p&typeid=i","cat":284606},{"id":247869,"n":"Shampooing Elsève Huile  extraordinaire amla -250ml","p":3.69,"u":"14,76 €/L","img":"https://fd3-photos.leclercdrive.fr/image.ashx?id=2853973&use=l&cat=p&typeid=i","cat":284606},{"id":247871,"n":"Shampooing Elsève  Liss intense -300ml","p":3.99,"u":"13,30 €/L","img":"https://fd3-photos.leclercdrive.fr/image.ashx?id=2853976&use=l&cat=p&typeid=i","cat":284606},{"id":247873,"n":"Shampooing Elsève Fibralogy Volume - 300ml","p":3.84,"u":"12,80 €/L","img":"https://fd3-photos.leclercdrive.fr/image.ashx?id=2870686&use=l&cat=p&typeid=i","cat":284606},{"id":247874,"n":"Savon liquide Le Naturel  Extra pur de Marseille -500ml","p":2.5,"u":"5,00 €/L","img":"https://fd3-photos.leclercdrive.fr/image.ashx?id=2869119&use=l&cat=p&typeid=i","cat":284597},{"id":247877,"n":"Savon liquide Le Naturel Fleur d'oranger - 500ml","p":2.66,"u":"5,32 €/L","img":"https://fd3-photos.leclercdrive.fr/image.ashx?id=2868693&use=l&cat=p&typeid=i","cat":284597},{"id":247878,"n":"Savon liquide Le Natural  Recharge Savon de Marseille -1l","p":4.73,"u":"4,73 €/L","img":"https://fd3-photos.leclercdrive.fr/image.ashx?id=2869122&use=l&cat=p&typeid=i","cat":284597},{"id":247882,"n":"Shampooing Elsève  Antipelliculaire - 300ml","p":3.59,"u":"11,97 €/L","img":"https://fd3-photos.leclercdrive.fr/image.ashx?id=2853982&use=l&cat=p&typeid=i","cat":284606},{"id":248254,"n":"Lentilles compotée d'oignons Mes Délisecs - 300g","p":2.37,"u":"7,90 €/KG","img":"https://fd3-photos.leclercdrive.fr/image.ashx?id=2855837&use=l&cat=p&typeid=i","cat":312609},{"id":248260,"n":"Coco pesto rosso Mes Délisecs Vivien Paille 300g","p":2.52,"u":"8,40 €/KG","img":"https://fd3-photos.leclercdrive.fr/image.ashx?id=2855840&use=l&cat=p&typeid=i","cat":312606},{"id":248324,"n":"Eponges L'essentielle Spontex Grattantes - x2","p":1.02,"u":"0,51 €/P","img":"https://fd3-photos.leclercdrive.fr/image.ashx?id=2855936&use=l&cat=p&typeid=i","cat":325894},{"id":248327,"n":"Crème de douche Corine de Farme Surgras - Noix de coco - 500ml","p":3.32,"u":"6,64 €/L","img":"https://fd3-photos.leclercdrive.fr/image.ashx?id=2856386&use=l&cat=p&typeid=i","cat":284594},{"id":248328,"n":"Recharge Crème de douche  Le Petit Marseillais Lait 500ml","p":2.78,"u":"5,56 €/L","img":"https://fd3-photos.leclercdrive.fr/image.ashx?id=2855957&use=l&cat=p&typeid=i","cat":284594},{"id":248329,"n":"Recharge Crème de douche Fleur d'oranger - 500ml","p":2.78,"u":"5,56 €/L","img":"https://fd3-photos.leclercdrive.fr/image.ashx?id=2855960&use=l&cat=p&typeid=i","cat":284594},{"id":248330,"n":"Recharge Crème de douche Lait d'amande - 500ml","p":2.77,"u":"5,54 €/L","img":"https://fd3-photos.leclercdrive.fr/image.ashx?id=2855963&use=l&cat=p&typeid=i","cat":284594},{"id":248340,"n":"Recharge Crème de douche Le Petit Marseillais Vanille 500ml","p":2.71,"u":"5,42 €/L","img":"https://fd3-photos.leclercdrive.fr/image.ashx?id=2855966&use=l&cat=p&typeid=i","cat":284594},{"id":248341,"n":"Shampooing Garnier Merveilleux - Recharge 250ml","p":2.07,"u":"8,28 €/L","img":"https://fd3-photos.leclercdrive.fr/image.ashx?id=2904254&use=l&cat=p&typeid=i","cat":284606},{"id":248342,"n":"Lait après-soleil Garnier Ambre solaire - 175ml","p":5.56,"u":"31,77 €/L","img":"https://fd3-photos.leclercdrive.fr/image.ashx?id=2881954&use=l&cat=p&typeid=i","cat":325355},{"id":248343,"n":"Masque capillaire Fructis Méthode boucles - 370ml","p":5.99,"u":"16,19 €/L","img":"https://fd3-photos.leclercdrive.fr/image.ashx?id=2867107&use=l&cat=p&typeid=i","cat":284608},{"id":248345,"n":"Bandes de cire visage Veet Peaux sensibles - x16","p":3.82,"img":"https://fd3-photos.leclercdrive.fr/image.ashx?id=2901668&use=l&cat=p&typeid=i","cat":325351},{"id":248346,"n":"Shampooing solide Bionaïa Cheveux gras - Bio - 85g","p":2.99,"u":"35,18 €/KG","img":"https://fd3-photos.leclercdrive.fr/image.ashx?id=2855813&use=l&cat=p&typeid=i","cat":284606},{"id":248347,"n":"Savon solide Bionaïa 3en1 - Amande douce Bio - 85g","p":3.49,"u":"41,06 €/KG","img":"https://fd3-photos.leclercdrive.fr/image.ashx?id=2856133&use=l&cat=p&typeid=i","cat":284597},{"id":248348,"n":"Déodorant solide stick Bionaïa Huile de coco Bio - 50g","p":3.99,"u":"79,80 €/KG","img":"https://fd3-photos.leclercdrive.fr/image.ashx?id=2855819&use=l&cat=p&typeid=i","cat":284595},{"id":248414,"n":"Bonbons à mâcher Hi-Chew  Fraise 50g","p":1.73,"u":"34,60 €/KG","img":"https://fd3-photos.leclercdrive.fr/image.ashx?id=2856808&use=l&cat=p&typeid=i","cat":304251},{"id":248544,"n":"Ananas Extra Sweet 1p","p":2.29,"img":"https://fd3-photos.leclercdrive.fr/image.ashx?id=2856700&use=l&cat=p&typeid=i","cat":284356},{"id":248546,"n":"Feuille de chêne blonde 1p","p":0.99,"img":"https://fd3-photos.leclercdrive.fr/image.ashx?id=1633646&use=l&cat=p&typeid=i","cat":284352},{"id":248596,"n":"Mangue 1p","p":1.49,"img":"https://fd3-photos.leclercdrive.fr/image.ashx?id=1636371&use=l&cat=p&typeid=i","cat":284356},{"id":248812,"n":"Thé glacé Panda Tea Energie Saveur citron menthe - 4x25cl","p":3.47,"u":"3,47 €/L","img":"https://fd3-photos.leclercdrive.fr/image.ashx?id=2878189&use=l&cat=p&typeid=i","cat":295019},{"id":248823,"n":"Sauce algérienne Rustica 260g","p":1.67,"u":"6,42 €/KG","img":"https://fd3-photos.leclercdrive.fr/image.ashx?id=2954397&use=l&cat=p&typeid=i","cat":318431},{"id":248828,"n":"Galettes maïs et lin Bio  Bio Village - 115g","p":1.2,"u":"8,00 €/KG","img":"https://fd3-photos.leclercdrive.fr/image.ashx?id=2858117&use=l&cat=p&typeid=i","cat":null},{"id":249019,"n":"Lessive liquide Xéor Savon de Marseille - 2.2L","p":3.89,"u":"1,77 €/L","img":"https://fd3-photos.leclercdrive.fr/image.ashx?id=2901500&use=l&cat=p&typeid=i","cat":284640},{"id":249020,"n":"Lessive liquide Xéor Fleurs de Cerisiers - 2.2L","p":3.99,"u":"1,81 €/L","img":"https://fd3-photos.leclercdrive.fr/image.ashx?id=2901491&use=l&cat=p&typeid=i","cat":284640},{"id":249021,"n":"Lessive liquide Xéor Savon de Marseille - 1.2L","p":2.12,"u":"1,77 €/L","img":"https://fd3-photos.leclercdrive.fr/image.ashx?id=2901503&use=l&cat=p&typeid=i","cat":284640},{"id":249037,"n":"Spray Huile d'amande douce Biolane 75ml","p":2.17,"u":"28,93 €/L","img":"https://fd3-photos.leclercdrive.fr/image.ashx?id=2893705&use=l&cat=p&typeid=i","cat":284741},{"id":249039,"n":"Lingettes au lait de toilette  Biolane x72","p":2.67,"u":"0,04 €/P","img":"https://fd3-photos.leclercdrive.fr/image.ashx?id=2875381&use=l&cat=p&typeid=i","cat":284738},{"id":249041,"n":"Crème de change dermo-pédiatrie Biolane 100ml","p":2.27,"u":"22,70 €/L","img":"https://fd3-photos.leclercdrive.fr/image.ashx?id=2893702&use=l&cat=p&typeid=i","cat":284741},{"id":249173,"n":"Riz basmati Taureau Ailé 1kg","p":3.58,"u":"3,58 €/KG","img":"https://fd3-photos.leclercdrive.fr/image.ashx?id=2860457&use=l&cat=p&typeid=i","cat":284428},{"id":249562,"n":"Pâte de noisettes Natù et noix de cajou - Bio - 220g","p":5.36,"u":"24,36 €/KG","img":"https://fd3-photos.leclercdrive.fr/image.ashx?id=2861207&use=l&cat=p&typeid=i","cat":284481},{"id":249595,"n":"Glace Carte d'Or Vanille pécan caramel - 470g","p":3.2,"pp":2.24,"u":"4,77 €/KG","img":"https://fd3-photos.leclercdrive.fr/image.ashx?id=2861216&use=l&cat=p&typeid=i","cat":284263},{"id":249596,"n":"Glace Carte d'Or Cookie & Chocolat - 457g","p":3.3,"pp":2.31,"u":"5,05 €/KG","img":"https://fd3-photos.leclercdrive.fr/image.ashx?id=2861213&use=l&cat=p&typeid=i","cat":284263},{"id":249597,"n":"Glace Carte d'Or  Fraise et meringue 463g","p":3.07,"pp":2.15,"u":"4,64 €/KG","img":"https://fd3-photos.leclercdrive.fr/image.ashx?id=2861222&use=l&cat=p&typeid=i","cat":284263},{"id":249598,"n":"Glace Carte d'Or Façon smoothie Exotique - 466g","p":3.9,"pp":2.73,"u":"5,86 €/KG","img":"https://fd3-photos.leclercdrive.fr/image.ashx?id=2861210&use=l&cat=p&typeid=i","cat":284263},{"id":249599,"n":"Glace Carte d'Or Façon yaourt  Fruits des bois - 480g","p":3.9,"pp":2.73,"u":"5,69 €/KG","img":"https://fd3-photos.leclercdrive.fr/image.ashx?id=2861219&use=l&cat=p&typeid=i","cat":284263},{"id":249956,"n":"Perles de linge Soupline  Grand air - 460g","p":16.28,"img":"https://fd3-photos.leclercdrive.fr/image.ashx?id=2861833&use=l&cat=p&typeid=i","cat":284650},{"id":249957,"n":"Risotto aux champignons Knorr 175g","p":1.77,"u":"10,11 €/KG","img":"https://fd3-photos.leclercdrive.fr/image.ashx?id=2938349&use=l&cat=p&typeid=i","cat":284428},{"id":249958,"n":"Risotto classique Knorr 12min - 175g","p":2.13,"u":"12,17 €/KG","img":"https://fd3-photos.leclercdrive.fr/image.ashx?id=3011956&use=l&cat=p&typeid=i","cat":284428},{"id":249961,"n":"Risotto aux asperges Knorr 12min - 175g","p":1.67,"u":"9,54 €/KG","img":"https://fd3-photos.leclercdrive.fr/image.ashx?id=2964255&use=l&cat=p&typeid=i","cat":284428},{"id":249962,"n":"Risotto pointe de safran Knorr 12min - 175g","p":1.67,"u":"9,54 €/KG","img":"https://fd3-photos.leclercdrive.fr/image.ashx?id=2918116&use=l&cat=p&typeid=i","cat":284428},{"id":249964,"n":"Gourdes Douceur du Verger Fruits jaunes - 12x90g","p":4.39,"u":"4,06 €/KG","img":"https://fd3-photos.leclercdrive.fr/image.ashx?id=2934790&use=l&cat=p&typeid=i","cat":284508},{"id":249965,"n":"Gourdes Douceur du Verger 12x90g","p":4.19,"u":"3,88 €/KG","img":"https://fd3-photos.leclercdrive.fr/image.ashx?id=2934787&use=l&cat=p&typeid=i","cat":284508},{"id":249966,"n":"Gourdes Douceur du Verger 20x90g","p":4.89,"u":"2,72 €/KG","img":"https://fd3-photos.leclercdrive.fr/image.ashx?id=2934784&use=l&cat=p&typeid=i","cat":284508},{"id":249998,"n":"Thon en morceaux Pêche Océan 112g","p":1.73,"u":"15,45 €/KG","img":"https://fd3-photos.leclercdrive.fr/image.ashx?id=2942241&use=l&cat=p&typeid=i","cat":303867},{"id":250006,"n":"Lentilles corail Notre Jardin 280g","p":2.32,"u":"8,29 €/KG","img":"https://fd3-photos.leclercdrive.fr/image.ashx?id=2983841&use=l&cat=p&typeid=i","cat":312609},{"id":250007,"n":"Boisson aux fruits Jafun Tropical - 6x33cl","p":3.03,"u":"1,53 €/L","img":"https://fd3-photos.leclercdrive.fr/image.ashx?id=2992603&use=l&cat=p&typeid=i","cat":295018},{"id":250026,"n":"Sauce samourai Rustica 260g","p":1.39,"u":"5,35 €/KG","img":"https://fd3-photos.leclercdrive.fr/image.ashx?id=2955074&use=l&cat=p&typeid=i","cat":318431},{"id":250127,"n":"Recharge lessive Briochin  Peaux sensibles 37 Lav - 1,7L","p":5.66,"u":"3,33 €/L","img":"https://fd3-photos.leclercdrive.fr/image.ashx?id=3000785&use=l&cat=p&typeid=i","cat":284640},{"id":250151,"n":"Sauce frites Rustica 260g","p":1.29,"u":"4,96 €/KG","img":"https://fd3-photos.leclercdrive.fr/image.ashx?id=2954403&use=l&cat=p&typeid=i","cat":318431},{"id":250153,"n":"Sauce burger Rustica 260g","p":1.29,"u":"4,96 €/KG","img":"https://fd3-photos.leclercdrive.fr/image.ashx?id=2954400&use=l&cat=p&typeid=i","cat":318431},{"id":250158,"n":"Crème hydratante So Bio Etic Booster d'éclat Bio 50ml","p":10.11,"u":"202,20 €/L","img":"https://fd3-photos.leclercdrive.fr/image.ashx?id=2863581&use=l&cat=p&typeid=i","cat":325350},{"id":250160,"n":"Sérum hydratation So Bio Etic Booster d'éclat Bio30ml","p":11.42,"u":"380,67 €/L","img":"https://fd3-photos.leclercdrive.fr/image.ashx?id=2863578&use=l&cat=p&typeid=i","cat":325345},{"id":250182,"n":"Sauce tartare Rustica 235g","p":1.13,"u":"4,81 €/KG","img":"https://fd3-photos.leclercdrive.fr/image.ashx?id=2955080&use=l&cat=p&typeid=i","cat":318430},{"id":250187,"n":"Crème douceur nuit So Bio Etic Régénérante - Anesse Bio 50ml","p":10.82,"u":"216,40 €/L","img":"https://fd3-photos.leclercdrive.fr/image.ashx?id=2863587&use=l&cat=p&typeid=i","cat":325345},{"id":250406,"n":"Sérum capillaire So Bio Etic Karité bio équitable - 100ml","p":6.71,"u":"67,10 €/L","img":"https://fd3-photos.leclercdrive.fr/image.ashx?id=2864104&use=l&cat=p&typeid=i","cat":284608},{"id":250407,"n":"Huile végétale So Bio Etic Ricin Bio équitable - 100ml","p":6.5,"u":"65,00 €/L","img":"https://fd3-photos.leclercdrive.fr/image.ashx?id=2864107&use=l&cat=p&typeid=i","cat":284608},{"id":250409,"n":"Eau micellaire So Bio Etic Peaux sensibles Bio - 300ml","p":3.13,"u":"10,43 €/L","img":"https://fd3-photos.leclercdrive.fr/image.ashx?id=2864098&use=l&cat=p&typeid=i","cat":284603},{"id":250410,"n":"Eau micellaire So Bio Etic Tous types de peaux Bio 300ml","p":2.88,"u":"9,60 €/L","img":"https://fd3-photos.leclercdrive.fr/image.ashx?id=2864095&use=l&cat=p&typeid=i","cat":284603},{"id":250411,"n":"Gel douche So Bio Etic Fleurs de Cerisier Bio - 300ml","p":2.87,"u":"9,57 €/L","img":"https://fd3-photos.leclercdrive.fr/image.ashx?id=2864101&use=l&cat=p&typeid=i","cat":284594},{"id":250412,"n":"Gel douche So Bio Etic Fruits du verger Bio - 300ml","p":2.87,"u":"9,57 €/L","img":"https://fd3-photos.leclercdrive.fr/image.ashx?id=2912275&use=l&cat=p&typeid=i","cat":284594},{"id":250415,"n":"Lait corps hydratant Nivea Fermeté Q10 + vitamine C 250ml","p":3.62,"u":"14,48 €/L","img":"https://fd3-photos.leclercdrive.fr/image.ashx?id=3008978&use=l&cat=p&typeid=i","cat":325349},{"id":250416,"n":"Crème visage nuit Nivea Q10 Power anti-rides 50ml","p":10.37,"u":"207,40 €/L","img":"https://fd3-photos.leclercdrive.fr/image.ashx?id=3014593&use=l&cat=p&typeid=i","cat":325345},{"id":250417,"n":"Crème visage jour Nivea Q10 anti-rides SPF30 50ml","p":10.45,"u":"209,00 €/L","img":"https://fd3-photos.leclercdrive.fr/image.ashx?id=3000339&use=l&cat=p&typeid=i","cat":325345},{"id":250419,"n":"Crème visage jour Nivea Q10 anti-rides SPF15 50ml","p":10.37,"u":"207,40 €/L","img":"https://fd3-photos.leclercdrive.fr/image.ashx?id=2985480&use=l&cat=p&typeid=i","cat":325345},{"id":250420,"n":"Crème visage Nivea Q10 Energy jour SPF15 50ml","p":10.45,"u":"209,00 €/L","img":"https://fd3-photos.leclercdrive.fr/image.ashx?id=3014862&use=l&cat=p&typeid=i","cat":325345},{"id":250421,"n":"Sérum visage Nivea Luminous anti-tâches 30ml","p":15.48,"u":"516,00 €/L","img":"https://fd3-photos.leclercdrive.fr/image.ashx?id=3000821&use=l&cat=p&typeid=i","cat":325345},{"id":250425,"n":"Crème soin jour visage Nivea Anti-tâches SPF50 - 40ml","p":16.65,"u":"416,25 €/L","img":"https://fd3-photos.leclercdrive.fr/image.ashx?id=2985501&use=l&cat=p&typeid=i","cat":325345},{"id":250427,"n":"Crème nuit visage Nivea Q10 Energie - 50ml","p":13.32,"u":"266,40 €/L","img":"https://fd3-photos.leclercdrive.fr/image.ashx?id=2981274&use=l&cat=p&typeid=i","cat":325345},{"id":250428,"n":"Sérum visage Q10 Double action - 30ml","p":13.74,"u":"458,00 €/L","img":"https://fd3-photos.leclercdrive.fr/image.ashx?id=3014620&use=l&cat=p&typeid=i","cat":325345},{"id":250429,"n":"Crème contour yeux Nivea Q10 Power anti-rides - 15ml","p":12.07,"u":"804,67 €/L","img":"https://fd3-photos.leclercdrive.fr/image.ashx?id=3000336&use=l&cat=p&typeid=i","cat":325345},{"id":250431,"n":"Adoucissant Soupline concentré  Hypoallergénique - 1900 ml","p":9.23,"u":"4,86 €/L","img":"https://fd3-photos.leclercdrive.fr/image.ashx?id=2864230&use=l&cat=p&typeid=i","cat":284650},{"id":250432,"n":"Adoucissant Soupline Concentré  Lavande relaxante  1,9 L","p":9.27,"u":"4,88 €/L","img":"https://fd3-photos.leclercdrive.fr/image.ashx?id=2864227&use=l&cat=p&typeid=i","cat":284650},{"id":250433,"n":"Adoucissant  Soupline concentré Coco Envoûtant - 835ml","p":4.63,"u":"5,54 €/L","img":"https://fd3-photos.leclercdrive.fr/image.ashx?id=2864224&use=l&cat=p&typeid=i","cat":284650},{"id":250435,"n":"Adoucissant concentré Soupline Ultra Vanille - 835ml","p":4.63,"u":"5,54 €/L","img":"https://fd3-photos.leclercdrive.fr/image.ashx?id=2864221&use=l&cat=p&typeid=i","cat":284650},{"id":250856,"n":"Steaks végétal Végé Blé & Pois x2 - 200g","p":2.99,"u":"14,95 €/KG","img":"https://fd3-photos.leclercdrive.fr/image.ashx?id=2932686&use=l&cat=p&typeid=i","cat":316036},{"id":250857,"n":"Haché végétal Végé Blé & Pois - 200g","p":2.99,"u":"14,95 €/KG","img":"https://fd3-photos.leclercdrive.fr/image.ashx?id=2932683&use=l&cat=p&typeid=i","cat":316036},{"id":251371,"n":"Pâtes Gros Vermicelles Alpina  Savoie - 500 g","p":1.53,"u":"3,06 €/KG","img":"https://fd3-photos.leclercdrive.fr/image.ashx?id=2867041&use=l&cat=p&typeid=i","cat":284427},{"id":251507,"n":"Barre protéine fraise ISOSTAR énergétique - 3x35 - 105g","p":3.73,"u":"35,52 €/KG","img":"https://fd3-photos.leclercdrive.fr/image.ashx?id=2867683&use=l&cat=p&typeid=i","cat":318652},{"id":251522,"n":"Boisson énergisante Celsius Pêche - 35,5cl","p":1.4,"u":"3,94 €/L","img":"https://fd3-photos.leclercdrive.fr/image.ashx?id=2905021&use=l&cat=p&typeid=i","cat":284533},{"id":251525,"n":"Tropicana - Juicy Citron Citron Vert - 1L","p":1.58,"u":"1,58 €/L","img":"https://fd3-photos.leclercdrive.fr/image.ashx?id=3010816&use=l&cat=p&typeid=i","cat":295018},{"id":251986,"n":"Lait protecteur Corine de Farme Sensitive - SPF50+ - 150ml","p":11.89,"u":"79,27 €/L","img":"https://fd3-photos.leclercdrive.fr/image.ashx?id=2868443&use=l&cat=p&typeid=i","cat":325355},{"id":251987,"n":"Lait protecteur enfants Corine De Farme - SPF50+ - 150ml","p":10.58,"u":"70,53 €/L","img":"https://fd3-photos.leclercdrive.fr/image.ashx?id=2868446&use=l&cat=p&typeid=i","cat":325355},{"id":251988,"n":"Spray démêlant Corine de Farme Vaïana - 200ml","p":3.35,"u":"16,75 €/L","img":"https://fd3-photos.leclercdrive.fr/image.ashx?id=2868449&use=l&cat=p&typeid=i","cat":284608},{"id":251990,"n":"Patch invisible visage Garnier Anti-acné - x22","p":7.97,"img":"https://fd3-photos.leclercdrive.fr/image.ashx?id=3000794&use=l&cat=p&typeid=i","cat":325345},{"id":251996,"n":"Perles de linge Soupline Adoucissant - Vanille - 230g","p":7.67,"u":"33,35 €/KG","img":"https://fd3-photos.leclercdrive.fr/image.ashx?id=2868608&use=l&cat=p&typeid=i","cat":284650},{"id":251999,"n":"Gel douche Tahiti Coco & Jasmin - 250ml","p":1.96,"u":"7,84 €/L","img":"https://fd3-photos.leclercdrive.fr/image.ashx?id=2919445&use=l&cat=p&typeid=i","cat":284594},{"id":252001,"n":"Gel douche Tahiti Vanille & amande - 250ml","p":1.96,"u":"7,84 €/L","img":"https://fd3-photos.leclercdrive.fr/image.ashx?id=2919451&use=l&cat=p&typeid=i","cat":284594},{"id":252005,"n":"Spray nasal Biolane Eaux thermale et mer - 100ml","p":4.55,"u":"45,50 €/L","img":"https://fd3-photos.leclercdrive.fr/image.ashx?id=2903224&use=l&cat=p&typeid=i","cat":289435},{"id":252006,"n":"Nettoyant visage Revitalift Hydratant et lissant - 150ml","p":7.17,"u":"47,80 €/L","img":"https://fd3-photos.leclercdrive.fr/image.ashx?id=2874006&use=l&cat=p&typeid=i","cat":284603},{"id":252008,"n":"Sérum visage Revitalift Laser Correcteur anti-âge -30ml","p":14.6,"u":"486,67 €/L","img":"https://fd3-photos.leclercdrive.fr/image.ashx?id=2874024&use=l&cat=p&typeid=i","cat":325345},{"id":252009,"n":"Lessive liquide Skip Active clean - x40 - 1.68L","p":11.6,"u":"6,90 €/L","img":"https://fd3-photos.leclercdrive.fr/image.ashx?id=2908393&use=l&cat=p&typeid=i","cat":284640},{"id":252010,"n":"Lessive liquide Skip Fraîcheur intense - x40 - 1.68L","p":11.57,"u":"6,89 €/L","img":"https://fd3-photos.leclercdrive.fr/image.ashx?id=2940657&use=l&cat=p&typeid=i","cat":284640},{"id":252097,"n":"Lessive Liquide SKIP Touche de Cajoline x37 lavages","p":12.74,"u":"8,20 €/L","img":"https://fd3-photos.leclercdrive.fr/image.ashx?id=2940660&use=l&cat=p&typeid=i","cat":284640},{"id":252099,"n":"Fil dentaire Ricqles 2 en 1 - x50","p":3.87,"img":"https://fd3-photos.leclercdrive.fr/image.ashx?id=2868909&use=l&cat=p&typeid=i","cat":285159},{"id":252100,"n":"Fil dentaire expansible Ricqles Fluore et menthole - 40m","p":3.84,"img":"https://fd3-photos.leclercdrive.fr/image.ashx?id=2868912&use=l&cat=p&typeid=i","cat":285159},{"id":252102,"n":"Brossettes interdentaires  Ricqles Réutilisables 0.6mm x5","p":4.9,"img":"https://fd3-photos.leclercdrive.fr/image.ashx?id=2868915&use=l&cat=p&typeid=i","cat":285159},{"id":252105,"n":"Crème douche Naturé Moi Hydratante - Amande - 500ml","p":4.59,"u":"9,18 €/L","img":"https://fd3-photos.leclercdrive.fr/image.ashx?id=2868972&use=l&cat=p&typeid=i","cat":284594},{"id":252109,"n":"Duo sérum anti-âge L'Oréal Age perfect - 30ml","p":24.5,"pp":16.17,"u":"539,00 €/L","img":"https://fd3-photos.leclercdrive.fr/image.ashx?id=2874003&use=l&cat=p&typeid=i","cat":325345},{"id":252112,"n":"Soin anti-tâches L'Oréal Paris Bright Reveal SPF50+ - 50ml","p":13.59,"u":"271,80 €/L","img":"https://fd3-photos.leclercdrive.fr/image.ashx?id=2903428&use=l&cat=p&typeid=i","cat":325345},{"id":252113,"n":"Fluide anti-uv L'Oréal Medium SPF50 50ml","p":19.97,"u":"399,40 €/L","img":"https://fd3-photos.leclercdrive.fr/image.ashx?id=2874009&use=l&cat=p&typeid=i","cat":325345},{"id":252119,"n":"Gel moussant purifiant L'Oréal Men Expert - 260ml","p":9.47,"u":"36,42 €/L","img":"https://fd3-photos.leclercdrive.fr/image.ashx?id=2874012&use=l&cat=p&typeid=i","cat":284622},{"id":252120,"n":"Crème hydratante L'Oréal Bright Reveal - SPF50 - 50ml","p":15.27,"u":"305,40 €/L","img":"https://fd3-photos.leclercdrive.fr/image.ashx?id=2874015&use=l&cat=p&typeid=i","cat":284622},{"id":252125,"n":"Soin hydratant L'Oréal Matifiant - SPF30 - 40ml","p":10.07,"u":"251,75 €/L","img":"https://fd3-photos.leclercdrive.fr/image.ashx?id=3008785&use=l&cat=p&typeid=i","cat":284622},{"id":252127,"n":"Sérum anti-imperfection L'oréal Men expert - 30ml","p":11.58,"u":"386,00 €/L","img":"https://fd3-photos.leclercdrive.fr/image.ashx?id=2874021&use=l&cat=p&typeid=i","cat":284622},{"id":252128,"n":"Spray nettoyant multi-usage CIF Infinite+Clean Protection 280ml","p":4.16,"u":"14,86 €/MT","img":"https://fd3-photos.leclercdrive.fr/image.ashx?id=2948543&use=l&cat=p&typeid=i","cat":325357},{"id":252129,"n":"Spray nettoyant multi-usage Cif  Infinite+Clean Brillance-280ml","p":4.25,"u":"15,18 €/L","img":"https://fd3-photos.leclercdrive.fr/image.ashx?id=2872234&use=l&cat=p&typeid=i","cat":325357},{"id":252133,"n":"Spray nettoyant multi-usage CIF Infinite+Clean 280ml","p":4.23,"u":"15,11 €/L","img":"https://fd3-photos.leclercdrive.fr/image.ashx?id=2948546&use=l&cat=p&typeid=i","cat":325357},{"id":252134,"n":"Recharge Spray nettoyant CIF Infinite+Clean Protection 590ml","p":3.77,"u":"6,39 €/L","img":"https://fd3-photos.leclercdrive.fr/image.ashx?id=2948549&use=l&cat=p&typeid=i","cat":325357},{"id":252136,"n":"Recharge Spray nettoyant CIF Infinite+Clean Brillance 590ml","p":5.0,"u":"8,47 €/L","img":"https://fd3-photos.leclercdrive.fr/image.ashx?id=2940675&use=l&cat=p&typeid=i","cat":325357},{"id":252137,"n":"Recharge Spray nettoyant CIF Infinite+Clean 590ml","p":3.77,"u":"6,39 €/L","img":"https://fd3-photos.leclercdrive.fr/image.ashx?id=2974066&use=l&cat=p&typeid=i","cat":325357},{"id":252144,"n":"Emmental tranchettes Eco+ 30%MG 300g","p":2.59,"u":"8,63 €/KG","img":"https://fd3-photos.leclercdrive.fr/image.ashx?id=2874823&use=l&cat=p&typeid=i","cat":314028},{"id":252145,"n":"Fromage pour salade Eco+ 23%MG 200g","p":1.69,"u":"8,45 €/KG","img":"https://fd3-photos.leclercdrive.fr/image.ashx?id=2874820&use=l&cat=p&typeid=i","cat":314027},{"id":252264,"n":"Tenders de poulet Côté Croc Épicés 600g","p":6.29,"u":"10,48 €/KG","img":"https://fd3-photos.leclercdrive.fr/image.ashx?id=2892355&use=l&cat=p&typeid=i","cat":319780},{"id":252302,"n":"Coeurs fondants caramel  Côté Table x2 - 180g","p":2.74,"u":"15,22 €/KG","img":"https://fd3-photos.leclercdrive.fr/image.ashx?id=2869305&use=l&cat=p&typeid=i","cat":284267},{"id":252575,"n":"Pizza Bomba Italpizza Double Salamino - 465g","p":4.89,"u":"10,52 €/KG","img":"https://fd3-photos.leclercdrive.fr/image.ashx?id=2871220&use=l&cat=p&typeid=i","cat":284256},{"id":252576,"n":"Pizza Bomba Italpizza 7 formaggi - 450g","p":4.89,"u":"10,87 €/KG","img":"https://fd3-photos.leclercdrive.fr/image.ashx?id=2871217&use=l&cat=p&typeid=i","cat":284256},{"id":252577,"n":"Pizza Bomba Italpizza Margherita - 440g","p":4.89,"u":"11,11 €/KG","img":"https://fd3-photos.leclercdrive.fr/image.ashx?id=2871214&use=l&cat=p&typeid=i","cat":284256},{"id":252579,"n":"Sacs poubelle Handy Bag Lien résistant - 30L x15 - 100%","p":2.43,"img":"https://fd3-photos.leclercdrive.fr/image.ashx?id=2871079&use=l&cat=p&typeid=i","cat":285168},{"id":252582,"n":"Après-shampooing Elsève Full resist - 200ml","p":4.24,"u":"21,20 €/L","img":"https://fd3-photos.leclercdrive.fr/image.ashx?id=2872931&use=l&cat=p&typeid=i","cat":284607},{"id":252639,"n":"Emietté de thon Pompon Rouge Tomate - 160g","p":1.65,"u":"10,31 €/KG","img":"https://fd3-photos.leclercdrive.fr/image.ashx?id=2871838&use=l&cat=p&typeid=i","cat":303867},{"id":252778,"n":"Bière Météor IPA 75cl - 6.2% vol.","p":4.28,"u":"5,71 €/L","img":"https://fd3-photos.leclercdrive.fr/image.ashx?id=2989135&use=l&cat=p&typeid=i","cat":334872},{"id":252807,"n":"Laque Elnett Cheveux colorés - 300ml","p":7.97,"u":"26,57 €/L","img":"https://fd3-photos.leclercdrive.fr/image.ashx?id=2872928&use=l&cat=p&typeid=i","cat":284609},{"id":252808,"n":"Gel douche enfants L'Abre Vert Corps & cheveux Framboise 720ml","p":4.67,"u":"6,49 €/L","img":"https://fd3-photos.leclercdrive.fr/image.ashx?id=2950300&use=l&cat=p&typeid=i","cat":284594},{"id":252809,"n":"Spray Crème solaire Nivea Sun Hydrate - SPF30 - 200ml","p":9.8,"u":"49,00 €/L","img":"https://fd3-photos.leclercdrive.fr/image.ashx?id=2872066&use=l&cat=p&typeid=i","cat":325355},{"id":252810,"n":"Spray crème solaire Nivea Sun Corps - SPF50+ - 200ml","p":10.43,"u":"52,15 €/L","img":"https://fd3-photos.leclercdrive.fr/image.ashx?id=2986786&use=l&cat=p&typeid=i","cat":325355},{"id":252811,"n":"Lait corps Nivea Nourrissant Peaux sèches 250ml","p":4.12,"u":"20,60 €/L","img":"https://fd3-photos.leclercdrive.fr/image.ashx?id=3005233&use=l&cat=p&typeid=i","cat":325349},{"id":252813,"n":"Lait corps Nivea Douceur - 400ml","p":5.22,"u":"13,05 €/L","img":"https://fd3-photos.leclercdrive.fr/image.ashx?id=3014623&use=l&cat=p&typeid=i","cat":325349},{"id":252814,"n":"Crème visage corps mains Nivea Repair & care - 400ml","p":5.19,"pp":3.43,"u":"8,58 €/L","img":"https://fd3-photos.leclercdrive.fr/image.ashx?id=2872078&use=l&cat=p&typeid=i","cat":325350},{"id":253208,"n":"Crème visage Nivea Anti-rides Power Q10 - 2x50ml","p":18.09,"u":"180,90 €/L","img":"https://fd3-photos.leclercdrive.fr/image.ashx?id=2878258&use=l&cat=p&typeid=i","cat":325345},{"id":253209,"n":"Crème visage jour Nivea Anti-rides extra fermeté 100ml","p":18.86,"u":"188,60 €/L","img":"https://fd3-photos.leclercdrive.fr/image.ashx?id=2875168&use=l&cat=p&typeid=i","cat":325345},{"id":253210,"n":"Crème visage jour Nivea Anti-rides Vitamine C - 2x50ml","p":18.3,"u":"183,00 €/L","img":"https://fd3-photos.leclercdrive.fr/image.ashx?id=2878261&use=l&cat=p&typeid=i","cat":325345},{"id":253218,"n":"Rasoir femme OneBlade Intimate - QP1924/24","p":29.97,"u":"Dont 0,12 € d'éco-part.","img":"https://fd3-photos.leclercdrive.fr/image.ashx?id=2875243&use=l&cat=p&typeid=i","cat":325352},{"id":253228,"n":"Dentifrice Email Diamant Blancheur fraîcheur - 75ml","p":3.47,"u":"46,27 €/L","img":"https://fd3-photos.leclercdrive.fr/image.ashx?id=2877922&use=l&cat=p&typeid=i","cat":284612},{"id":253230,"n":"Dentifrice Email Diamant Bicarbonate - 75ml","p":3.68,"u":"49,07 €/L","img":"https://fd3-photos.leclercdrive.fr/image.ashx?id=2877925&use=l&cat=p&typeid=i","cat":284612},{"id":253235,"n":"Crème de douche Corine de Farme Vanille - Soin surgras 500ml","p":3.36,"u":"6,72 €/L","img":"https://fd3-photos.leclercdrive.fr/image.ashx?id=2878006&use=l&cat=p&typeid=i","cat":284594},{"id":253236,"n":"Crème de douche So Bio Etic Lait d'ânesse Bio - 450ml","p":5.63,"u":"12,51 €/L","img":"https://fd3-photos.leclercdrive.fr/image.ashx?id=2876704&use=l&cat=p&typeid=i","cat":284594},{"id":253514,"n":"Brosse à dents enfant Dentamyl Clignotante - Jaune x1","p":1.99,"img":"https://fd3-photos.leclercdrive.fr/image.ashx?id=2878669&use=l&cat=p&typeid=i","cat":288897},{"id":253516,"n":"Brosse à dents enfant Dentamyl Clignotante - Vert  x1","p":1.99,"img":"https://fd3-photos.leclercdrive.fr/image.ashx?id=2878672&use=l&cat=p&typeid=i","cat":288897},{"id":253517,"n":"Brosse à dents enfant Dentamyl Clignotante - Bleu x1","p":1.99,"img":"https://fd3-photos.leclercdrive.fr/image.ashx?id=2878675&use=l&cat=p&typeid=i","cat":288897},{"id":253523,"n":"Brosse à dents Petit Dentamyl 2-6 ans - Rose Vert Bleu x3","p":1.47,"u":"0,49 €/P","img":"https://fd3-photos.leclercdrive.fr/image.ashx?id=2872790&use=l&cat=p&typeid=i","cat":288897},{"id":253527,"n":"Brosse à dents Petit Dentamyl 2-6 ans - Jaune Vert Bleu x3","p":1.47,"u":"0,49 €/P","img":"https://fd3-photos.leclercdrive.fr/image.ashx?id=2872793&use=l&cat=p&typeid=i","cat":288897},{"id":253528,"n":"Brosse à dents junior Dentamyl Vert / Jaune - 1 pièce","p":0.49,"img":"https://fd3-photos.leclercdrive.fr/image.ashx?id=2872796&use=l&cat=p&typeid=i","cat":288897},{"id":253533,"n":"Brosse à dent Dentamyl Rouge Tête rechargeable dure x1","p":1.17,"img":"https://fd3-photos.leclercdrive.fr/image.ashx?id=2872808&use=l&cat=p&typeid=i","cat":284614},{"id":253542,"n":"Brosse à dent Dentamyl Vert Tête rechargeable médium","p":1.17,"img":"https://fd3-photos.leclercdrive.fr/image.ashx?id=2872829&use=l&cat=p&typeid=i","cat":284614},{"id":253544,"n":"Brosse à dents pro Dentamyl Bleu - Blancheur x1","p":1.32,"img":"https://fd3-photos.leclercdrive.fr/image.ashx?id=2872832&use=l&cat=p&typeid=i","cat":284614},{"id":253545,"n":"Brosse à dents pro Dentamyl Gris - Blancheur x1","p":1.32,"img":"https://fd3-photos.leclercdrive.fr/image.ashx?id=2915657&use=l&cat=p&typeid=i","cat":284614},{"id":253546,"n":"Brosse à dents pro Dentamyl Rose - Blancheur x1","p":1.32,"img":"https://fd3-photos.leclercdrive.fr/image.ashx?id=2872838&use=l&cat=p&typeid=i","cat":284614},{"id":253547,"n":"Brosse à dents pro Dentamyl Violet - Blancheur x1","p":1.32,"img":"https://fd3-photos.leclercdrive.fr/image.ashx?id=2872841&use=l&cat=p&typeid=i","cat":284614},{"id":253571,"n":"Bols Mots d'Enfants - 2x200g  Tomates, pâtes et boeuf dès 8M","p":2.39,"u":"5,98 €/KG","img":"https://fd3-photos.leclercdrive.fr/image.ashx?id=2892358&use=l&cat=p&typeid=i","cat":312236},{"id":253575,"n":"Bols Mots d'Enfants - 2x200g  Parmentier de cabillaud dès 8M","p":2.09,"u":"5,23 €/KG","img":"https://fd3-photos.leclercdrive.fr/image.ashx?id=2892361&use=l&cat=p&typeid=i","cat":312236},{"id":253581,"n":"Bols Mots d'Enfants - 2x200g  Purée de légumes dès 8M","p":1.69,"u":"4,23 €/KG","img":"https://fd3-photos.leclercdrive.fr/image.ashx?id=2892364&use=l&cat=p&typeid=i","cat":312236},{"id":253677,"n":"Bols Mots d'Enfants - 2x200g  Pâtes, épinards et crème dès 8M","p":2.29,"u":"5,73 €/KG","img":"https://fd3-photos.leclercdrive.fr/image.ashx?id=2892367&use=l&cat=p&typeid=i","cat":312236},{"id":253678,"n":"Assiette Mots d'Enfants - 230g Spaghetti bolognaise dès 12M","p":1.39,"u":"6,04 €/KG","img":"https://fd3-photos.leclercdrive.fr/image.ashx?id=2898050&use=l&cat=p&typeid=i","cat":312237},{"id":253679,"n":"Assiette Mots d'Enfants - 230g Hachis parmentier dès 12M","p":1.39,"u":"6,04 €/KG","img":"https://fd3-photos.leclercdrive.fr/image.ashx?id=2892370&use=l&cat=p&typeid=i","cat":312237},{"id":253682,"n":"Assiette Mots d'Enfants - 230g Légumes et macaroni dès 12M","p":1.39,"u":"6,04 €/KG","img":"https://fd3-photos.leclercdrive.fr/image.ashx?id=2892373&use=l&cat=p&typeid=i","cat":312237},{"id":253683,"n":"Assiette Mots d'Enfants - 250g Pommes de terre, poulet dès 15M","p":1.59,"u":"6,36 €/KG","img":"https://fd3-photos.leclercdrive.fr/image.ashx?id=2898053&use=l&cat=p&typeid=i","cat":312238},{"id":253684,"n":"Assiette Mots d'Enfants - 250g Pâtes, tomate et jambon dès 15M","p":1.59,"u":"6,36 €/KG","img":"https://fd3-photos.leclercdrive.fr/image.ashx?id=2892376&use=l&cat=p&typeid=i","cat":312238},{"id":253687,"n":"Assiette Mots d'Enfants - 250g Légumes et patate douce dès 15M","p":1.59,"u":"6,36 €/KG","img":"https://fd3-photos.leclercdrive.fr/image.ashx?id=2892388&use=l&cat=p&typeid=i","cat":312238},{"id":253689,"n":"Assiette Mots d'Enfants - 250g Pdt, fondue de poireaux dès 15M","p":1.59,"u":"6,36 €/KG","img":"https://fd3-photos.leclercdrive.fr/image.ashx?id=2892379&use=l&cat=p&typeid=i","cat":312238},{"id":253691,"n":"Assiette Mots d'Enfants - 250g Pâtes boeuf bourguignon dès 18M","p":1.69,"u":"6,76 €/KG","img":"https://fd3-photos.leclercdrive.fr/image.ashx?id=2892382&use=l&cat=p&typeid=i","cat":312238},{"id":253694,"n":"Assiette Mots d'Enfants - 250g Blanquette de volaille dès 18M","p":1.69,"u":"6,76 €/KG","img":"https://fd3-photos.leclercdrive.fr/image.ashx?id=2898056&use=l&cat=p&typeid=i","cat":312238},{"id":253698,"n":"Assiette Mots d'Enfants - 250g Carottes pâtes épinards dès 18M","p":1.69,"u":"6,76 €/KG","img":"https://fd3-photos.leclercdrive.fr/image.ashx?id=2898059&use=l&cat=p&typeid=i","cat":312238},{"id":253699,"n":"Assiette Mots d'Enfants - 250g Ratatouille et boulgour dès 18M","p":1.69,"u":"6,76 €/KG","img":"https://fd3-photos.leclercdrive.fr/image.ashx?id=2892385&use=l&cat=p&typeid=i","cat":312238},{"id":253992,"n":"Gel douche L'Oréal Menexpert Hyaluronic power - 300ml","p":4.17,"u":"13,90 €/L","img":"https://fd3-photos.leclercdrive.fr/image.ashx?id=2874554&use=l&cat=p&typeid=i","cat":284619},{"id":253999,"n":"Chewing gum Mentos pure fresh Limonade sans sucres x50 - 100g","p":3.27,"u":"32,70 €/KG","img":"https://fd3-photos.leclercdrive.fr/image.ashx?id=3010795&use=l&cat=p&typeid=i","cat":304251},{"id":254008,"n":"Gel douche homme Axe Copper santal - 225ml","p":2.68,"u":"11,91 €/L","img":"https://fd3-photos.leclercdrive.fr/image.ashx?id=2903881&use=l&cat=p&typeid=i","cat":284619},{"id":254028,"n":"Bière sans alcool Tourtel Twist Abricot - 6x27.5cl","p":4.77,"u":"2,89 €/L","img":"https://fd3-photos.leclercdrive.fr/image.ashx?id=2873850&use=l&cat=p&typeid=i","cat":334877},{"id":254050,"n":"Bière Desperados Sunlight citron citron vert 3x33cl","p":3.9,"pp":2.57,"u":"2,60 €/L","img":"https://fd3-photos.leclercdrive.fr/image.ashx?id=2977987&use=l&cat=p&typeid=i","cat":334878},{"id":254056,"n":"Steaks hâchés pur boeuf Eleveurs du Grand-Est - 4x125g","p":14.23,"u":"28,46 €/KG","img":"https://fd3-photos.leclercdrive.fr/image.ashx?id=2876374&use=l&cat=p&typeid=i","cat":319778},{"id":254115,"n":"Crème douche Le Petit Olivie Jasmin Cassis - 500ml","p":2.79,"u":"5,58 €/L","img":"https://fd3-photos.leclercdrive.fr/image.ashx?id=2876719&use=l&cat=p&typeid=i","cat":284594},{"id":254127,"n":"Rasoir Hydro 5 homme Wilkinson Starter regular +4 lames","p":12.45,"img":"https://fd3-photos.leclercdrive.fr/image.ashx?id=2875174&use=l&cat=p&typeid=i","cat":284616},{"id":254131,"n":"Patchs boutons Biore 3 en 1 - Anti boutons - x24","p":5.15,"img":"https://fd3-photos.leclercdrive.fr/image.ashx?id=2877055&use=l&cat=p&typeid=i","cat":325345},{"id":254134,"n":"Soin de jour Diadermine Lift+ Boost éclat - 50ml","p":9.81,"u":"196,20 €/L","img":"https://fd3-photos.leclercdrive.fr/image.ashx?id=2880594&use=l&cat=p&typeid=i","cat":325345},{"id":254136,"n":"Soin de nuit Diadermine Lift+ Boost éclat - 50ml","p":9.81,"u":"196,20 €/L","img":"https://fd3-photos.leclercdrive.fr/image.ashx?id=2880597&use=l&cat=p&typeid=i","cat":325345},{"id":254150,"n":"Tripack Picon bière 3x1L - 18% vol.","p":31.9,"u":"10,63 €/L","img":"https://fd3-photos.leclercdrive.fr/image.ashx?id=2877142&use=l&cat=p&typeid=i","cat":334872},{"id":254156,"n":"Noix de Macadamia Seeberger Grillées salées - 80g","p":3.52,"u":"44,00 €/KG","img":"https://fd3-photos.leclercdrive.fr/image.ashx?id=2979216&use=l&cat=p&typeid=i","cat":284357},{"id":254336,"n":"Truite fumée Landvika 4 tranches - 100g","p":4.27,"u":"42,70 €/KG","img":"https://fd3-photos.leclercdrive.fr/image.ashx?id=2876593&use=l&cat=p&typeid=i","cat":285188},{"id":254381,"n":"Lait vitaminé Lactel Vita'Vie 1.0% MG - 6x1L","p":7.08,"u":"1,18 €/L","img":"https://fd3-photos.leclercdrive.fr/image.ashx?id=2951827&use=l&cat=p&typeid=i","cat":317169},{"id":254391,"n":"Boisson énergisante Red Bull Zéro, 250ml","p":1.03,"u":"4,12 €/L","img":"https://fd3-photos.leclercdrive.fr/image.ashx?id=2877313&use=l&cat=p&typeid=i","cat":284533},{"id":254803,"n":"Pavé d'Affinois L'Intense - 180g","p":2.85,"u":"15,83 €/KG","img":"https://fd3-photos.leclercdrive.fr/image.ashx?id=3002075&use=l&cat=p&typeid=i","cat":314033},{"id":254824,"n":"IGP Pays d'Oc rosé Bleu de Mer - 75cl","p":4.89,"u":"6,52 €/L","img":"https://fd3-photos.leclercdrive.fr/image.ashx?id=2876863&use=l&cat=p&typeid=i","cat":289558},{"id":254826,"n":"AOP Côtes de Provence rosé Douce vie Bleu de Mer - 75cl","p":8.2,"u":"10,93 €/L","img":"https://fd3-photos.leclercdrive.fr/image.ashx?id=2876860&use=l&cat=p&typeid=i","cat":289558},{"id":254884,"n":"Crème glacée L'Angélys Violette 450g","p":4.14,"u":"9,20 €/KG","img":"https://fd3-photos.leclercdrive.fr/image.ashx?id=2963586&use=l&cat=p&typeid=i","cat":284263},{"id":254886,"n":"Sorbet L'Angélys Citron jaune menthe 500g","p":4.1,"u":"8,20 €/KG","img":"https://fd3-photos.leclercdrive.fr/image.ashx?id=2963625&use=l&cat=p&typeid=i","cat":284263},{"id":254888,"n":"Monster Rio punch 50cl","p":1.6,"u":"3,20 €/L","img":"https://fd3-photos.leclercdrive.fr/image.ashx?id=2877067&use=l&cat=p&typeid=i","cat":284533},{"id":254890,"n":"Pot crème glacée L'Angélys Cacahuète coulis caramel 2x70g","p":2.95,"u":"21,07 €/KG","img":"https://fd3-photos.leclercdrive.fr/image.ashx?id=2876926&use=l&cat=p&typeid=i","cat":284725},{"id":254891,"n":"Multivitamin' Capri-Sun 12x20cl + 2x20cl offerts","p":4.68,"u":"1,67 €/L","img":"https://fd3-photos.leclercdrive.fr/image.ashx?id=2920346&use=l&cat=p&typeid=i","cat":284917},{"id":254893,"n":"Pot crème glacée L'Angélys Stracciatella chocolat 2x70g","p":2.99,"u":"21,36 €/KG","img":"https://fd3-photos.leclercdrive.fr/image.ashx?id=2876917&use=l&cat=p&typeid=i","cat":284263},{"id":254894,"n":"Tropical Capri-Sun 12x20cl + 2x20cl offerts","p":3.98,"u":"1,42 €/L","img":"https://fd3-photos.leclercdrive.fr/image.ashx?id=2920343&use=l&cat=p&typeid=i","cat":284917},{"id":254896,"n":"Pot crème glacée L'Angélys Vanille cookie 2x70g","p":2.96,"u":"21,14 €/KG","img":"https://fd3-photos.leclercdrive.fr/image.ashx?id=2876920&use=l&cat=p&typeid=i","cat":284263},{"id":254906,"n":"Boisson lactée Candy'up Milk skake chocolat - 3x25cl","p":2.47,"u":"3,29 €/L","img":"https://fd3-photos.leclercdrive.fr/image.ashx?id=2876710&use=l&cat=p&typeid=i","cat":295246},{"id":254911,"n":"Boisson lactée Candy'up Milk skake vanille - 3x25cl","p":2.47,"u":"3,29 €/L","img":"https://fd3-photos.leclercdrive.fr/image.ashx?id=2876713&use=l&cat=p&typeid=i","cat":295246},{"id":254941,"n":"Bâtonnets Häagen-Dazs Cracking Macadamia x3 - 201g","p":3.49,"u":"17,36 €/KG","img":"https://fd3-photos.leclercdrive.fr/image.ashx?id=2876599&use=l&cat=p&typeid=i","cat":284265},{"id":254943,"n":"Bâtonnets Häagen-Dazs Salted Caramel x3 - 204g","p":3.48,"u":"17,06 €/KG","img":"https://fd3-photos.leclercdrive.fr/image.ashx?id=2876608&use=l&cat=p&typeid=i","cat":284265},{"id":254944,"n":"Bâtonnets Häagen-Dazs  Cookies & Cream x3 - 192g","p":3.83,"u":"19,95 €/KG","img":"https://fd3-photos.leclercdrive.fr/image.ashx?id=2876602&use=l&cat=p&typeid=i","cat":284265},{"id":254949,"n":"Bâtonnets Häagen-Dazs Smooth Vanilla x3 - 192g","p":3.37,"u":"17,55 €/KG","img":"https://fd3-photos.leclercdrive.fr/image.ashx?id=2876605&use=l&cat=p&typeid=i","cat":284265},{"id":255080,"n":"Knacki végétal Herta x4 - 140g","p":1.19,"u":"8,50 €/KG","img":"https://fd3-photos.leclercdrive.fr/image.ashx?id=2992326&use=l&cat=p&typeid=i","cat":316036},{"id":255141,"n":"Brosse à dents enfant Dentamyl Clignotante - Rose x1","p":1.99,"img":"https://fd3-photos.leclercdrive.fr/image.ashx?id=2878678&use=l&cat=p&typeid=i","cat":288897},{"id":255180,"n":"Déodorant tout le corps Rexona  stick 48h anti-odeur 50ml","p":4.39,"u":"87,80 €/L","img":"https://fd3-photos.leclercdrive.fr/image.ashx?id=2896033&use=l&cat=p&typeid=i","cat":284595},{"id":255191,"n":"Préservatif Durex Nude - XL - x10","p":9.13,"img":"https://fd3-photos.leclercdrive.fr/image.ashx?id=2901677&use=l&cat=p&typeid=i","cat":284631},{"id":255195,"n":"Préservatifs Durex Feeling - XL - x12","p":7.23,"img":"https://fd3-photos.leclercdrive.fr/image.ashx?id=2878789&use=l&cat=p&typeid=i","cat":284631},{"id":255197,"n":"Préservatifs Durex Classic jeans - x12","p":5.93,"img":"https://fd3-photos.leclercdrive.fr/image.ashx?id=2878792&use=l&cat=p&typeid=i","cat":284631},{"id":255199,"n":"Préservatifs Durex Classic Jeans - XL - x12","p":5.97,"img":"https://fd3-photos.leclercdrive.fr/image.ashx?id=2964983&use=l&cat=p&typeid=i","cat":284631},{"id":255202,"n":"Préservatifs Durex Extra protect - x12","p":5.14,"img":"https://fd3-photos.leclercdrive.fr/image.ashx?id=2878801&use=l&cat=p&typeid=i","cat":284631},{"id":255203,"n":"Liègeois au café La Fermière 2x120g","p":2.73,"u":"11,38 €/KG","img":"https://fd3-photos.leclercdrive.fr/image.ashx?id=2878954&use=l&cat=p&typeid=i","cat":285042},{"id":255204,"n":"Dentifrice Naturals Aquafresh Menthe rafraichissante - 2x75ml","p":3.81,"u":"25,40 €/L","img":"https://fd3-photos.leclercdrive.fr/image.ashx?id=2889286&use=l&cat=p&typeid=i","cat":284612},{"id":255206,"n":"Crème fixative Polident Soin & tolérance 0% - 2x44g","p":9.51,"u":"108,07 €/KG","img":"https://fd3-photos.leclercdrive.fr/image.ashx?id=2921091&use=l&cat=p&typeid=i","cat":285158},{"id":255350,"n":"Crème fixative Polident Original 0% - 2x44g","p":6.87,"u":"78,07 €/KG","img":"https://fd3-photos.leclercdrive.fr/image.ashx?id=2921094&use=l&cat=p&typeid=i","cat":285158},{"id":255505,"n":"Crème de soin cheveux Nateïs Cheveux sec et frisé - 200ml","p":1.69,"u":"8,45 €/L","img":"https://fd3-photos.leclercdrive.fr/image.ashx?id=2878693&use=l&cat=p&typeid=i","cat":284608},{"id":255541,"n":"Saucisson Mini Justin Bridou Bâton de Berger Emmental - 80g","p":2.75,"u":"34,38 €/KG","img":"https://fd3-photos.leclercdrive.fr/image.ashx?id=2880384&use=l&cat=p&typeid=i","cat":316006},{"id":255549,"n":"Saucisson Fuet Justin Bridou Noisette - 150g","p":2.3,"u":"15,33 €/KG","img":"https://fd3-photos.leclercdrive.fr/image.ashx?id=2948941&use=l&cat=p&typeid=i","cat":316006},{"id":255669,"n":"Recharge Gel douche Pêche Blanche bio & Nectar 500ml","p":2.69,"u":"5,38 €/L","img":"https://fd3-photos.leclercdrive.fr/image.ashx?id=2880411&use=l&cat=p&typeid=i","cat":284594},{"id":255678,"n":"Gel douche homme Axe Aqua bergamot - 225ml","p":2.64,"u":"11,73 €/L","img":"https://fd3-photos.leclercdrive.fr/image.ashx?id=2880612&use=l&cat=p&typeid=i","cat":284619},{"id":255681,"n":"Coquillettes Eco+ Jambon emmental - 300g","p":1.79,"u":"5,97 €/KG","img":"https://fd3-photos.leclercdrive.fr/image.ashx?id=2930829&use=l&cat=p&typeid=i","cat":284254},{"id":255688,"n":"Recharge gel douche homme Pin maritime & eucalyptus 500ml","p":2.93,"u":"5,86 €/L","img":"https://fd3-photos.leclercdrive.fr/image.ashx?id=2880420&use=l&cat=p&typeid=i","cat":284619},{"id":255696,"n":"Déodorant spray homme Axe Apollo - 200ml","p":3.99,"u":"19,95 €/L","img":"https://fd3-photos.leclercdrive.fr/image.ashx?id=2985663&use=l&cat=p&typeid=i","cat":284618},{"id":255697,"n":"Déodorant spray homme Axe Black - 200ml","p":3.75,"u":"18,75 €/L","img":"https://fd3-photos.leclercdrive.fr/image.ashx?id=2880609&use=l&cat=p&typeid=i","cat":284618},{"id":255718,"n":"Saumon fumé Petit Navire Norvège 2 tranches 65g","p":4.02,"u":"61,85 €/KG","img":"https://fd3-photos.leclercdrive.fr/image.ashx?id=2880489&use=l&cat=p&typeid=i","cat":285188},{"id":255724,"n":"Crème dessert protéinée Sport Vanille 4x125g","p":2.35,"u":"4,70 €/KG","img":"https://fd3-photos.leclercdrive.fr/image.ashx?id=2900199&use=l&cat=p&typeid=i","cat":285041},{"id":255957,"n":"Déodorant spray homme Axe Dark temptation - 200ml","p":3.6,"u":"18,00 €/L","img":"https://fd3-photos.leclercdrive.fr/image.ashx?id=2881536&use=l&cat=p&typeid=i","cat":284618},{"id":255966,"n":"Déodorant spray homme Axe Epic fresh - 200ml","p":3.99,"u":"19,95 €/L","img":"https://fd3-photos.leclercdrive.fr/image.ashx?id=2881539&use=l&cat=p&typeid=i","cat":284618},{"id":255969,"n":"Déodorant spray homme Axe Provocation - 200ml","p":3.75,"u":"18,75 €/L","img":"https://fd3-photos.leclercdrive.fr/image.ashx?id=2881542&use=l&cat=p&typeid=i","cat":284618},{"id":255972,"n":"Déodorant spray homme Axe Gold - 200ml","p":4.17,"u":"20,85 €/L","img":"https://fd3-photos.leclercdrive.fr/image.ashx?id=2881545&use=l&cat=p&typeid=i","cat":284618},{"id":255978,"n":"Déodorant spray homme Axe Ice cool - 200ml","p":3.81,"u":"19,05 €/L","img":"https://fd3-photos.leclercdrive.fr/image.ashx?id=2881548&use=l&cat=p&typeid=i","cat":284618},{"id":256001,"n":"Déodorant stick Dove Pour tout Le corps - Framboise - 24h 75ml","p":5.2,"u":"69,33 €/L","img":"https://fd3-photos.leclercdrive.fr/image.ashx?id=2894563&use=l&cat=p&typeid=i","cat":284595},{"id":256004,"n":"Déodorant spray Dove Pour tout Le corps - 72h Framboise 150ml","p":3.89,"u":"25,93 €/L","img":"https://fd3-photos.leclercdrive.fr/image.ashx?id=3009341&use=l&cat=p&typeid=i","cat":284595},{"id":256005,"n":"Déodorant crème Dove Pour tout Le corps - 72h Framboise - 75ml","p":4.19,"u":"55,87 €/L","img":"https://fd3-photos.leclercdrive.fr/image.ashx?id=2894572&use=l&cat=p&typeid=i","cat":284595},{"id":256062,"n":"Mayonnaise La Fraîch'Touch 125g","p":1.79,"u":"14,32 €/KG","img":"https://fd3-photos.leclercdrive.fr/image.ashx?id=2953902&use=l&cat=p&typeid=i","cat":284382},{"id":256440,"n":"Panés de colin d'Alaska Marie - 280g","p":4.17,"u":"14,89 €/KG","img":"https://fd3-photos.leclercdrive.fr/image.ashx?id=2881849&use=l&cat=p&typeid=i","cat":333665},{"id":256442,"n":"Chili con carné riz Marie - 300g","p":3.99,"u":"13,30 €/KG","img":"https://fd3-photos.leclercdrive.fr/image.ashx?id=2881846&use=l&cat=p&typeid=i","cat":333665},{"id":256480,"n":"Gel douche homme Axe Blue lavender - 225ml","p":2.99,"u":"13,29 €/L","img":"https://fd3-photos.leclercdrive.fr/image.ashx?id=2882926&use=l&cat=p&typeid=i","cat":284619},{"id":256481,"n":"Gel douche homme Axe supreme 5-en-1 Apollo - 250ml","p":2.97,"u":"11,88 €/L","img":"https://fd3-photos.leclercdrive.fr/image.ashx?id=2902457&use=l&cat=p&typeid=i","cat":284619},{"id":256483,"n":"Gel douche homme Axe Supreme 5-en-1 - Black - 250ml","p":2.93,"u":"11,72 €/L","img":"https://fd3-photos.leclercdrive.fr/image.ashx?id=2882932&use=l&cat=p&typeid=i","cat":284619},{"id":256485,"n":"Gel douche homme Axe Supreme Dark temptation - 5-en-1 250ml","p":2.79,"u":"11,16 €/L","img":"https://fd3-photos.leclercdrive.fr/image.ashx?id=2882935&use=l&cat=p&typeid=i","cat":284619},{"id":256486,"n":"Gel douche homme Axe Supreme Provocation - 5-en-1 250ml","p":2.95,"u":"11,80 €/L","img":"https://fd3-photos.leclercdrive.fr/image.ashx?id=2992365&use=l&cat=p&typeid=i","cat":284619},{"id":256491,"n":"Déodorant tout le corps Rexona  spray 72h anti-odeur 150ml","p":3.71,"u":"24,73 €/L","img":"https://fd3-photos.leclercdrive.fr/image.ashx?id=2989486&use=l&cat=p&typeid=i","cat":284595},{"id":256494,"n":"Déodorant tout le corps Rexona  crème 72h anti-odeur 75ml","p":5.17,"u":"68,93 €/L","img":"https://fd3-photos.leclercdrive.fr/image.ashx?id=2894575&use=l&cat=p&typeid=i","cat":284595},{"id":256536,"n":"Nectar Bio Pressade Pomme - 6x20cl","p":2.58,"u":"2,15 €/L","img":"https://fd3-photos.leclercdrive.fr/image.ashx?id=2882752&use=l&cat=p&typeid=i","cat":284522},{"id":256566,"n":"AOP Côtes du Rhône Vin rouge - Bag in box - 3L","p":11.95,"u":"3,98 €/L","img":"https://fd3-photos.leclercdrive.fr/image.ashx?id=2905486&use=l&cat=p&typeid=i","cat":289556},{"id":256576,"n":"AOP Bordeaux Vin rouge - Bag in box - 3L","p":11.95,"u":"3,98 €/L","img":"https://fd3-photos.leclercdrive.fr/image.ashx?id=2904838&use=l&cat=p&typeid=i","cat":289556},{"id":256577,"n":"AOP Corbières Vin rouge - Bag in box - 3L","p":11.95,"u":"3,98 €/L","img":"https://fd3-photos.leclercdrive.fr/image.ashx?id=2905483&use=l&cat=p&typeid=i","cat":289556},{"id":256581,"n":"AOP Bergerac Vin rouge - BIB - 3L","p":11.95,"u":"3,98 €/L","img":"https://fd3-photos.leclercdrive.fr/image.ashx?id=2883119&use=l&cat=p&typeid=i","cat":289556},{"id":256587,"n":"AOP Buzet Vin rouge - Bag in box - 3L","p":11.95,"u":"3,98 €/L","img":"https://fd3-photos.leclercdrive.fr/image.ashx?id=2891076&use=l&cat=p&typeid=i","cat":289556},{"id":256710,"n":"Riz Côté Table Poulet Tikka massala  - 300g","p":2.49,"u":"8,30 €/KG","img":"https://fd3-photos.leclercdrive.fr/image.ashx?id=2972250&use=l&cat=p&typeid=i","cat":284953},{"id":256711,"n":"Chili sin carne Côté Table 300g","p":2.49,"u":"8,30 €/KG","img":"https://fd3-photos.leclercdrive.fr/image.ashx?id=2882249&use=l&cat=p&typeid=i","cat":284953},{"id":256714,"n":"Moussaka végé Côté Table 300g","p":2.61,"u":"8,70 €/KG","img":"https://fd3-photos.leclercdrive.fr/image.ashx?id=2906925&use=l&cat=p&typeid=i","cat":284953},{"id":256717,"n":"Boisson citron Jardin Bio Gingembre - 1L","p":1.79,"u":"1,79 €/L","img":"https://fd3-photos.leclercdrive.fr/image.ashx?id=2882788&use=l&cat=p&typeid=i","cat":295018},{"id":256773,"n":"Sirop La Maison Guiot Saveur Thé pêche - 70cl","p":3.78,"u":"5,40 €/L","img":"https://fd3-photos.leclercdrive.fr/image.ashx?id=2892157&use=l&cat=p&typeid=i","cat":295020},{"id":256783,"n":"Laque Elnett Cheveux secs - 300ml","p":7.87,"u":"26,23 €/L","img":"https://fd3-photos.leclercdrive.fr/image.ashx?id=2883152&use=l&cat=p&typeid=i","cat":284609},{"id":256786,"n":"Déodorant femme Narta Invisible - 200ml","p":4.56,"u":"22,80 €/L","img":"https://fd3-photos.leclercdrive.fr/image.ashx?id=2883173&use=l&cat=p&typeid=i","cat":284595},{"id":256787,"n":"Déodorant femme Ushuaïa Vanille - 2x50ml","p":5.35,"u":"53,50 €/L","img":"https://fd3-photos.leclercdrive.fr/image.ashx?id=2883176&use=l&cat=p&typeid=i","cat":284595},{"id":256798,"n":"Boisson Jardin Bio Fruits Rouges Hibiscus - 1L","p":1.79,"u":"1,79 €/L","img":"https://fd3-photos.leclercdrive.fr/image.ashx?id=2883510&use=l&cat=p&typeid=i","cat":295018},{"id":256825,"n":"Tajine boulgour Jardin Bio Poulet olive citron 220g","p":2.1,"u":"9,55 €/KG","img":"https://fd3-photos.leclercdrive.fr/image.ashx?id=2883582&use=l&cat=p&typeid=i","cat":284953},{"id":256826,"n":"Croquettes chat Edgard & Cooper Saumon - 750g","p":8.27,"u":"11,03 €/KG","img":"https://fd3-photos.leclercdrive.fr/image.ashx?id=2891265&use=l&cat=p&typeid=i","cat":284680},{"id":256828,"n":"Tartelette Jardin Bio 150g","p":2.14,"u":"14,27 €/KG","img":"https://fd3-photos.leclercdrive.fr/image.ashx?id=2883585&use=l&cat=p&typeid=i","cat":284488},{"id":256833,"n":"Biscuit Jardin Bio Le Petit Céréalier - 155g","p":1.4,"u":"9,03 €/KG","img":"https://fd3-photos.leclercdrive.fr/image.ashx?id=2883588&use=l&cat=p&typeid=i","cat":284487},{"id":257010,"n":"Mozzarella fior di latte râpée Cantadora - 150g","p":2.6,"u":"17,33 €/KG","img":"https://fd3-photos.leclercdrive.fr/image.ashx?id=2886157&use=l&cat=p&typeid=i","cat":314035},{"id":257022,"n":"Diffuseur Raid Max Night & Day Anti-moustiques - 27ml","p":9.93,"u":"367,78 €/L","img":"https://fd3-photos.leclercdrive.fr/image.ashx?id=2967388&use=l&cat=p&typeid=i","cat":298368},{"id":257023,"n":"Recharge Raid Max Night & Day Anti-moustiques - 2x27ml","p":11.52,"u":"213,33 €/L","img":"https://fd3-photos.leclercdrive.fr/image.ashx?id=2884741&use=l&cat=p&typeid=i","cat":298368},{"id":257024,"n":"Diffuseur électrique Raid Max Liquide - 30 nuits - 21ml","p":6.36,"u":"302,86 €/L","img":"https://fd3-photos.leclercdrive.fr/image.ashx?id=2884759&use=l&cat=p&typeid=i","cat":298368},{"id":257025,"n":"Recharge électrique  Raid Max  Liquide - 30 nuits - 21ml","p":5.9,"u":"280,95 €/L","img":"https://fd3-photos.leclercdrive.fr/image.ashx?id=2884762&use=l&cat=p&typeid=i","cat":298368},{"id":257026,"n":"Spirale anti-moustiques Raid Max - Usage extérieur - x10","p":1.99,"img":"https://fd3-photos.leclercdrive.fr/image.ashx?id=2884750&use=l&cat=p&typeid=i","cat":298368},{"id":257027,"n":"Spray Raid Max Fourmis & cafards - 500ml","p":5.48,"u":"10,96 €/L","img":"https://fd3-photos.leclercdrive.fr/image.ashx?id=2884747&use=l&cat=p&typeid=i","cat":298368},{"id":257028,"n":"Gel Anti-mites Raid Max Senteur bois de cèdre - x2","p":4.83,"img":"https://fd3-photos.leclercdrive.fr/image.ashx?id=2884756&use=l&cat=p&typeid=i","cat":298368},{"id":257031,"n":"Gel anti-mites Raid Max Senteur lavande - x2","p":4.97,"img":"https://fd3-photos.leclercdrive.fr/image.ashx?id=2884753&use=l&cat=p&typeid=i","cat":298368},{"id":257034,"n":"Spray Autan Family care Anti-moustiques - 100ml","p":6.86,"u":"68,60 €/L","img":"https://fd3-photos.leclercdrive.fr/image.ashx?id=2884744&use=l&cat=p&typeid=i","cat":299654},{"id":257036,"n":"Spray enfant Autan Anti-moustiques - 100ml","p":5.16,"u":"51,60 €/L","img":"https://fd3-photos.leclercdrive.fr/image.ashx?id=2884735&use=l&cat=p&typeid=i","cat":299654},{"id":257038,"n":"Gel douche homme Axe Supreme Provocation - 5-en-1 - 400ml","p":3.2,"u":"8,00 €/L","img":"https://fd3-photos.leclercdrive.fr/image.ashx?id=2884924&use=l&cat=p&typeid=i","cat":284619},{"id":257041,"n":"Gel douche homme Axe supreme Re-load - 5en-1 - 250ml","p":2.4,"u":"9,60 €/L","img":"https://fd3-photos.leclercdrive.fr/image.ashx?id=2884927&use=l&cat=p&typeid=i","cat":284619},{"id":257043,"n":"Gel douche homme Axe Black vanilla - 225ml","p":2.39,"u":"10,62 €/L","img":"https://fd3-photos.leclercdrive.fr/image.ashx?id=2908387&use=l&cat=p&typeid=i","cat":284619},{"id":257045,"n":"Gel douche homme Axe supreme Lendemain difficile - 400ml","p":3.04,"u":"7,60 €/L","img":"https://fd3-photos.leclercdrive.fr/image.ashx?id=2884918&use=l&cat=p&typeid=i","cat":284619},{"id":257046,"n":"Gel douche homme Axe Cherry fizz - 225ml","p":2.38,"u":"10,58 €/L","img":"https://fd3-photos.leclercdrive.fr/image.ashx?id=2908390&use=l&cat=p&typeid=i","cat":284619},{"id":257050,"n":"Déodorant spray homme Axe Cocoa velvet - 150ml","p":4.4,"u":"29,33 €/L","img":"https://fd3-photos.leclercdrive.fr/image.ashx?id=2896468&use=l&cat=p&typeid=i","cat":284618},{"id":257054,"n":"Émincés de poulet provençale L'Atelier Volaille - 300g","p":3.57,"u":"11,90 €/KG","img":"https://fd3-photos.leclercdrive.fr/image.ashx?id=2927884&use=l&cat=p&typeid=i","cat":284336},{"id":257076,"n":"Gnocchi à poêler Lustucru Extra fromage 300g","p":2.14,"u":"7,13 €/KG","img":"https://fd3-photos.leclercdrive.fr/image.ashx?id=2886013&use=l&cat=p&typeid=i","cat":333682},{"id":257077,"n":"Fromage enfant Mini Babybel  16 portions goûter - 352g","p":6.48,"u":"18,41 €/KG","img":"https://fd3-photos.leclercdrive.fr/image.ashx?id=2935840&use=l&cat=p&typeid=i","cat":314030},{"id":257165,"n":"Pizza Crousti-Fine Marie 4 fromages - 390g","p":3.47,"u":"8,90 €/KG","img":"https://fd3-photos.leclercdrive.fr/image.ashx?id=2996728&use=l&cat=p&typeid=i","cat":284256},{"id":257168,"n":"Boisson énergisante Monster  Energy Ultra White -  4x50CL","p":5.11,"u":"2,56 €/L","img":"https://fd3-photos.leclercdrive.fr/image.ashx?id=2983462&use=l&cat=p&typeid=i","cat":284533},{"id":257169,"n":"Pizza Crousti-Fine Marie Royale - 400g","p":3.47,"u":"8,68 €/KG","img":"https://fd3-photos.leclercdrive.fr/image.ashx?id=2996734&use=l&cat=p&typeid=i","cat":284256},{"id":257171,"n":"Pizza Crousti-Fine Marie Tomate mozzarella - 400g","p":3.47,"u":"8,68 €/KG","img":"https://fd3-photos.leclercdrive.fr/image.ashx?id=2996737&use=l&cat=p&typeid=i","cat":284256},{"id":257172,"n":"Pizza Crousti-Fine Marie Chorizo paprika - 400g","p":3.47,"u":"8,68 €/KG","img":"https://fd3-photos.leclercdrive.fr/image.ashx?id=2996731&use=l&cat=p&typeid=i","cat":284256},{"id":257201,"n":"Préservatifs Durex Intensity - x10","p":12.97,"img":"https://fd3-photos.leclercdrive.fr/image.ashx?id=2962035&use=l&cat=p&typeid=i","cat":284631},{"id":257202,"n":"Préservatifs Durex Intensity XL - x10","p":9.07,"img":"https://fd3-photos.leclercdrive.fr/image.ashx?id=2964670&use=l&cat=p&typeid=i","cat":284631},{"id":257208,"n":"Lessive liquide Xeor Fraîcheur - x44 lavages - 2.2L","p":3.89,"u":"1,77 €/L","img":"https://fd3-photos.leclercdrive.fr/image.ashx?id=2981897&use=l&cat=p&typeid=i","cat":284640},{"id":257211,"n":"Lessive liquide Xéor Oranger - x24 lavages - 1.2L","p":2.12,"u":"1,77 €/L","img":"https://fd3-photos.leclercdrive.fr/image.ashx?id=2903977&use=l&cat=p&typeid=i","cat":284640},{"id":257212,"n":"Lessive liquide Xéor Fraîcheur - x24 lavages - 1.2L","p":2.12,"u":"1,77 €/L","img":"https://fd3-photos.leclercdrive.fr/image.ashx?id=2901506&use=l&cat=p&typeid=i","cat":284640},{"id":257213,"n":"Lessive liquide Xéor Cerisier - x24 lavages - 1.2L","p":2.12,"u":"1,77 €/L","img":"https://fd3-photos.leclercdrive.fr/image.ashx?id=2903980&use=l&cat=p&typeid=i","cat":284640},{"id":257214,"n":"Capsules lave-vaisselle Finish Quantum Citron - x30 - 312g","p":6.58,"u":"21,09 €/KG","img":"https://fd3-photos.leclercdrive.fr/image.ashx?id=2926618&use=l&cat=p&typeid=i","cat":284656},{"id":257215,"n":"Capsules lave-vaisselle Finish Quantum - x30 - 312g","p":6.5,"u":"20,83 €/KG","img":"https://fd3-photos.leclercdrive.fr/image.ashx?id=2884627&use=l&cat=p&typeid=i","cat":284656},{"id":257217,"n":"Capsules lave-vaisselle Finish Ultimate citron - x26 - 335g","p":7.13,"u":"21,35 €/KG","img":"https://fd3-photos.leclercdrive.fr/image.ashx?id=2884630&use=l&cat=p&typeid=i","cat":284656},{"id":257218,"n":"Capsules lave-vaisselle Finish Ultimate - x26 - 335g","p":7.13,"u":"21,28 €/KG","img":"https://fd3-photos.leclercdrive.fr/image.ashx?id=2884633&use=l&cat=p&typeid=i","cat":284656},{"id":257219,"n":"Capsules lave-vaisselle Finish Ultimate Plus Citron x22 - 268g","p":6.77,"u":"25,26 €/KG","img":"https://fd3-photos.leclercdrive.fr/image.ashx?id=2884636&use=l&cat=p&typeid=i","cat":284656},{"id":257220,"n":"Gel lave-vaisselle Finish Power - 900ml","p":7.27,"u":"8,08 €/L","img":"https://fd3-photos.leclercdrive.fr/image.ashx?id=2884639&use=l&cat=p&typeid=i","cat":284656},{"id":257225,"n":"Gel lave-vaisselle Finish Power - Citron - 900ml","p":6.5,"u":"7,22 €/L","img":"https://fd3-photos.leclercdrive.fr/image.ashx?id=2884642&use=l&cat=p&typeid=i","cat":284656},{"id":257228,"n":"Capsules lave-vaisselle Finish Ultimate Plus - x22 - 268g","p":6.77,"u":"25,26 €/KG","img":"https://fd3-photos.leclercdrive.fr/image.ashx?id=2884900&use=l&cat=p&typeid=i","cat":284656},{"id":257230,"n":"Désinfectant linge Sanytol Stop Odeurs Fleurs blanches 500ml","p":3.47,"u":"6,94 €/L","img":"https://fd3-photos.leclercdrive.fr/image.ashx?id=2961960&use=l&cat=p&typeid=i","cat":290451},{"id":257231,"n":"Désinfectant linge Sanytol Stop Odeurs Fleurs Blanches 1L","p":6.7,"u":"6,70 €/L","img":"https://fd3-photos.leclercdrive.fr/image.ashx?id=2884312&use=l&cat=p&typeid=i","cat":290451},{"id":257232,"n":"Capsules Lave-Vaisselle SUN  Pro-Expert Regular 38 lavages","p":7.9,"u":"13,86 €/KG","img":"https://fd3-photos.leclercdrive.fr/image.ashx?id=2907728&use=l&cat=p&typeid=i","cat":284656},{"id":257233,"n":"Tablettes lave-vaisselle Uni Vert - Tout-en-1 - x45 - 720g","p":6.56,"u":"9,11 €/KG","img":"https://fd3-photos.leclercdrive.fr/image.ashx?id=3015132&use=l&cat=p&typeid=i","cat":284656},{"id":257236,"n":"Tablettes lave-vaisselle Uni Vert - Classiques - x45 - 450g","p":6.27,"u":"13,93 €/KG","img":"https://fd3-photos.leclercdrive.fr/image.ashx?id=3015135&use=l&cat=p&typeid=i","cat":284656},{"id":257237,"n":"Déodorant femme Adidas Control - 150ml","p":3.31,"u":"22,07 €/L","img":"https://fd3-photos.leclercdrive.fr/image.ashx?id=2884594&use=l&cat=p&typeid=i","cat":284595},{"id":257238,"n":"Déodorant femme Adidas Control invisiblistere - 150ml","p":3.33,"u":"22,20 €/L","img":"https://fd3-photos.leclercdrive.fr/image.ashx?id=2884600&use=l&cat=p&typeid=i","cat":284595},{"id":257240,"n":"Déodorant homme Adidas Sport fresh - 150ml","p":2.57,"u":"17,13 €/L","img":"https://fd3-photos.leclercdrive.fr/image.ashx?id=2884606&use=l&cat=p&typeid=i","cat":284618},{"id":257241,"n":"Déodorant homme Adidas Invisible - 150ml","p":2.95,"u":"19,67 €/L","img":"https://fd3-photos.leclercdrive.fr/image.ashx?id=2884609&use=l&cat=p&typeid=i","cat":284618},{"id":257251,"n":"Capsules Lave-Vaisselle SUN  Pro-Expert Citron 38 lavages","p":7.9,"u":"13,86 €/KG","img":"https://fd3-photos.leclercdrive.fr/image.ashx?id=2991039&use=l&cat=p&typeid=i","cat":284656},{"id":257253,"n":"Déodorant Adidas Control fresh - 150ml","p":4.2,"u":"28,00 €/L","img":"https://fd3-photos.leclercdrive.fr/image.ashx?id=2884603&use=l&cat=p&typeid=i","cat":284595},{"id":257277,"n":"Bâtonnets surimi moelleux Fleury Michon x12 - 180g","p":1.77,"u":"9,83 €/KG","img":"https://fd3-photos.leclercdrive.fr/image.ashx?id=2936920&use=l&cat=p&typeid=i","cat":285189},{"id":257280,"n":"Bâtonnets surimi moelleux Fleury Michon x30 - 450g","p":3.77,"u":"8,38 €/KG","img":"https://fd3-photos.leclercdrive.fr/image.ashx?id=2936929&use=l&cat=p&typeid=i","cat":285189},{"id":257391,"n":"Barre gourmande Grainéa Chocolat Cacahuète - 140g","p":1.93,"u":"13,79 €/KG","img":"https://fd3-photos.leclercdrive.fr/image.ashx?id=2885777&use=l&cat=p&typeid=i","cat":285869},{"id":257505,"n":"Émincés de poulet paprika L'Atelier Volaille - 300g","p":3.57,"u":"11,90 €/KG","img":"https://fd3-photos.leclercdrive.fr/image.ashx?id=2927890&use=l&cat=p&typeid=i","cat":284336},{"id":257606,"n":"Cappelletti Rana jambon cru 250g","p":3.28,"u":"13,12 €/KG","img":"https://fd3-photos.leclercdrive.fr/image.ashx?id=2886358&use=l&cat=p&typeid=i","cat":333682},{"id":257608,"n":"Raviolis Rana ricotta épinards 250g","p":3.3,"u":"13,20 €/KG","img":"https://fd3-photos.leclercdrive.fr/image.ashx?id=2886361&use=l&cat=p&typeid=i","cat":333682},{"id":257611,"n":"Raviolis Rana boeuf bolognaise 250g","p":3.63,"u":"14,52 €/KG","img":"https://fd3-photos.leclercdrive.fr/image.ashx?id=2886367&use=l&cat=p&typeid=i","cat":333682},{"id":257858,"n":"Glace Magnum Chocolat blanc cookies - 168g","p":4.06,"u":"24,17 €/KG","img":"https://fd3-photos.leclercdrive.fr/image.ashx?id=2886409&use=l&cat=p&typeid=i","cat":284725},{"id":257864,"n":"Bière aromatisée Somersby Pomme 4,5° - 6x33cl canettes","p":6.88,"u":"3,47 €/L","img":"https://fd3-photos.leclercdrive.fr/image.ashx?id=2885959&use=l&cat=p&typeid=i","cat":334878},{"id":257868,"n":"Bière Rouge la Bête Rouge 8% 75cl","p":4.18,"u":"5,57 €/L","img":"https://fd3-photos.leclercdrive.fr/image.ashx?id=2885962&use=l&cat=p&typeid=i","cat":334878},{"id":257902,"n":"Céréales All-Bran Kellogg's Fibre plus - 500g","p":3.73,"u":"7,46 €/KG","img":"https://fd3-photos.leclercdrive.fr/image.ashx?id=2885643&use=l&cat=p&typeid=i","cat":309512},{"id":257950,"n":"Fromage blanc Alsace Lait Stracciatella - 4x125g","p":2.57,"u":"5,14 €/KG","img":"https://fd3-photos.leclercdrive.fr/image.ashx?id=2886798&use=l&cat=p&typeid=i","cat":284409},{"id":257953,"n":"Café en grains Mövenpick Crema Kenya - 1kg","p":14.95,"u":"14,95 €/KG","img":"https://fd3-photos.leclercdrive.fr/image.ashx?id=2887176&use=l&cat=p&typeid=i","cat":293237},{"id":258079,"n":"Limonade Lorina pêche blanche 1L","p":2.37,"u":"2,37 €/L","img":"https://fd3-photos.leclercdrive.fr/image.ashx?id=2891094&use=l&cat=p&typeid=i","cat":284531},{"id":258141,"n":"Pâtes Panzani  grandes coquillettes - 500g","p":1.63,"u":"3,26 €/KG","img":"https://fd3-photos.leclercdrive.fr/image.ashx?id=2887536&use=l&cat=p&typeid=i","cat":284427},{"id":258143,"n":"Pâtes Panzani  fusilli - 500g","p":1.67,"u":"3,34 €/KG","img":"https://fd3-photos.leclercdrive.fr/image.ashx?id=2887530&use=l&cat=p&typeid=i","cat":284427},{"id":258144,"n":"Pâtes Panzani rigatoni - 500g","p":1.67,"u":"3,34 €/KG","img":"https://fd3-photos.leclercdrive.fr/image.ashx?id=2887533&use=l&cat=p&typeid=i","cat":284427},{"id":258146,"n":"Pâtes Panzani penne rigate - 500g","p":1.67,"u":"3,34 €/KG","img":"https://fd3-photos.leclercdrive.fr/image.ashx?id=2887539&use=l&cat=p&typeid=i","cat":284427},{"id":258149,"n":"Pâtes Panzani  linguine - 500g","p":1.38,"u":"2,76 €/KG","img":"https://fd3-photos.leclercdrive.fr/image.ashx?id=2887542&use=l&cat=p&typeid=i","cat":284427},{"id":258154,"n":"Glace à l'eau Pirulo  mangue x5 - 350g","p":2.89,"u":"8,26 €/KG","img":"https://fd3-photos.leclercdrive.fr/image.ashx?id=2888184&use=l&cat=p&typeid=i","cat":285250},{"id":258268,"n":"Guacamole Traiteur Gourmet 180g","p":2.79,"u":"15,50 €/KG","img":"https://fd3-photos.leclercdrive.fr/image.ashx?id=2889058&use=l&cat=p&typeid=i","cat":315999},{"id":258270,"n":"Bière La Bise Agrumes - 50cl  4.7% vol.","p":1.6,"u":"3,20 €/L","img":"https://fd3-photos.leclercdrive.fr/image.ashx?id=2887785&use=l&cat=p&typeid=i","cat":334853},{"id":258271,"n":"Bière La Bise Agrumes - 75cl  4.7% vol.","p":4.04,"u":"5,39 €/L","img":"https://fd3-photos.leclercdrive.fr/image.ashx?id=2890154&use=l&cat=p&typeid=i","cat":334878},{"id":258273,"n":"Bière La Bise rouge Cerise - 75cl  3.5% vol.","p":2.84,"u":"3,79 €/L","img":"https://fd3-photos.leclercdrive.fr/image.ashx?id=2890157&use=l&cat=p&typeid=i","cat":334878},{"id":258280,"n":"Crevettes nature Costa décortiquées - 200g","p":5.99,"u":"29,95 €/KG","img":"https://fd3-photos.leclercdrive.fr/image.ashx?id=2940288&use=l&cat=p&typeid=i","cat":319787},{"id":258281,"n":"Crevettes croustillantes Costa  - 225g","p":5.99,"u":"26,62 €/KG","img":"https://fd3-photos.leclercdrive.fr/image.ashx?id=2888094&use=l&cat=p&typeid=i","cat":319787},{"id":258282,"n":"Crevettes Costa ail et fines herbes - 225g","p":5.99,"u":"26,62 €/KG","img":"https://fd3-photos.leclercdrive.fr/image.ashx?id=2888088&use=l&cat=p&typeid=i","cat":319787},{"id":258295,"n":"Croissants fourrés Nutella  x4 - 340g","p":4.23,"u":"12,44 €/KG","img":"https://fd3-photos.leclercdrive.fr/image.ashx?id=2899749&use=l&cat=p&typeid=i","cat":284267},{"id":258299,"n":"Lasagnes William Saurin Bolognaise pure boeuf - 300g","p":2.27,"u":"7,57 €/KG","img":"https://fd3-photos.leclercdrive.fr/image.ashx?id=2916012&use=l&cat=p&typeid=i","cat":284953},{"id":258301,"n":"Spaghetti William Saurin Bolognaise pure boeuf - 300g","p":2.8,"u":"9,33 €/KG","img":"https://fd3-photos.leclercdrive.fr/image.ashx?id=2939517&use=l&cat=p&typeid=i","cat":284953},{"id":258303,"n":"Poulet basquaise William Saurin 285g","p":2.27,"u":"7,96 €/KG","img":"https://fd3-photos.leclercdrive.fr/image.ashx?id=2928564&use=l&cat=p&typeid=i","cat":284953},{"id":258304,"n":"Poulet William Saurin à la crème - 280g","p":2.27,"u":"8,11 €/KG","img":"https://fd3-photos.leclercdrive.fr/image.ashx?id=2939520&use=l&cat=p&typeid=i","cat":284953},{"id":258305,"n":"Risotto William Saurin poulet et champignons - 280g","p":2.61,"u":"9,32 €/KG","img":"https://fd3-photos.leclercdrive.fr/image.ashx?id=2912113&use=l&cat=p&typeid=i","cat":284953},{"id":258308,"n":"Torsades saumon William Saurin Crème et aneth - 280g","p":2.4,"u":"8,57 €/KG","img":"https://fd3-photos.leclercdrive.fr/image.ashx?id=2916009&use=l&cat=p&typeid=i","cat":284953},{"id":258309,"n":"Merlu blanc William Saurin Riz et légumes - 300g","p":2.67,"u":"8,90 €/KG","img":"https://fd3-photos.leclercdrive.fr/image.ashx?id=2986392&use=l&cat=p&typeid=i","cat":284953},{"id":258310,"n":"Blanquette William Saurin Veau et riz - 285g","p":2.57,"u":"9,02 €/KG","img":"https://fd3-photos.leclercdrive.fr/image.ashx?id=2906286&use=l&cat=p&typeid=i","cat":284953},{"id":258311,"n":"Olives noires Rustica façon grècque - 235g","p":1.55,"u":"6,60 €/KG","img":"https://fd3-photos.leclercdrive.fr/image.ashx?id=2970590&use=l&cat=p&typeid=i","cat":284458},{"id":258312,"n":"Bourguignon William Saurin Boeuf - 300g","p":2.57,"u":"8,57 €/KG","img":"https://fd3-photos.leclercdrive.fr/image.ashx?id=2906289&use=l&cat=p&typeid=i","cat":284953},{"id":258313,"n":"Bières Desperados Sunlight  cerise/grenade 4° - 3x33cl","p":3.9,"pp":2.57,"u":"2,60 €/L","img":"https://fd3-photos.leclercdrive.fr/image.ashx?id=2899401&use=l&cat=p&typeid=i","cat":334878},{"id":258314,"n":"Hachis William Saurin Parmentier pur boeuf - 300g","p":2.57,"u":"8,57 €/KG","img":"https://fd3-photos.leclercdrive.fr/image.ashx?id=2906292&use=l&cat=p&typeid=i","cat":284953},{"id":258318,"n":"Dentifrice Colgate  Action charbon - 75ml","p":2.97,"u":"39,60 €/L","img":"https://fd3-photos.leclercdrive.fr/image.ashx?id=2888199&use=l&cat=p&typeid=i","cat":284612},{"id":258319,"n":"Brosse à dents souple Elmex Sensitive expert - 1 pièce","p":3.38,"img":"https://fd3-photos.leclercdrive.fr/image.ashx?id=2888190&use=l&cat=p&typeid=i","cat":284614},{"id":258320,"n":"Dentifrice Elmex Email blancheur - 75ml","p":7.04,"u":"93,87 €/L","img":"https://fd3-photos.leclercdrive.fr/image.ashx?id=2888196&use=l&cat=p&typeid=i","cat":284612},{"id":258321,"n":"Dentifrice soin Elmex Sensitive expert - 75ml","p":5.93,"u":"79,07 €/L","img":"https://fd3-photos.leclercdrive.fr/image.ashx?id=2888205&use=l&cat=p&typeid=i","cat":284612},{"id":258322,"n":"Dentifrice sensitive Elmex Soin instantané - 75ml","p":4.44,"u":"59,20 €/L","img":"https://fd3-photos.leclercdrive.fr/image.ashx?id=3009338&use=l&cat=p&typeid=i","cat":284612},{"id":258323,"n":"Dentifrice gencives Elmex Sensitive plus - 75ml","p":5.93,"u":"79,07 €/L","img":"https://fd3-photos.leclercdrive.fr/image.ashx?id=2888193&use=l&cat=p&typeid=i","cat":284612},{"id":258335,"n":"Ravioles chèvre affiné Saint Jean - 250g","p":3.17,"u":"12,68 €/KG","img":"https://fd3-photos.leclercdrive.fr/image.ashx?id=2887767&use=l&cat=p&typeid=i","cat":333682},{"id":258336,"n":"Ravioles emmental Saint Jean oignons rissolés - 250g","p":3.38,"u":"13,52 €/KG","img":"https://fd3-photos.leclercdrive.fr/image.ashx?id=2889445&use=l&cat=p&typeid=i","cat":333682},{"id":258337,"n":"Ravioles tomates basilic  de Provence Saint Jean - 250g","p":3.38,"u":"13,52 €/KG","img":"https://fd3-photos.leclercdrive.fr/image.ashx?id=2887761&use=l&cat=p&typeid=i","cat":333682},{"id":258339,"n":"Glace Kinder Bueno Cônes noisettes x6 - 372g","p":5.28,"u":"14,19 €/KG","img":"https://fd3-photos.leclercdrive.fr/image.ashx?id=2891334&use=l&cat=p&typeid=i","cat":284264},{"id":258340,"n":"Glace Kinder Bueno White Cônes noisettes x6 - 372g","p":5.28,"u":"14,19 €/KG","img":"https://fd3-photos.leclercdrive.fr/image.ashx?id=2890814&use=l&cat=p&typeid=i","cat":284264},{"id":258341,"n":"Glace Rafello bâtonnets Pêche hibiscus x3 - 138g","p":3.61,"u":"26,16 €/KG","img":"https://fd3-photos.leclercdrive.fr/image.ashx?id=2890436&use=l&cat=p&typeid=i","cat":284265},{"id":258342,"n":"Glace Ferrero bâtonnets chocolat noir orange x3 - 138g","p":3.14,"u":"22,75 €/KG","img":"https://fd3-photos.leclercdrive.fr/image.ashx?id=2889913&use=l&cat=p&typeid=i","cat":284265},{"id":258343,"n":"Crêpes Nutella  x6 - 240g","p":4.46,"u":"18,58 €/KG","img":"https://fd3-photos.leclercdrive.fr/image.ashx?id=2899761&use=l&cat=p&typeid=i","cat":284267},{"id":258345,"n":"Muffins Nutella  x4 - 264g","p":4.23,"u":"16,02 €/KG","img":"https://fd3-photos.leclercdrive.fr/image.ashx?id=2899758&use=l&cat=p&typeid=i","cat":284267},{"id":258347,"n":"Donuts Nutella x4 - 240g","p":4.64,"u":"19,33 €/KG","img":"https://fd3-photos.leclercdrive.fr/image.ashx?id=2889916&use=l&cat=p&typeid=i","cat":284267},{"id":258360,"n":"Eau gazeuse Carola sans sucres Mojito - 1.25L","p":1.08,"u":"0,86 €/L","img":"https://fd3-photos.leclercdrive.fr/image.ashx?id=2959943&use=l&cat=p&typeid=i","cat":284536},{"id":258361,"n":"Eau gazeuse Carola sans sucres Pina Colada - 1.25L","p":1.08,"u":"0,86 €/L","img":"https://fd3-photos.leclercdrive.fr/image.ashx?id=2959946&use=l&cat=p&typeid=i","cat":284536},{"id":258362,"n":"Eau gazeuse Carola sans sucres Pasion Fizz - 1.25L","p":1.08,"u":"0,86 €/L","img":"https://fd3-photos.leclercdrive.fr/image.ashx?id=2962629&use=l&cat=p&typeid=i","cat":284536},{"id":258363,"n":"Bières Softiz Sans alcool  Saveur citron - 6x27,5cl","p":3.08,"u":"1,87 €/L","img":"https://fd3-photos.leclercdrive.fr/image.ashx?id=2887431&use=l&cat=p&typeid=i","cat":334877},{"id":258364,"n":"Biscuits bio Jardin Bio Sésame - 150g","p":1.84,"u":"12,27 €/KG","img":"https://fd3-photos.leclercdrive.fr/image.ashx?id=2890211&use=l&cat=p&typeid=i","cat":284487},{"id":258366,"n":"Bières Softiz Sans alcool  Saveur mojito - 6x27,5cl","p":3.02,"u":"1,83 €/L","img":"https://fd3-photos.leclercdrive.fr/image.ashx?id=2887428&use=l&cat=p&typeid=i","cat":334877},{"id":258374,"n":"Préparation pour Spritz Giffard Citron - 50cl 16% vol.","p":6.9,"pp":6.21,"u":"12,42 €/L","img":"https://fd3-photos.leclercdrive.fr/image.ashx?id=2888769&use=l&cat=p&typeid=i","cat":284551},{"id":258384,"n":"Tournesol décortiqué Bio Naturaline - 250g","p":1.97,"u":"7,88 €/KG","img":"https://fd3-photos.leclercdrive.fr/image.ashx?id=2889526&use=l&cat=p&typeid=i","cat":318651},{"id":258385,"n":"Graines de lin brun Bio Naturaline - 250g","p":2.23,"u":"8,92 €/KG","img":"https://fd3-photos.leclercdrive.fr/image.ashx?id=2889523&use=l&cat=p&typeid=i","cat":318651},{"id":258387,"n":"Bières Desperados Sunlight  mangue/passion 4° - 3x33cl","p":3.9,"pp":2.57,"u":"2,60 €/L","img":"https://fd3-photos.leclercdrive.fr/image.ashx?id=2977990&use=l&cat=p&typeid=i","cat":334878},{"id":258543,"n":"Infuse à froid Lipton Grenade Hibiscus -x15 -38g","p":3.23,"u":"85,00 €/KG","img":"https://fd3-photos.leclercdrive.fr/image.ashx?id=2907376&use=l&cat=p&typeid=i","cat":293234},{"id":258544,"n":"Lipton infuse à Froid Rooibos  Mangue - x15 sachets -33g","p":2.71,"u":"82,12 €/KG","img":"https://fd3-photos.leclercdrive.fr/image.ashx?id=2908762&use=l&cat=p&typeid=i","cat":293234},{"id":258545,"n":"Infusion à froid Elephant Detox x15 sachets -34g","p":2.97,"u":"5,82 €/KG","img":"https://fd3-photos.leclercdrive.fr/image.ashx?id=2912584&use=l&cat=p&typeid=i","cat":293234},{"id":258563,"n":"Bonbon Mao Croqui Ice Tea Haribo -200g","p":1.43,"u":"7,15 €/KG","img":"https://fd3-photos.leclercdrive.fr/image.ashx?id=2889313&use=l&cat=p&typeid=i","cat":304252},{"id":258574,"n":"Compote Charles & Alice Poire/banane/mangue - 12x100g","p":4.27,"u":"3,56 €/KG","img":"https://fd3-photos.leclercdrive.fr/image.ashx?id=2908057&use=l&cat=p&typeid=i","cat":284416},{"id":258606,"n":"Soda Fanta Orange  Bouteille - 1.25L","p":1.69,"u":"1,35 €/L","img":"https://fd3-photos.leclercdrive.fr/image.ashx?id=2924752&use=l&cat=p&typeid=i","cat":284532},{"id":258630,"n":"Gaufrettes Knoppers Lait & noisettes - x15   375g","p":3.97,"u":"10,59 €/KG","img":"https://fd3-photos.leclercdrive.fr/image.ashx?id=2893777&use=l&cat=p&typeid=i","cat":284488},{"id":258721,"n":"Lentilles aux poivrons grilles Mes delices Vivien Paille -300g","p":2.44,"u":"8,13 €/KG","img":"https://fd3-photos.leclercdrive.fr/image.ashx?id=2889232&use=l&cat=p&typeid=i","cat":284450},{"id":258795,"n":"Beurrier tendre Président Demi-sel - 60% MG - 200g","p":2.04,"u":"10,20 €/KG","img":"https://fd3-photos.leclercdrive.fr/image.ashx?id=2889328&use=l&cat=p&typeid=i","cat":284379},{"id":258816,"n":"Cacahuètes Curly  Miel barbecue - 150g","p":1.47,"u":"9,80 €/KG","img":"https://fd3-photos.leclercdrive.fr/image.ashx?id=2906367&use=l&cat=p&typeid=i","cat":284448},{"id":258818,"n":"Cacahuète Curly Paprika - 150g","p":1.37,"u":"9,13 €/KG","img":"https://fd3-photos.leclercdrive.fr/image.ashx?id=2938728&use=l&cat=p&typeid=i","cat":284448},{"id":259159,"n":"Soin visage Fluide anti tâches  UV vitamine C  Garnier -40ml","p":9.03,"u":"225,75 €/L","img":"https://fd3-photos.leclercdrive.fr/image.ashx?id=2904251&use=l&cat=p&typeid=i","cat":325345},{"id":259167,"n":"Skyr nature Arla 1kg","p":3.66,"u":"3,66 €/KG","img":"https://fd3-photos.leclercdrive.fr/image.ashx?id=2892979&use=l&cat=p&typeid=i","cat":315000},{"id":259179,"n":"Préservatifs Durex Intensity - x5","p":6.97,"img":"https://fd3-photos.leclercdrive.fr/image.ashx?id=2962032&use=l&cat=p&typeid=i","cat":284631},{"id":259180,"n":"Préservatifs Durex Intensity - x20","p":17.83,"img":"https://fd3-photos.leclercdrive.fr/image.ashx?id=2964980&use=l&cat=p&typeid=i","cat":284631},{"id":259181,"n":"Déodorant stick Black Tonka  48h Mennen -60ml","p":4.58,"u":"76,33 €/L","img":"https://fd3-photos.leclercdrive.fr/image.ashx?id=2904263&use=l&cat=p&typeid=i","cat":284618},{"id":259184,"n":"Préservatifs Durex Classic Jeans - x20","p":6.54,"img":"https://fd3-photos.leclercdrive.fr/image.ashx?id=2892433&use=l&cat=p&typeid=i","cat":284631},{"id":259189,"n":"Poudre lave-vaisselle Visior 1.71kg","p":7.64,"u":"4,47 €/KG","img":"https://fd3-photos.leclercdrive.fr/image.ashx?id=2889208&use=l&cat=p&typeid=i","cat":284656},{"id":259190,"n":"Eau de parfum Adidas Energy drive - 100ml","p":14.9,"u":"149,00 €/L","img":"https://fd3-photos.leclercdrive.fr/image.ashx?id=2892856&use=l&cat=p&typeid=i","cat":291525},{"id":259207,"n":"Dentifrice Sensodyne Sensibilité quotidienne - 75ml","p":2.63,"u":"35,07 €/L","img":"https://fd3-photos.leclercdrive.fr/image.ashx?id=2893003&use=l&cat=p&typeid=i","cat":284612},{"id":259211,"n":"Dentifrice Enfants Sensodyne 2-6 ans - 50ml","p":3.93,"u":"78,60 €/L","img":"https://fd3-photos.leclercdrive.fr/image.ashx?id=2893009&use=l&cat=p&typeid=i","cat":288898},{"id":259213,"n":"Gel douche Sanex Derma thérapie Anti-imperfections -  425ml","p":4.19,"u":"9,86 €/L","img":"https://fd3-photos.leclercdrive.fr/image.ashx?id=2893144&use=l&cat=p&typeid=i","cat":284594},{"id":259216,"n":"Gel douche Sanex Derma thérapie Anti-démangeaison - 425ml","p":4.6,"u":"10,82 €/L","img":"https://fd3-photos.leclercdrive.fr/image.ashx?id=2893147&use=l&cat=p&typeid=i","cat":284594},{"id":259217,"n":"Gel douche Sanex Derma thérapie Anti-dessèchement - 425ml","p":4.19,"u":"9,86 €/L","img":"https://fd3-photos.leclercdrive.fr/image.ashx?id=2913508&use=l&cat=p&typeid=i","cat":284594},{"id":259221,"n":"Recharge Gel douche Sanex Natural prebiotic -  450ml","p":3.98,"u":"8,84 €/L","img":"https://fd3-photos.leclercdrive.fr/image.ashx?id=2947243&use=l&cat=p&typeid=i","cat":284594},{"id":259228,"n":"Crème protection solaire visage Nivea Sun - Fluide SPF50+ 40ml","p":10.01,"u":"0,25 €/M3","img":"https://fd3-photos.leclercdrive.fr/image.ashx?id=3014626&use=l&cat=p&typeid=i","cat":325355},{"id":259245,"n":"Bière aromatisée 1664 Rosé 4,5°- 6x25cl","p":5.56,"u":"3,71 €/L","img":"https://fd3-photos.leclercdrive.fr/image.ashx?id=2892457&use=l&cat=p&typeid=i","cat":334878},{"id":259249,"n":"Bière aromatisée Somersby Pomme 4,5° - 3x27,5cl","p":3.43,"u":"4,16 €/L","img":"https://fd3-photos.leclercdrive.fr/image.ashx?id=2892460&use=l&cat=p&typeid=i","cat":334878},{"id":259250,"n":"Bière aromatisée Somersby Citron Yuzu 4,5° - 3x27,5cl","p":3.43,"u":"4,16 €/L","img":"https://fd3-photos.leclercdrive.fr/image.ashx?id=2892463&use=l&cat=p&typeid=i","cat":334878},{"id":259253,"n":"Bière aromatisée Somersby Framboise 4,5° - 3x27,5cl","p":3.43,"u":"4,16 €/L","img":"https://fd3-photos.leclercdrive.fr/image.ashx?id=2892466&use=l&cat=p&typeid=i","cat":334878},{"id":259255,"n":"Bière Desperados Sunlight Citron citron vert - 4% 6x33CL","p":6.9,"pp":4.55,"u":"2,30 €/L","img":"https://fd3-photos.leclercdrive.fr/image.ashx?id=2901773&use=l&cat=p&typeid=i","cat":334878},{"id":259262,"n":"Bière blonde Stella Artois 5,2% - 6x25cl","p":5.7,"u":"3,80 €/L","img":"https://fd3-photos.leclercdrive.fr/image.ashx?id=2944371&use=l&cat=p&typeid=i","cat":334873},{"id":259263,"n":"Bière blonde Stella Artois 5,2% - 12x25cl","p":9.5,"pp":6.27,"u":"2,09 €/L","img":"https://fd3-photos.leclercdrive.fr/image.ashx?id=2971754&use=l&cat=p&typeid=i","cat":334873},{"id":259277,"n":"Bière blonde Stella Artois 5,2% - 20x25cl","p":15.47,"u":"3,09 €/L","img":"https://fd3-photos.leclercdrive.fr/image.ashx?id=2944377&use=l&cat=p&typeid=i","cat":334873},{"id":259279,"n":"Bière blonde Bud 5% - 50cl canette","p":4.97,"u":"24,85 €/L","img":"https://fd3-photos.leclercdrive.fr/image.ashx?id=2994554&use=l&cat=p&typeid=i","cat":334853},{"id":259283,"n":"Bière Cherry 8.6 7.2% - 4x50cl","p":7.78,"u":"3,89 €/L","img":"https://fd3-photos.leclercdrive.fr/image.ashx?id=2905708&use=l&cat=p&typeid=i","cat":334853},{"id":259291,"n":"Spray dégraissant Universel  Musc Blanc Chanteclair -600ml","p":2.93,"u":"4,88 €/L","img":"https://fd3-photos.leclercdrive.fr/image.ashx?id=2893120&use=l&cat=p&typeid=i","cat":325357},{"id":259293,"n":"Spray dégraissant anti odeur Chanteclair -600ml","p":2.93,"u":"4,88 €/L","img":"https://fd3-photos.leclercdrive.fr/image.ashx?id=2893123&use=l&cat=p&typeid=i","cat":325357},{"id":259318,"n":"Gel douche derma care  Anti tiraillement Sanex -425ml","p":4.19,"u":"9,86 €/L","img":"https://fd3-photos.leclercdrive.fr/image.ashx?id=2893141&use=l&cat=p&typeid=i","cat":284594},{"id":259321,"n":"Pain burger Jacquet Géant brioché x4 - 300g","p":1.74,"u":"5,80 €/KG","img":"https://fd3-photos.leclercdrive.fr/image.ashx?id=2991879&use=l&cat=p&typeid=i","cat":325067},{"id":259322,"n":"Pain burger Jacquet Nature x6 - 330g","p":1.47,"u":"4,45 €/KG","img":"https://fd3-photos.leclercdrive.fr/image.ashx?id=2991885&use=l&cat=p&typeid=i","cat":325067},{"id":259323,"n":"Burger Jacquet brioché Ultra moelleux x4 - 250g","p":1.79,"u":"7,16 €/KG","img":"https://fd3-photos.leclercdrive.fr/image.ashx?id=3010984&use=l&cat=p&typeid=i","cat":325067},{"id":259330,"n":"Culottes Hypoallergéniques Love & Green Taille 4- x32","p":19.93,"u":"0,62 €/P","img":"https://fd3-photos.leclercdrive.fr/image.ashx?id=2892883&use=l&cat=p&typeid=i","cat":290633},{"id":259336,"n":"Culottes hypoallergéniques  Love & Green Taille 6 -x26","p":15.42,"u":"0,59 €/P","img":"https://fd3-photos.leclercdrive.fr/image.ashx?id=2892889&use=l&cat=p&typeid=i","cat":290633},{"id":259632,"n":"Nectar Bio Pressade Pomme - 1.5L","p":2.08,"u":"1,39 €/L","img":"https://fd3-photos.leclercdrive.fr/image.ashx?id=2892586&use=l&cat=p&typeid=i","cat":284522},{"id":259819,"n":"Piles Duracell Plus power boost AA - x4","p":5.33,"u":"1,33 €/P","img":"https://fd3-photos.leclercdrive.fr/image.ashx?id=2929122&use=l&cat=p&typeid=i","cat":300572},{"id":259820,"n":"Piles Duracell Plus power boost AAA - x4","p":5.33,"u":"1,33 €/P","img":"https://fd3-photos.leclercdrive.fr/image.ashx?id=2929128&use=l&cat=p&typeid=i","cat":300572},{"id":260012,"n":"Coquilles Saint-Jacques à la bretonne - x10 - 900g","p":9.49,"u":"10,54 €/KG","img":"https://fd3-photos.leclercdrive.fr/image.ashx?id=2892601&use=l&cat=p&typeid=i","cat":319775},{"id":260044,"n":"Liqueur Get Menthe & fruits rouges 17.9° - 70cl","p":12.99,"u":"18,56 €/L","img":"https://fd3-photos.leclercdrive.fr/image.ashx?id=3009104&use=l&cat=p&typeid=i","cat":286032},{"id":260045,"n":"Boisson énergisante Celsius Pêche framboise - 35,5cl","p":1.4,"u":"3,94 €/L","img":"https://fd3-photos.leclercdrive.fr/image.ashx?id=2922155&use=l&cat=p&typeid=i","cat":284533},{"id":260047,"n":"Boisson énergisante Celsius Multifruits - 35,5cl","p":1.4,"u":"3,94 €/L","img":"https://fd3-photos.leclercdrive.fr/image.ashx?id=2919006&use=l&cat=p&typeid=i","cat":284533},{"id":260048,"n":"Boisson énergisante Celsius Orange - 35,5cl","p":1.4,"u":"3,94 €/L","img":"https://fd3-photos.leclercdrive.fr/image.ashx?id=2922152&use=l&cat=p&typeid=i","cat":284533},{"id":260054,"n":"Boisson énergisante Celsius Fraise passion - 35,5cl","p":1.4,"u":"3,94 €/L","img":"https://fd3-photos.leclercdrive.fr/image.ashx?id=2922158&use=l&cat=p&typeid=i","cat":284533},{"id":260058,"n":"Dentifrice Oral-B Professional Protection sensibilité - 2x75ml","p":6.62,"u":"44,13 €/L","img":"https://fd3-photos.leclercdrive.fr/image.ashx?id=2893823&use=l&cat=p&typeid=i","cat":284612},{"id":260059,"n":"Dentifrice Oral-B Professional Protection gencives - 2x75ml","p":6.62,"u":"44,13 €/L","img":"https://fd3-photos.leclercdrive.fr/image.ashx?id=2893826&use=l&cat=p&typeid=i","cat":284612},{"id":260062,"n":"Dentifrice Oral-B Professional Email renforcé - 2x75ml","p":6.62,"u":"44,13 €/L","img":"https://fd3-photos.leclercdrive.fr/image.ashx?id=2893901&use=l&cat=p&typeid=i","cat":284612},{"id":260203,"n":"Dentifrice Oral-B Professional Blancheur saine - 2x75ml","p":11.03,"u":"73,53 €/L","img":"https://fd3-photos.leclercdrive.fr/image.ashx?id=2899045&use=l&cat=p&typeid=i","cat":284612},{"id":260205,"n":"Rasoir Gillette Mach3 x5 lames","p":18.11,"img":"https://fd3-photos.leclercdrive.fr/image.ashx?id=2894545&use=l&cat=p&typeid=i","cat":284616},{"id":260214,"n":"Cookies BN Pépites aux 2 chocolats - 150g","p":1.87,"u":"12,47 €/KG","img":"https://fd3-photos.leclercdrive.fr/image.ashx?id=2901704&use=l&cat=p&typeid=i","cat":325066},{"id":260216,"n":"Cookies BN Pépites de chocolat blanc -150g","p":1.87,"u":"12,47 €/KG","img":"https://fd3-photos.leclercdrive.fr/image.ashx?id=2901707&use=l&cat=p&typeid=i","cat":325066},{"id":260257,"n":"Bloc WC Canard Fresh Disc  Lavande 6 disques - 36ml","p":3.49,"u":"0,58 €/P","img":"https://fd3-photos.leclercdrive.fr/image.ashx?id=2894455&use=l&cat=p&typeid=i","cat":284662},{"id":260259,"n":"Aérosol Glade Pet Range  Huiles essentielles -300ml","p":3.09,"u":"10,30 €/L","img":"https://fd3-photos.leclercdrive.fr/image.ashx?id=2894458&use=l&cat=p&typeid=i","cat":311626},{"id":260264,"n":"Recharge Pet Range Sense &  Spray huiles essentielles -18ml","p":4.47,"u":"248,33 €/L","img":"https://fd3-photos.leclercdrive.fr/image.ashx?id=2894461&use=l&cat=p&typeid=i","cat":311629},{"id":260270,"n":"Désinfectant linge Sanytol  Envolée de Printemps - 500ml","p":4.06,"u":"8,12 €/L","img":"https://fd3-photos.leclercdrive.fr/image.ashx?id=2894128&use=l&cat=p&typeid=i","cat":290451},{"id":260279,"n":"Barre de céréales Nature Valley Crunchy avoine chocolat - 420g","p":4.18,"u":"9,95 €/KG","img":"https://fd3-photos.leclercdrive.fr/image.ashx?id=2894515&use=l&cat=p&typeid=i","cat":300032},{"id":260280,"n":"Barre de céréales Nature Valley Crunchy fruits rouges - 420g","p":4.83,"u":"11,50 €/KG","img":"https://fd3-photos.leclercdrive.fr/image.ashx?id=2894518&use=l&cat=p&typeid=i","cat":300032},{"id":260281,"n":"Bière blonde de caractère  Pélican 7.5% 12x25cl","p":11.39,"pp":7.52,"u":"2,51 €/L","img":"https://fd3-photos.leclercdrive.fr/image.ashx?id=2922600&use=l&cat=p&typeid=i","cat":334872},{"id":260328,"n":"Riz Taureau Ailé Basmati du Punjab - 500g","p":2.21,"u":"4,42 €/KG","img":"https://fd3-photos.leclercdrive.fr/image.ashx?id=2893756&use=l&cat=p&typeid=i","cat":284428},{"id":260669,"n":"Glade Pet Range recharge Infusé aux huiles essentielles","p":4.89,"img":"https://fd3-photos.leclercdrive.fr/image.ashx?id=2905621&use=l&cat=p&typeid=i","cat":311629},{"id":260704,"n":"Serviettes hygiéniques Extra  Secure Night Always ultra 2 x16","p":7.28,"u":"0,23 €/P","img":"https://fd3-photos.leclercdrive.fr/image.ashx?id=2895086&use=l&cat=p&typeid=i","cat":284624},{"id":260715,"n":"Serviettes hygiéniques Long +  Always ultra 2 x26","p":7.97,"u":"0,15 €/P","img":"https://fd3-photos.leclercdrive.fr/image.ashx?id=2895074&use=l&cat=p&typeid=i","cat":284624},{"id":260717,"n":"Serviettes hygiéniques Normal Always ultra  2 x 30","p":7.21,"u":"0,12 €/P","img":"https://fd3-photos.leclercdrive.fr/image.ashx?id=2895083&use=l&cat=p&typeid=i","cat":284624},{"id":260719,"n":"Serviettes hygiéniques Normal Always ultra 2 x 34","p":7.11,"u":"0,10 €/P","img":"https://fd3-photos.leclercdrive.fr/image.ashx?id=2895071&use=l&cat=p&typeid=i","cat":284624},{"id":260727,"n":"Culottes fuites urinaires Noir  Always discreet Taille M x10","p":10.33,"u":"1,03 €/P","img":"https://fd3-photos.leclercdrive.fr/image.ashx?id=2902427&use=l&cat=p&typeid=i","cat":284628},{"id":260730,"n":"Culottes fuites urinaires  Always discreet Taille M x 11","p":10.32,"u":"0,94 €/P","img":"https://fd3-photos.leclercdrive.fr/image.ashx?id=2902424&use=l&cat=p&typeid=i","cat":284628},{"id":260732,"n":"Oral-B brossettes 3D White   4 + 4 offertes","p":35.73,"u":"4,47 €/P","img":"https://fd3-photos.leclercdrive.fr/image.ashx?id=2905096&use=l&cat=p&typeid=i","cat":297133},{"id":260735,"n":"Oral-B brossettes Cross Action 4+4 offertes","p":43.88,"u":"5,49 €/P","img":"https://fd3-photos.leclercdrive.fr/image.ashx?id=2905093&use=l&cat=p&typeid=i","cat":297133},{"id":260762,"n":"Pavé de Charolais Convivial à l'échalotte - x2  300g","p":8.83,"u":"29,43 €/KG","img":"https://fd3-photos.leclercdrive.fr/image.ashx?id=2894896&use=l&cat=p&typeid=i","cat":319778},{"id":261040,"n":"Jambon végétal Happyvore 4 tranches - 120g","p":3.29,"u":"27,42 €/KG","img":"https://fd3-photos.leclercdrive.fr/image.ashx?id=2906637&use=l&cat=p&typeid=i","cat":316036},{"id":261064,"n":"Delice du jour en sauce Sheba  2.5kg","p":19.47,"u":"7,79 €/KG","img":"https://fd3-photos.leclercdrive.fr/image.ashx?id=2896387&use=l&cat=p&typeid=i","cat":285601},{"id":261073,"n":"Pépites de chocolat noir Sainte Lucie - 100g","p":2.83,"u":"28,30 €/KG","img":"https://fd3-photos.leclercdrive.fr/image.ashx?id=2896177&use=l&cat=p&typeid=i","cat":284504},{"id":261200,"n":"Cônes Magnum noisette  4x90g","p":4.87,"u":"18,73 €/KG","img":"https://fd3-photos.leclercdrive.fr/image.ashx?id=2896453&use=l&cat=p&typeid=i","cat":284264},{"id":261216,"n":"Cônes Magnum mangue  4x90ml","p":4.16,"u":"16,00 €/KG","img":"https://fd3-photos.leclercdrive.fr/image.ashx?id=2896450&use=l&cat=p&typeid=i","cat":284264},{"id":261222,"n":"Saucisson Saint Agaûne 200g","p":3.33,"u":"16,65 €/KG","img":"https://fd3-photos.leclercdrive.fr/image.ashx?id=2977432&use=l&cat=p&typeid=i","cat":316006},{"id":261223,"n":"Saucisson sec Saint Agaûne La fine - 200g","p":4.67,"u":"23,35 €/KG","img":"https://fd3-photos.leclercdrive.fr/image.ashx?id=2960939&use=l&cat=p&typeid=i","cat":316006},{"id":261224,"n":"Saucisson Saint Agaûne La fine - 280g","p":4.45,"u":"15,89 €/KG","img":"https://fd3-photos.leclercdrive.fr/image.ashx?id=2965094&use=l&cat=p&typeid=i","cat":316006},{"id":261225,"n":"Rhum Diplomatico Reserva exclusiva - 70cl","p":38.5,"u":"55,00 €/L","img":"https://fd3-photos.leclercdrive.fr/image.ashx?id=2896408&use=l&cat=p&typeid=i","cat":284550},{"id":261270,"n":"Rasoir Venus confort glide  Spa breeze +2 recharges","p":15.03,"img":"https://fd3-photos.leclercdrive.fr/image.ashx?id=2897351&use=l&cat=p&typeid=i","cat":325352},{"id":261274,"n":"Rasoir Venus extra smooth  Swirl +1 recharge","p":13.28,"img":"https://fd3-photos.leclercdrive.fr/image.ashx?id=2897357&use=l&cat=p&typeid=i","cat":325352},{"id":261279,"n":"Tablette  de chocolat Poulain 2x95g","p":2.83,"u":"14,89 €/KG","img":"https://fd3-photos.leclercdrive.fr/image.ashx?id=2897177&use=l&cat=p&typeid=i","cat":284497},{"id":261292,"n":"Chewing-gum Hollywood  Menthe Verte sans sucres - 70g","p":2.2,"u":"31,43 €/KG","img":"https://fd3-photos.leclercdrive.fr/image.ashx?id=2987053&use=l&cat=p&typeid=i","cat":304251},{"id":261298,"n":"Chewing-gum Hollywood Menthe  Fraîche sans sucres - 70g","p":2.41,"u":"34,43 €/KG","img":"https://fd3-photos.leclercdrive.fr/image.ashx?id=2987050&use=l&cat=p&typeid=i","cat":304251},{"id":261305,"n":"Chewing-gum Hollywood 2Fresh  Menthe Forte sans sucres 66g","p":1.58,"u":"23,94 €/KG","img":"https://fd3-photos.leclercdrive.fr/image.ashx?id=3011962&use=l&cat=p&typeid=i","cat":304251},{"id":261307,"n":"Chewing-gum Hollywood 2Fresh  Menthe Verte sans sucres -  66g","p":1.58,"u":"23,94 €/KG","img":"https://fd3-photos.leclercdrive.fr/image.ashx?id=3011959&use=l&cat=p&typeid=i","cat":304251},{"id":261420,"n":"Cônes Cioccolato  Gelateria Di Piazza Novona 284g","p":3.12,"u":"10,99 €/KG","img":"https://fd3-photos.leclercdrive.fr/image.ashx?id=2897390&use=l&cat=p&typeid=i","cat":284264},{"id":261422,"n":"Cônes Fragola 4x71g Gelateria Di Piazza Novona 284g","p":2.97,"u":"10,46 €/KG","img":"https://fd3-photos.leclercdrive.fr/image.ashx?id=2897387&use=l&cat=p&typeid=i","cat":284264},{"id":261423,"n":"Cônes Zabaione 4x71g Gelateria Di Piazza Novona 284g","p":5.4,"u":"19,01 €/KG","img":"https://fd3-photos.leclercdrive.fr/image.ashx?id=2897384&use=l&cat=p&typeid=i","cat":284264},{"id":261424,"n":"Cônes Pana  Gelateria Di Piazza Novona 284g","p":5.68,"u":"20,00 €/KG","img":"https://fd3-photos.leclercdrive.fr/image.ashx?id=2897381&use=l&cat=p&typeid=i","cat":284264},{"id":261486,"n":"Maxi croquettes adulte Pedigree volaille - 12kg","p":22.73,"u":"1,89 €/KG","img":"https://fd3-photos.leclercdrive.fr/image.ashx?id=2897288&use=l&cat=p&typeid=i","cat":284672},{"id":261487,"n":"Croquettes Perfect fit junior Poulet -","p":5.17,"u":"0,37 €/KG","img":"https://fd3-photos.leclercdrive.fr/image.ashx?id=2897285&use=l&cat=p&typeid=i","cat":284680},{"id":261488,"n":"Plat Whiskas aromatic 12X85g","p":5.53,"u":"5,42 €/KG","img":"https://fd3-photos.leclercdrive.fr/image.ashx?id=2903683&use=l&cat=p&typeid=i","cat":285286},{"id":261491,"n":"Filets de sardines Saupiquet Sauce tomate - 100g","p":1.58,"u":"15,80 €/KG","img":"https://fd3-photos.leclercdrive.fr/image.ashx?id=2903068&use=l&cat=p&typeid=i","cat":305146},{"id":261493,"n":"Terrine classique Cesar 8X150g","p":6.98,"u":"5,82 €/KG","img":"https://fd3-photos.leclercdrive.fr/image.ashx?id=2902993&use=l&cat=p&typeid=i","cat":284673},{"id":261496,"n":"Haricots vert D' Aucy Extra fins coupés 225g","p":1.97,"u":"8,76 €/KG","img":"https://fd3-photos.leclercdrive.fr/image.ashx?id=2902918&use=l&cat=p&typeid=i","cat":312606},{"id":261497,"n":"Haricots noirs D'Aucy 2x130g","p":1.67,"u":"6,42 €/KG","img":"https://fd3-photos.leclercdrive.fr/image.ashx?id=2902915&use=l&cat=p&typeid=i","cat":312606},{"id":261498,"n":"Chewing-gum Hollywood Blancheur  Xylitol sans sucres - 67,5g","p":1.97,"u":"28,97 €/KG","img":"https://fd3-photos.leclercdrive.fr/image.ashx?id=2994602&use=l&cat=p&typeid=i","cat":304251},{"id":261500,"n":"Tablette cuadro Cremino  110g","p":3.8,"u":"34,55 €/KG","img":"https://fd3-photos.leclercdrive.fr/image.ashx?id=2903806&use=l&cat=p&typeid=i","cat":284497},{"id":261501,"n":"Bonbons Tic Tac Cerise & cola  x100 - 49g","p":2.44,"u":"49,80 €/KG","img":"https://fd3-photos.leclercdrive.fr/image.ashx?id=2922203&use=l&cat=p&typeid=i","cat":304256},{"id":261502,"n":"Bonbons Tic Tac  Chlorophylle - x100 - 49g","p":2.11,"u":"43,06 €/KG","img":"https://fd3-photos.leclercdrive.fr/image.ashx?id=2903791&use=l&cat=p&typeid=i","cat":304256},{"id":261503,"n":"Tablette de chocolat Poulain Lait noisette - 2x95g","p":3.08,"u":"16,21 €/KG","img":"https://fd3-photos.leclercdrive.fr/image.ashx?id=2899509&use=l&cat=p&typeid=i","cat":284497},{"id":261504,"n":"Galette bretonne P'tit Deli Citron - x6 125g","p":1.1,"u":"8,80 €/KG","img":"https://fd3-photos.leclercdrive.fr/image.ashx?id=2896825&use=l&cat=p&typeid=i","cat":284487},{"id":261505,"n":"Chocolat Tablette d'Or Lait caramelisées - 180g","p":2.49,"u":"13,83 €/KG","img":"https://fd3-photos.leclercdrive.fr/image.ashx?id=2896837&use=l&cat=p&typeid=i","cat":284497},{"id":261507,"n":"Tablette de chocolat Equador noir citron vert - 100g","p":1.79,"u":"17,90 €/KG","img":"https://fd3-photos.leclercdrive.fr/image.ashx?id=2896834&use=l&cat=p&typeid=i","cat":284956},{"id":261508,"n":"Chocolat blanc Tablette d'Or Speculoos framboise - 180g","p":2.99,"u":"16,61 €/KG","img":"https://fd3-photos.leclercdrive.fr/image.ashx?id=2896831&use=l&cat=p&typeid=i","cat":284957},{"id":261509,"n":"Chocolat Tablette d'Or Noir biscuit citron vert 180g","p":2.89,"u":"16,06 €/KG","img":"https://fd3-photos.leclercdrive.fr/image.ashx?id=2896828&use=l&cat=p&typeid=i","cat":284956},{"id":261510,"n":"Sel fin Le Guerandais Au herbes 250g","p":3.53,"u":"14,12 €/KG","img":"https://fd3-photos.leclercdrive.fr/image.ashx?id=2903344&use=l&cat=p&typeid=i","cat":284457},{"id":261517,"n":"Chewing-gum Hollywood  Menthe Fraîche sans sucres 87g","p":3.42,"u":"39,31 €/KG","img":"https://fd3-photos.leclercdrive.fr/image.ashx?id=2968595&use=l&cat=p&typeid=i","cat":304251},{"id":261519,"n":"Chewing-gum Hollywood Cherry 5x14g -70g","p":2.94,"u":"42,00 €/KG","img":"https://fd3-photos.leclercdrive.fr/image.ashx?id=2985696&use=l&cat=p&typeid=i","cat":304251},{"id":261520,"n":"Bonbons La Vosgienne  Sève de Pin - 125g","p":1.85,"u":"14,80 €/KG","img":"https://fd3-photos.leclercdrive.fr/image.ashx?id=2901235&use=l&cat=p&typeid=i","cat":304256},{"id":261522,"n":"Chewing-gum Hollywood Style  Menthe Verte sans sucres - 92g","p":2.97,"u":"32,28 €/KG","img":"https://fd3-photos.leclercdrive.fr/image.ashx?id=2968010&use=l&cat=p&typeid=i","cat":304251},{"id":261523,"n":"Chewing-gum Hollywood Fraise - Citron vert sans sucres 66g","p":1.58,"u":"23,94 €/KG","img":"https://fd3-photos.leclercdrive.fr/image.ashx?id=3011965&use=l&cat=p&typeid=i","cat":304251},{"id":261525,"n":"Sauté de lapin William Saurin 300g","p":2.57,"u":"8,57 €/KG","img":"https://fd3-photos.leclercdrive.fr/image.ashx?id=2905375&use=l&cat=p&typeid=i","cat":284953},{"id":261526,"n":"Chewing-gum Hollywood  Menthe Forte sans sucres 70g","p":2.41,"u":"34,43 €/KG","img":"https://fd3-photos.leclercdrive.fr/image.ashx?id=3001533&use=l&cat=p&typeid=i","cat":304251},{"id":261527,"n":"Chewing-gum Hollywood Menthe  verte Chlorophylle - 155g","p":2.67,"u":"17,23 €/KG","img":"https://fd3-photos.leclercdrive.fr/image.ashx?id=2910940&use=l&cat=p&typeid=i","cat":304251},{"id":261528,"n":"Nectar Bio Pressade Orange Bio - 6x20cl","p":3.13,"u":"2,61 €/L","img":"https://fd3-photos.leclercdrive.fr/image.ashx?id=2902705&use=l&cat=p&typeid=i","cat":284521},{"id":261533,"n":"Coriandre Panier du Primeur  20g","p":1.49,"u":"74,50 €/KG","img":"https://fd3-photos.leclercdrive.fr/image.ashx?id=2899830&use=l&cat=p&typeid=i","cat":293607},{"id":261535,"n":"Menthe Panier du Primeur 20g","p":1.49,"u":"74,50 €/KG","img":"https://fd3-photos.leclercdrive.fr/image.ashx?id=2899833&use=l&cat=p&typeid=i","cat":293607},{"id":261542,"n":"Laque tenue flexible Syoss 300ml","p":3.5,"u":"11,67 €/L","img":"https://fd3-photos.leclercdrive.fr/image.ashx?id=2903089&use=l&cat=p&typeid=i","cat":284609},{"id":261543,"n":"IGP Pays d'Oc vin rosé Mythique - 75cl","p":3.95,"u":"5,27 €/L","img":"https://fd3-photos.leclercdrive.fr/image.ashx?id=2903047&use=l&cat=p&typeid=i","cat":289558},{"id":261544,"n":"IGP Pays d'Oc vin rouge Mythique - 75cl","p":3.95,"u":"5,27 €/L","img":"https://fd3-photos.leclercdrive.fr/image.ashx?id=2903044&use=l&cat=p&typeid=i","cat":289556},{"id":261555,"n":"Moulin de sel Cérébos Herbes & légumes - 75g","p":2.51,"u":"33,47 €/KG","img":"https://fd3-photos.leclercdrive.fr/image.ashx?id=2903131&use=l&cat=p&typeid=i","cat":284457},{"id":261556,"n":"Recharge Gros sels Cérébos Herbes & légumes - 300g","p":2.81,"u":"9,37 €/KG","img":"https://fd3-photos.leclercdrive.fr/image.ashx?id=2903134&use=l&cat=p&typeid=i","cat":284457},{"id":261577,"n":"AOP Sable de Camargue Bio Daladel - 75cl","p":7.96,"u":"10,61 €/L","img":"https://fd3-photos.leclercdrive.fr/image.ashx?id=2903041&use=l&cat=p&typeid=i","cat":289558},{"id":261594,"n":"Wraps XL Mission au blé nature  x6 - 540g","p":2.95,"u":"5,46 €/KG","img":"https://fd3-photos.leclercdrive.fr/image.ashx?id=2901157&use=l&cat=p&typeid=i","cat":288993},{"id":261607,"n":"Brioche tranchée Pasquier -30% de sucre - 450g","p":2.34,"u":"5,20 €/KG","img":"https://fd3-photos.leclercdrive.fr/image.ashx?id=2900446&use=l&cat=p&typeid=i","cat":284478},{"id":261609,"n":"Compotes Andros pomme fraise  cassis cerise - 12x100g","p":4.37,"u":"3,64 €/KG","img":"https://fd3-photos.leclercdrive.fr/image.ashx?id=2903437&use=l&cat=p&typeid=i","cat":284508},{"id":261612,"n":"Pancakes Pasquier Vanille - x8  280g","p":2.18,"u":"7,79 €/KG","img":"https://fd3-photos.leclercdrive.fr/image.ashx?id=2900452&use=l&cat=p&typeid=i","cat":284495},{"id":262309,"n":"IGP Pays D'Oc Bleu de Mer  Vin rouge - Bib 3L","p":13.18,"u":"4,39 €/L","img":"https://fd3-photos.leclercdrive.fr/image.ashx?id=2899155&use=l&cat=p&typeid=i","cat":289560},{"id":262346,"n":"Soda Fanta Orange  Bouteille - 2L","p":2.2,"u":"1,10 €/L","img":"https://fd3-photos.leclercdrive.fr/image.ashx?id=2995959&use=l&cat=p&typeid=i","cat":284532},{"id":262492,"n":"Sauce au poivre Alélor 170g","p":2.42,"u":"14,24 €/KG","img":"https://fd3-photos.leclercdrive.fr/image.ashx?id=2901983&use=l&cat=p&typeid=i","cat":318431},{"id":262493,"n":"Sauce bourguignonne Alélor - 170g","p":2.25,"u":"13,24 €/KG","img":"https://fd3-photos.leclercdrive.fr/image.ashx?id=2901980&use=l&cat=p&typeid=i","cat":318430},{"id":262494,"n":"Sauce pommes frites Alélor - 170g","p":2.25,"u":"13,24 €/KG","img":"https://fd3-photos.leclercdrive.fr/image.ashx?id=2901986&use=l&cat=p&typeid=i","cat":318431},{"id":262500,"n":"Bière Licorne Black Pack 6x25cl - 6% vol.","p":5.85,"u":"3,90 €/L","img":"https://fd3-photos.leclercdrive.fr/image.ashx?id=2901878&use=l&cat=p&typeid=i","cat":334852},{"id":262501,"n":"Bière Licorne White Pack 6x25cl - 6% vol.","p":5.78,"u":"3,85 €/L","img":"https://fd3-photos.leclercdrive.fr/image.ashx?id=2901881&use=l&cat=p&typeid=i","cat":334878},{"id":262502,"n":"Bière blanche de Bruxelles Rosée - pack 6x25cl  4.5% vol.","p":5.7,"u":"3,80 €/L","img":"https://fd3-photos.leclercdrive.fr/image.ashx?id=2901884&use=l&cat=p&typeid=i","cat":334878},{"id":262504,"n":"Ultra concentré Antésite Réglisse Gingembre - 13cl","p":3.69,"u":"28,38 €/L","img":"https://fd3-photos.leclercdrive.fr/image.ashx?id=2904101&use=l&cat=p&typeid=i","cat":295020},{"id":262514,"n":"Filets de cabillaud Costa  Sauvages - 375g","p":9.59,"u":"25,57 €/KG","img":"https://fd3-photos.leclercdrive.fr/image.ashx?id=2902259&use=l&cat=p&typeid=i","cat":319786},{"id":262515,"n":"Filets de saumon Costa Sauvages - 375g","p":9.59,"u":"25,57 €/KG","img":"https://fd3-photos.leclercdrive.fr/image.ashx?id=2902262&use=l&cat=p&typeid=i","cat":319786},{"id":262523,"n":"Biscuits Duo Kambly Eclats de noisette - 2x100g","p":3.95,"u":"19,75 €/KG","img":"https://fd3-photos.leclercdrive.fr/image.ashx?id=2902376&use=l&cat=p&typeid=i","cat":284488},{"id":262537,"n":"Sirop Menthe DC Comics - 60cl","p":3.0,"u":"5,00 €/L","img":"https://fd3-photos.leclercdrive.fr/image.ashx?id=2901830&use=l&cat=p&typeid=i","cat":295020},{"id":262541,"n":"Dés d'emmental Valmartin 500g","p":7.8,"u":"15,60 €/KG","img":"https://fd3-photos.leclercdrive.fr/image.ashx?id=2901923&use=l&cat=p&typeid=i","cat":314035},{"id":262544,"n":"Sirop Teisseire Défense Citron vert Gingembre - 60cl","p":3.55,"u":"5,92 €/L","img":"https://fd3-photos.leclercdrive.fr/image.ashx?id=2901767&use=l&cat=p&typeid=i","cat":295020},{"id":262545,"n":"Sirop Teisseire Tonus Fraise Kiwi - 60cl","p":3.55,"u":"5,92 €/L","img":"https://fd3-photos.leclercdrive.fr/image.ashx?id=2901758&use=l&cat=p&typeid=i","cat":295020},{"id":262546,"n":"Sirop Teisseire Relax Pêche Goyave - 60cl","p":3.55,"u":"5,92 €/L","img":"https://fd3-photos.leclercdrive.fr/image.ashx?id=2901764&use=l&cat=p&typeid=i","cat":295020},{"id":262547,"n":"Sirop Teisseire Boost Ananas Mangue - 60cl","p":3.55,"u":"5,92 €/L","img":"https://fd3-photos.leclercdrive.fr/image.ashx?id=2901761&use=l&cat=p&typeid=i","cat":295020},{"id":262853,"n":"Bière Somersby bte Citron Yuzu -50cl","p":1.88,"u":"3,76 €/L","img":"https://fd3-photos.leclercdrive.fr/image.ashx?id=2901728&use=l&cat=p&typeid=i","cat":334853},{"id":262854,"n":"Bière Somersby bte Pomme -50cl","p":1.93,"u":"3,86 €/L","img":"https://fd3-photos.leclercdrive.fr/image.ashx?id=2901725&use=l&cat=p&typeid=i","cat":334853},{"id":262860,"n":"Tablette Pure Via Chocolat blanc - 100g","p":2.37,"u":"23,70 €/KG","img":"https://fd3-photos.leclercdrive.fr/image.ashx?id=2902025&use=l&cat=p&typeid=i","cat":284957},{"id":262865,"n":"Tablette MMMAX Milka 250g","p":3.6,"u":"14,40 €/KG","img":"https://fd3-photos.leclercdrive.fr/image.ashx?id=3000444&use=l&cat=p&typeid=i","cat":284497},{"id":262867,"n":"Baume lèvres hydratant Labello x2","p":3.06,"u":"306,00 €/KG","img":"https://fd3-photos.leclercdrive.fr/image.ashx?id=2901581&use=l&cat=p&typeid=i","cat":285485},{"id":262868,"n":"Baume lèvre hydratant Labello","p":2.16,"u":"432,00 €/KG","img":"https://fd3-photos.leclercdrive.fr/image.ashx?id=2984676&use=l&cat=p&typeid=i","cat":285485},{"id":263009,"n":"Bières Softiz Framboise Sans alcool  6x27,5cl","p":3.19,"u":"1,93 €/L","img":"https://fd3-photos.leclercdrive.fr/image.ashx?id=2899935&use=l&cat=p&typeid=i","cat":334877},{"id":263108,"n":"Bouchées glacées Ben & Jerry  Cookie Dough 150g","p":5.0,"u":"33,33 €/KG","img":"https://fd3-photos.leclercdrive.fr/image.ashx?id=3009323&use=l&cat=p&typeid=i","cat":284725},{"id":263109,"n":"Ben & Jerry's Glace dessert Brownie Caramel Salé 150 gr","p":5.53,"u":"36,87 €/KG","img":"https://fd3-photos.leclercdrive.fr/image.ashx?id=2901181&use=l&cat=p&typeid=i","cat":284725},{"id":263112,"n":"Ben & Jerry's Glace pot Vegan Chocolate Fudge Brownie 465ml","p":5.17,"u":"11,12 €/L","img":"https://fd3-photos.leclercdrive.fr/image.ashx?id=2901172&use=l&cat=p&typeid=i","cat":284725},{"id":263113,"n":"Cornetto Soft Glace Italienne Mangue& Chocolat blanc 4x140ml","p":2.77,"u":"4,95 €/L","img":"https://fd3-photos.leclercdrive.fr/image.ashx?id=2901196&use=l&cat=p&typeid=i","cat":284264},{"id":263116,"n":"Mini bâtonnet Magnum  Double Noisette 6x55ml","p":4.04,"u":"12,24 €/L","img":"https://fd3-photos.leclercdrive.fr/image.ashx?id=2901190&use=l&cat=p&typeid=i","cat":284265},{"id":263120,"n":"Compote Charles & Alice Pêche mûre ananas - 12x100g","p":4.27,"u":"3,56 €/KG","img":"https://fd3-photos.leclercdrive.fr/image.ashx?id=2908054&use=l&cat=p&typeid=i","cat":284416},{"id":263130,"n":"Magnum Glace Bâtonnet  Double Noisette 4x85ml","p":4.04,"u":"11,88 €/L","img":"https://fd3-photos.leclercdrive.fr/image.ashx?id=3009326&use=l&cat=p&typeid=i","cat":284265},{"id":263131,"n":"Bâtonnet Magnum Utopia Double Fruits Rouges 4x85ml","p":4.97,"u":"14,62 €/L","img":"https://fd3-photos.leclercdrive.fr/image.ashx?id=3014650&use=l&cat=p&typeid=i","cat":284265},{"id":263132,"n":"Glace Bonbon Dessert Magnum Gold Caramel Billionaire 168g","p":4.06,"u":"24,17 €/KG","img":"https://fd3-photos.leclercdrive.fr/image.ashx?id=3009320&use=l&cat=p&typeid=i","cat":284266},{"id":263133,"n":"Magnum Glace Bonbon Dessert Caramel Salé & Amande x12","p":5.18,"u":"28,00 €/KG","img":"https://fd3-photos.leclercdrive.fr/image.ashx?id=2901178&use=l&cat=p&typeid=i","cat":284266},{"id":263134,"n":"Magnum Glace Bâtonnet Vegan Sorbet Myrtille Chill 3x90ml","p":3.47,"u":"12,85 €/L","img":"https://fd3-photos.leclercdrive.fr/image.ashx?id=2901193&use=l&cat=p&typeid=i","cat":284265},{"id":263154,"n":"Saumon MSC haché Yooji dès 4 mois 80g","p":5.25,"u":"65,63 €/KG","img":"https://fd3-photos.leclercdrive.fr/image.ashx?id=3008893&use=l&cat=p&typeid=i","cat":290631},{"id":263248,"n":"Mini pots Häagen-Dazs  Essential Collection x4 - 324g","p":5.12,"u":"15,80 €/KG","img":"https://fd3-photos.leclercdrive.fr/image.ashx?id=2900926&use=l&cat=p&typeid=i","cat":284725},{"id":263282,"n":"Désinfectant linge Textil 1,5L","p":1.99,"u":"1,33 €/L","img":"https://fd3-photos.leclercdrive.fr/image.ashx?id=2958768&use=l&cat=p&typeid=i","cat":290451},{"id":263325,"n":"Culottes Drynites Huggies Megapack Garçon +13 ans x11","p":12.27,"u":"1,12 €/P","img":"https://fd3-photos.leclercdrive.fr/image.ashx?id=2902286&use=l&cat=p&typeid=i","cat":290633},{"id":263328,"n":"Bonbons Lutti Bubblizz Piquants - 300g","p":1.67,"u":"5,57 €/KG","img":"https://fd3-photos.leclercdrive.fr/image.ashx?id=2900983&use=l&cat=p&typeid=i","cat":304250},{"id":263626,"n":"Basilic Panier du Primeur 20g","p":1.49,"u":"74,50 €/KG","img":"https://fd3-photos.leclercdrive.fr/image.ashx?id=2897874&use=l&cat=p&typeid=i","cat":293607},{"id":263629,"n":"Ciboulette Panier du Primeur 20g","p":1.49,"u":"74,50 €/KG","img":"https://fd3-photos.leclercdrive.fr/image.ashx?id=2897880&use=l&cat=p&typeid=i","cat":293607},{"id":263635,"n":"Persil Plat Panier du Primeur 20g","p":1.49,"u":"74,50 €/KG","img":"https://fd3-photos.leclercdrive.fr/image.ashx?id=2899836&use=l&cat=p&typeid=i","cat":293607},{"id":263698,"n":"Bière Softiz  Agrumes 6x27,5cl","p":3.33,"u":"2,02 €/L","img":"https://fd3-photos.leclercdrive.fr/image.ashx?id=2902529&use=l&cat=p&typeid=i","cat":334877},{"id":263701,"n":"Glace cône Extreme Framboise & Brownies - 6x71g","p":3.57,"u":"8,38 €/KG","img":"https://fd3-photos.leclercdrive.fr/image.ashx?id=2904182&use=l&cat=p&typeid=i","cat":284264},{"id":263702,"n":"Glace cône Extreme Salted caramel - 6x71g","p":3.57,"u":"8,38 €/KG","img":"https://fd3-photos.leclercdrive.fr/image.ashx?id=2904185&use=l&cat=p&typeid=i","cat":284264},{"id":263705,"n":"Glace cône Extrême Vanille/ chocolat - 6x71g","p":2.9,"u":"6,81 €/KG","img":"https://fd3-photos.leclercdrive.fr/image.ashx?id=2904188&use=l&cat=p&typeid=i","cat":284264},{"id":263734,"n":"Culottes Tena Silouette plus  Taille basse - x10","p":8.09,"u":"0,81 €/P","img":"https://fd3-photos.leclercdrive.fr/image.ashx?id=2904434&use=l&cat=p&typeid=i","cat":284628},{"id":263735,"n":"Culottes Tena Silouette Plus  Taille basse - x12","p":9.37,"u":"0,78 €/P","img":"https://fd3-photos.leclercdrive.fr/image.ashx?id=2904437&use=l&cat=p&typeid=i","cat":284628},{"id":263737,"n":"Culottes Tena  Silouette Plus  Taille basse - x10","p":7.88,"u":"0,79 €/P","img":"https://fd3-photos.leclercdrive.fr/image.ashx?id=2904440&use=l&cat=p&typeid=i","cat":284628},{"id":263738,"n":"Culottes Tena Silouette Plus  Taille haute - x9","p":6.94,"u":"0,77 €/P","img":"https://fd3-photos.leclercdrive.fr/image.ashx?id=3011884&use=l&cat=p&typeid=i","cat":284628},{"id":263740,"n":"Culottes Tena Nuit Taille L - x12","p":14.45,"u":"1,20 €/P","img":"https://fd3-photos.leclercdrive.fr/image.ashx?id=2904446&use=l&cat=p&typeid=i","cat":284628},{"id":263741,"n":"Culottes Tena Nuit  Taille M - x12","p":13.87,"u":"1,16 €/P","img":"https://fd3-photos.leclercdrive.fr/image.ashx?id=2904449&use=l&cat=p&typeid=i","cat":284628},{"id":263742,"n":"Culottes Tena Taille M - x9","p":8.27,"u":"0,92 €/P","img":"https://fd3-photos.leclercdrive.fr/image.ashx?id=2904452&use=l&cat=p&typeid=i","cat":284628},{"id":263743,"n":"Culottes Tena  Taille L x 8","p":8.53,"u":"1,07 €/P","img":"https://fd3-photos.leclercdrive.fr/image.ashx?id=2904455&use=l&cat=p&typeid=i","cat":284628},{"id":263746,"n":"Culottes Tena  Taille XL - x12","p":17.18,"u":"1,43 €/P","img":"https://fd3-photos.leclercdrive.fr/image.ashx?id=2904458&use=l&cat=p&typeid=i","cat":284628},{"id":263869,"n":"Riz pour risotto Taureau Ailé 500g","p":1.82,"u":"3,64 €/KG","img":"https://fd3-photos.leclercdrive.fr/image.ashx?id=2904389&use=l&cat=p&typeid=i","cat":284428},{"id":263873,"n":"Riz long Kamâlis Taureau Ailé - 500g","p":2.7,"u":"5,40 €/KG","img":"https://fd3-photos.leclercdrive.fr/image.ashx?id=2904386&use=l&cat=p&typeid=i","cat":284428},{"id":263918,"n":"Nouilles instantanées Daisuki Poulet Yakitori - 93g","p":2.37,"u":"25,48 €/KG","img":"https://fd3-photos.leclercdrive.fr/image.ashx?id=2904646&use=l&cat=p&typeid=i","cat":288992},{"id":264049,"n":"Limoncè aperitivo 14.8% vol. 70cl","p":12.43,"u":"17,76 €/L","img":"https://fd3-photos.leclercdrive.fr/image.ashx?id=2906850&use=l&cat=p&typeid=i","cat":286032},{"id":264060,"n":"Popcorn Werther's Original  Caramel 140g","p":2.01,"u":"14,36 €/KG","img":"https://fd3-photos.leclercdrive.fr/image.ashx?id=2906736&use=l&cat=p&typeid=i","cat":304249},{"id":264175,"n":"Bière Pietra Limoncella 3x33cl","p":6.17,"u":"6,23 €/L","img":"https://fd3-photos.leclercdrive.fr/image.ashx?id=2906454&use=l&cat=p&typeid=i","cat":334878},{"id":264347,"n":"1/4 Thon entier au naturel Un Pêcheur sachant Pecher 140g","p":2.26,"u":"16,14 €/KG","img":"https://fd3-photos.leclercdrive.fr/image.ashx?id=2906298&use=l&cat=p&typeid=i","cat":303867},{"id":264349,"n":"1/6 Thon entier au naturel Un Pecheur sachant Pecher 93g","p":1.72,"u":"18,49 €/KG","img":"https://fd3-photos.leclercdrive.fr/image.ashx?id=2906304&use=l&cat=p&typeid=i","cat":303867},{"id":264358,"n":"Boxer de protection Homme Tena Noir Réutilisable - Taille L","p":25.22,"img":"https://fd3-photos.leclercdrive.fr/image.ashx?id=2906820&use=l&cat=p&typeid=i","cat":291514},{"id":264359,"n":"Brassé végétal Andros Sur lit de marron 4x100g","p":2.87,"u":"7,18 €/KG","img":"https://fd3-photos.leclercdrive.fr/image.ashx?id=2906496&use=l&cat=p&typeid=i","cat":316071},{"id":264361,"n":"Boxer protection Homme Tena Noir Réutilisable - Taille XL","p":24.97,"img":"https://fd3-photos.leclercdrive.fr/image.ashx?id=2906823&use=l&cat=p&typeid=i","cat":291514},{"id":264362,"n":"Compote Coeur de fruits Andros Pomme poire 4x100g","p":1.49,"u":"3,73 €/KG","img":"https://fd3-photos.leclercdrive.fr/image.ashx?id=2906487&use=l&cat=p&typeid=i","cat":284416},{"id":264373,"n":"P'tit Savane Tornado Brossard Roulés à la fraise - x7 - 175g","p":2.25,"u":"12,86 €/KG","img":"https://fd3-photos.leclercdrive.fr/image.ashx?id=2966089&use=l&cat=p&typeid=i","cat":284495},{"id":264374,"n":"Compote Coeur de fruits Andros Pomme abricot 4x100g","p":1.21,"u":"3,03 €/KG","img":"https://fd3-photos.leclercdrive.fr/image.ashx?id=2907352&use=l&cat=p&typeid=i","cat":284416},{"id":264376,"n":"Compote Coeur de fruits Pomme mangue 4x100g","p":1.21,"u":"3,03 €/KG","img":"https://fd3-photos.leclercdrive.fr/image.ashx?id=2907641&use=l&cat=p&typeid=i","cat":284416},{"id":264377,"n":"Compote Coeur de fruits Andros Pomme fraise 4x100g","p":1.83,"u":"4,58 €/KG","img":"https://fd3-photos.leclercdrive.fr/image.ashx?id=2907355&use=l&cat=p&typeid=i","cat":284416},{"id":264378,"n":"Compote Coeur de fruits Andros Pomme pruneau 4x100g","p":1.45,"u":"3,63 €/KG","img":"https://fd3-photos.leclercdrive.fr/image.ashx?id=2907358&use=l&cat=p&typeid=i","cat":284416},{"id":264381,"n":"Compote Coeur de fruits Andros Ananas pomme passion 4x97g","p":2.07,"u":"5,34 €/KG","img":"https://fd3-photos.leclercdrive.fr/image.ashx?id=2910180&use=l&cat=p&typeid=i","cat":284416},{"id":264392,"n":"Savane Brossard coeur choco Max de sensation - x6 - 180g","p":2.47,"u":"13,72 €/KG","img":"https://fd3-photos.leclercdrive.fr/image.ashx?id=2906502&use=l&cat=p&typeid=i","cat":284495},{"id":264416,"n":"Tartelette BN Chocolat - 100g","p":1.27,"u":"12,70 €/KG","img":"https://fd3-photos.leclercdrive.fr/image.ashx?id=2907881&use=l&cat=p&typeid=i","cat":284488},{"id":264417,"n":"Biscuits BN Del'ice Choco Brownie - 185g","p":1.97,"u":"10,65 €/KG","img":"https://fd3-photos.leclercdrive.fr/image.ashx?id=2907884&use=l&cat=p&typeid=i","cat":284488},{"id":264418,"n":"Biscuits BN Del'ice Cookie Dough - 175g","p":1.87,"u":"10,69 €/KG","img":"https://fd3-photos.leclercdrive.fr/image.ashx?id=2907887&use=l&cat=p&typeid=i","cat":325066},{"id":264421,"n":"Sauce Nautilus Thonara - 250g","p":3.74,"u":"14,96 €/KG","img":"https://fd3-photos.leclercdrive.fr/image.ashx?id=2908093&use=l&cat=p&typeid=i","cat":318430},{"id":264422,"n":"Sauce Nautilus Tholognaise - 250g","p":3.75,"u":"15,00 €/KG","img":"https://fd3-photos.leclercdrive.fr/image.ashx?id=2908096&use=l&cat=p&typeid=i","cat":299047},{"id":264424,"n":"Sauce Nautilus Pesthon Basilic - 180g","p":3.77,"u":"20,94 €/KG","img":"https://fd3-photos.leclercdrive.fr/image.ashx?id=2908099&use=l&cat=p&typeid=i","cat":287599},{"id":264426,"n":"Sauce Nautilus Pesthon rouge - 180g","p":3.93,"u":"21,83 €/KG","img":"https://fd3-photos.leclercdrive.fr/image.ashx?id=2908102&use=l&cat=p&typeid=i","cat":284451},{"id":264427,"n":"Jus multivitamines Tropicana Fruits rouges - 90cl","p":2.97,"u":"3,30 €/L","img":"https://fd3-photos.leclercdrive.fr/image.ashx?id=3010822&use=l&cat=p&typeid=i","cat":284354},{"id":264431,"n":"Matière grasse végétale Flora Doux à tartiner - 250g","p":2.29,"pp":1.51,"u":"6,04 €/KG","img":"https://fd3-photos.leclercdrive.fr/image.ashx?id=2908381&use=l&cat=p&typeid=i","cat":315229},{"id":264432,"n":"Matière grasse végétale Flora Demi-sel à tartiner - 250g","p":2.29,"pp":1.51,"u":"6,04 €/KG","img":"https://fd3-photos.leclercdrive.fr/image.ashx?id=2908384&use=l&cat=p&typeid=i","cat":315229},{"id":264439,"n":"Miel de fleurs Les Apiculteurs  Crémeux - 500g","p":4.95,"u":"9,90 €/KG","img":"https://fd3-photos.leclercdrive.fr/image.ashx?id=2917885&use=l&cat=p&typeid=i","cat":287643},{"id":264692,"n":"Croque-Monsieur Maxi Herta jambon fromage x2 - 310g","p":3.08,"u":"9,94 €/KG","img":"https://fd3-photos.leclercdrive.fr/image.ashx?id=2907941&use=l&cat=p&typeid=i","cat":333671},{"id":264694,"n":"Cheetos crispy Balls  90g","p":1.07,"u":"11,89 €/KG","img":"https://fd3-photos.leclercdrive.fr/image.ashx?id=2907962&use=l&cat=p&typeid=i","cat":284449},{"id":264696,"n":"Cheetos crunchy Fromage - 90g","p":1.17,"u":"13,00 €/KG","img":"https://fd3-photos.leclercdrive.fr/image.ashx?id=2907965&use=l&cat=p&typeid=i","cat":284449},{"id":264700,"n":"Cheetos crunchy Sweet Chili - 90g","p":1.29,"u":"14,33 €/KG","img":"https://fd3-photos.leclercdrive.fr/image.ashx?id=2907968&use=l&cat=p&typeid=i","cat":284449},{"id":264707,"n":"Cheetos original  135g","p":1.47,"u":"10,89 €/KG","img":"https://fd3-photos.leclercdrive.fr/image.ashx?id=2907956&use=l&cat=p&typeid=i","cat":284449},{"id":264708,"n":"Cheetos original  Fromage - 80g","p":0.87,"u":"10,88 €/KG","img":"https://fd3-photos.leclercdrive.fr/image.ashx?id=2907959&use=l&cat=p&typeid=i","cat":284449},{"id":264713,"n":"Kit crousti'fajitas Old El Paso Extra doux - 521g","p":5.0,"u":"9,60 €/KG","img":"https://fd3-photos.leclercdrive.fr/image.ashx?id=2908354&use=l&cat=p&typeid=i","cat":288993},{"id":264729,"n":"Bonbons Têtes Brûlées Yaaah ! Sakura & Mangue Wasabi - 180g","p":2.17,"u":"12,06 €/KG","img":"https://fd3-photos.leclercdrive.fr/image.ashx?id=2907021&use=l&cat=p&typeid=i","cat":304250},{"id":264781,"n":"Décor pour gateaux Vahiné Langues étrangers - x1","p":1.27,"img":"https://fd3-photos.leclercdrive.fr/image.ashx?id=2907300&use=l&cat=p&typeid=i","cat":284504},{"id":264788,"n":"Brooklyn Stonewall Inn IPA 50cl","p":2.48,"u":"4,96 €/L","img":"https://fd3-photos.leclercdrive.fr/image.ashx?id=2907569&use=l&cat=p&typeid=i","cat":334853},{"id":264791,"n":"Biscuit au Pop corn P'tit Déli Fourrés chocolat au lait - 150g","p":1.89,"u":"12,60 €/KG","img":"https://fd3-photos.leclercdrive.fr/image.ashx?id=2907303&use=l&cat=p&typeid=i","cat":284488},{"id":264792,"n":"Mon 1er biscuit Mots d'enfants Dès 10 mois - 120g","p":1.55,"u":"12,92 €/KG","img":"https://fd3-photos.leclercdrive.fr/image.ashx?id=2907306&use=l&cat=p&typeid=i","cat":312394},{"id":264799,"n":"Bière Blonde Lager 5 Spéciale 5% - 10x25cl","p":5.52,"u":"2,21 €/L","img":"https://fd3-photos.leclercdrive.fr/image.ashx?id=2954112&use=l&cat=p&typeid=i","cat":334873},{"id":264903,"n":"La Panée soja Garden Gourmet 207g","p":2.65,"u":"12,80 €/KG","img":"https://fd3-photos.leclercdrive.fr/image.ashx?id=2980155&use=l&cat=p&typeid=i","cat":316036},{"id":264904,"n":"Le Classique soja  Garden Gourmet 173g","p":2.63,"u":"15,20 €/KG","img":"https://fd3-photos.leclercdrive.fr/image.ashx?id=2965319&use=l&cat=p&typeid=i","cat":316036},{"id":264959,"n":"Halloumi AOP Les Croisés 200g","p":2.66,"u":"13,30 €/KG","img":"https://fd3-photos.leclercdrive.fr/image.ashx?id=3009532&use=l&cat=p&typeid=i","cat":314026},{"id":264960,"n":"Box XXL Radiatori Côté Snack Boeuf poivre 400g","p":2.99,"u":"7,48 €/KG","img":"https://fd3-photos.leclercdrive.fr/image.ashx?id=2907494&use=l&cat=p&typeid=i","cat":334983},{"id":264963,"n":"Box XXL Radiatori Côté Snack Saumon 400g","p":2.99,"u":"7,48 €/KG","img":"https://fd3-photos.leclercdrive.fr/image.ashx?id=2907497&use=l&cat=p&typeid=i","cat":334983},{"id":265105,"n":"Jambon supérieur  L'Atelier Charcuterie 4T 220g","p":3.47,"u":"15,77 €/KG","img":"https://fd3-photos.leclercdrive.fr/image.ashx?id=2999054&use=l&cat=p&typeid=i","cat":316009},{"id":265108,"n":"Jambon supérieur  L'Atelier Charcuterie 6T - 330g","p":5.12,"u":"15,52 €/KG","img":"https://fd3-photos.leclercdrive.fr/image.ashx?id=2928162&use=l&cat=p&typeid=i","cat":316009},{"id":265151,"n":"Fromage enfant Mini Babybel  22 portions 484g","p":8.59,"u":"17,75 €/KG","img":"https://fd3-photos.leclercdrive.fr/image.ashx?id=2935843&use=l&cat=p&typeid=i","cat":314030},{"id":265152,"n":"Fromage apéritif Apéricube Soirée match 48 cubes 250g","p":4.17,"u":"16,68 €/KG","img":"https://fd3-photos.leclercdrive.fr/image.ashx?id=2908915&use=l&cat=p&typeid=i","cat":314027},{"id":265218,"n":"Pomme de terre grenaille Panier du Primeur 1kg","p":1.99,"u":"1,99 €/KG","img":"https://fd3-photos.leclercdrive.fr/image.ashx?id=2907416&use=l&cat=p&typeid=i","cat":284352},{"id":265268,"n":"Dès de fromage salade Boursin Herbes méditerranéennes - 120g","p":2.07,"u":"17,25 €/KG","img":"https://fd3-photos.leclercdrive.fr/image.ashx?id=2908912&use=l&cat=p&typeid=i","cat":314027},{"id":265286,"n":"Whiskas Temptations Junior Milky Treats 50g","p":1.74,"u":"34,80 €/KG","img":"https://fd3-photos.leclercdrive.fr/image.ashx?id=2909704&use=l&cat=p&typeid=i","cat":285286},{"id":265289,"n":"Boisson pétillante d'Artigny fruits rouges sans alcool 75cl","p":3.53,"u":"4,71 €/L","img":"https://fd3-photos.leclercdrive.fr/image.ashx?id=2911175&use=l&cat=p&typeid=i","cat":284544},{"id":265346,"n":"Cornichons Kühne Petits  croquants Aigres-doux - 190g","p":2.36,"u":"12,42 €/KG","img":"https://fd3-photos.leclercdrive.fr/image.ashx?id=2911930&use=l&cat=p&typeid=i","cat":284458},{"id":265347,"n":"Riz Taureau Ailé Kamâlis du Cambodge - 750g","p":3.83,"u":"5,11 €/KG","img":"https://fd3-photos.leclercdrive.fr/image.ashx?id=2912500&use=l&cat=p&typeid=i","cat":284428},{"id":265443,"n":"Martini Bianco 14.5° - 1L","p":9.25,"u":"9,25 €/L","img":"https://fd3-photos.leclercdrive.fr/image.ashx?id=2941952&use=l&cat=p&typeid=i","cat":284913},{"id":265446,"n":"Martini Fiero 14.5° - 1L","p":10.28,"u":"10,28 €/L","img":"https://fd3-photos.leclercdrive.fr/image.ashx?id=2911573&use=l&cat=p&typeid=i","cat":284913},{"id":265449,"n":"Martini rosato 14.5° - 1L","p":9.25,"u":"9,25 €/L","img":"https://fd3-photos.leclercdrive.fr/image.ashx?id=2941946&use=l&cat=p&typeid=i","cat":284913},{"id":265450,"n":"Martini rosso 14.5° - 1L","p":9.25,"u":"9,25 €/L","img":"https://fd3-photos.leclercdrive.fr/image.ashx?id=2941949&use=l&cat=p&typeid=i","cat":284913},{"id":265459,"n":"Lessive en poudre Rainett Aloe vera - 1.45kg","p":6.8,"u":"4,69 €/KG","img":"https://fd3-photos.leclercdrive.fr/image.ashx?id=2912539&use=l&cat=p&typeid=i","cat":284642},{"id":265466,"n":"Applicateur Baranne Blancheur baskets - 75ml","p":2.07,"u":"27,60 €/L","img":"https://fd3-photos.leclercdrive.fr/image.ashx?id=2914705&use=l&cat=p&typeid=i","cat":285201},{"id":265470,"n":"Désodorisant baskets Baranne Fraîcheur - 100ml","p":3.47,"u":"34,70 €/L","img":"https://fd3-photos.leclercdrive.fr/image.ashx?id=2914702&use=l&cat=p&typeid=i","cat":285201},{"id":265492,"n":"Applicateur express Baranne Incolore - 75ml","p":2.7,"u":"36,00 €/L","img":"https://fd3-photos.leclercdrive.fr/image.ashx?id=2914699&use=l&cat=p&typeid=i","cat":285201},{"id":265495,"n":"Applicateur express Baranne Noir - 75ml","p":2.07,"u":"0,03 €/M3","img":"https://fd3-photos.leclercdrive.fr/image.ashx?id=2912503&use=l&cat=p&typeid=i","cat":285201},{"id":265498,"n":"Panier surprise anti-gaspi Produits frais - 1 panier","p":12.0,"img":"https://fd3-photos.leclercdrive.fr/image.ashx?id=2861285&use=l&cat=p&typeid=i","cat":326552},{"id":265506,"n":"Lingettes sèches balai Swiffer Attrape-poussière - x36","p":8.11,"img":"https://fd3-photos.leclercdrive.fr/image.ashx?id=2911585&use=l&cat=p&typeid=i","cat":325364},{"id":265508,"n":"Kit démarrage plumeau Swiffer 1 manche + 4 recharges","p":4.88,"img":"https://fd3-photos.leclercdrive.fr/image.ashx?id=3011938&use=l&cat=p&typeid=i","cat":325364},{"id":265513,"n":"Liquide adoucissant Lenor Fleur de jasmin 882ml","p":4.82,"u":"5,46 €/L","img":"https://fd3-photos.leclercdrive.fr/image.ashx?id=2917103&use=l&cat=p&typeid=i","cat":284650},{"id":265514,"n":"Adoucissant Lenor collection Jasmin et rose de mai 1.155L","p":4.53,"u":"3,92 €/L","img":"https://fd3-photos.leclercdrive.fr/image.ashx?id=2912701&use=l&cat=p&typeid=i","cat":284650},{"id":265515,"n":"Adoucissant liquide Lenor Peaux sensibles - 882ml x42","p":4.83,"u":"5,48 €/L","img":"https://fd3-photos.leclercdrive.fr/image.ashx?id=2917100&use=l&cat=p&typeid=i","cat":284650},{"id":265517,"n":"Lingettes humides balai Swiffer Attrape-poussière Citron x10","p":5.93,"img":"https://fd3-photos.leclercdrive.fr/image.ashx?id=2912698&use=l&cat=p&typeid=i","cat":325364},{"id":265518,"n":"Nettoyant liquide Mr Propre Multi-usages - Citron - 1.5L","p":2.88,"u":"1,92 €/L","img":"https://fd3-photos.leclercdrive.fr/image.ashx?id=2912695&use=l&cat=p&typeid=i","cat":284907},{"id":265519,"n":"Adoucissant Lenor Fresh Air Jardins en fleurs - 504ml x36","p":4.53,"u":"8,99 €/L","img":"https://fd3-photos.leclercdrive.fr/image.ashx?id=2912686&use=l&cat=p&typeid=i","cat":284650},{"id":265521,"n":"Parfum de linge Lenor Fraîcheur florale - 235g - x19","p":7.84,"u":"33,36 €/KG","img":"https://fd3-photos.leclercdrive.fr/image.ashx?id=2912692&use=l&cat=p&typeid=i","cat":325302},{"id":265545,"n":"Multipack Dragibus - Haribo Summer Pinata Party - 800g","p":6.51,"u":"8,14 €/KG","img":"https://fd3-photos.leclercdrive.fr/image.ashx?id=2911927&use=l&cat=p&typeid=i","cat":304250},{"id":265764,"n":"Multipack Tagada - Haribo Summer Pinata Party - 660g","p":5.04,"u":"7,64 €/KG","img":"https://fd3-photos.leclercdrive.fr/image.ashx?id=2999856&use=l&cat=p&typeid=i","cat":304250},{"id":265772,"n":"Concentré à diluer Pulco Citron Gingembre - 70cl","p":2.44,"u":"3,49 €/L","img":"https://fd3-photos.leclercdrive.fr/image.ashx?id=2941532&use=l&cat=p&typeid=i","cat":295020},{"id":265796,"n":"Lingettes désinfectantes Sanytol - Eucalyptus x160","p":3.18,"img":"https://fd3-photos.leclercdrive.fr/image.ashx?id=2966430&use=l&cat=p&typeid=i","cat":325358},{"id":265799,"n":"Désodorisant Febreze Linge frais - x3 recharges","p":7.86,"u":"393,00 €/L","img":"https://fd3-photos.leclercdrive.fr/image.ashx?id=2912680&use=l&cat=p&typeid=i","cat":311629},{"id":265800,"n":"Recharges désodorisant Febreze Linge frais - x3 - 20ml","p":5.49,"u":"274,50 €/L","img":"https://fd3-photos.leclercdrive.fr/image.ashx?id=2912683&use=l&cat=p&typeid=i","cat":311629},{"id":265803,"n":"Dentifrice Elmex Email Clinical Expert - Soin email - 2x75ml","p":11.04,"u":"73,60 €/L","img":"https://fd3-photos.leclercdrive.fr/image.ashx?id=2911597&use=l&cat=p&typeid=i","cat":284612},{"id":265816,"n":"Dentifrice Parodontax Renforce & protège Blancheur - 75ml","p":5.19,"u":"69,20 €/MT","img":"https://fd3-photos.leclercdrive.fr/image.ashx?id=2911558&use=l&cat=p&typeid=i","cat":284612},{"id":265818,"n":"Lessive liquide Omo Monoï - 1,76L","p":9.19,"u":"5,21 €/L","img":"https://fd3-photos.leclercdrive.fr/image.ashx?id=2911624&use=l&cat=p&typeid=i","cat":284640},{"id":265832,"n":"Rasoir Hydro 5 - Wilkinson Face Groomer","p":15.19,"u":"Dont 0,10 € d'éco-part.","img":"https://fd3-photos.leclercdrive.fr/image.ashx?id=2963853&use=l&cat=p&typeid=i","cat":284616},{"id":265834,"n":"Lessive liquide Omo Lavande & Patchouli - 1,76L","p":7.7,"u":"4,37 €/L","img":"https://fd3-photos.leclercdrive.fr/image.ashx?id=2911627&use=l&cat=p&typeid=i","cat":284640},{"id":265837,"n":"Lessive liquide Omo Mangue & fleurs - 1,76L","p":10.27,"u":"5,84 €/L","img":"https://fd3-photos.leclercdrive.fr/image.ashx?id=2911630&use=l&cat=p&typeid=i","cat":284640},{"id":265859,"n":"Goûter laitier Récré O'lé  Saveur biscuit x20  - 1.7kg","p":10.6,"u":"6,24 €/KG","img":"https://fd3-photos.leclercdrive.fr/image.ashx?id=2913352&use=l&cat=p&typeid=i","cat":284506},{"id":265913,"n":"Lessive en capsule Dash 2 en 1 Fraîcheur de coton - 696g","p":13.88,"u":"19,94 €/KG","img":"https://fd3-photos.leclercdrive.fr/image.ashx?id=2914873&use=l&cat=p&typeid=i","cat":284641},{"id":265920,"n":"Tablette lave-vaisselle Fairy  Platinium Anti-terne - 388g","p":9.97,"u":"25,70 €/KG","img":"https://fd3-photos.leclercdrive.fr/image.ashx?id=2914879&use=l&cat=p&typeid=i","cat":284656},{"id":265921,"n":"Capsules lave-vaisselle Fairy Platinium Plus anti-terne 388g","p":8.35,"u":"21,52 €/KG","img":"https://fd3-photos.leclercdrive.fr/image.ashx?id=2914189&use=l&cat=p&typeid=i","cat":284656},{"id":265937,"n":"Lessive liquide Skip Couleur Protect 2x37 - 2.960L","p":19.15,"u":"6,47 €/L","img":"https://fd3-photos.leclercdrive.fr/image.ashx?id=2914249&use=l&cat=p&typeid=i","cat":284640},{"id":265941,"n":"Dentifrice Sensodyne Soin gencives 3x75ml","p":9.83,"pp":5.9,"u":"26,22 €/L","img":"https://fd3-photos.leclercdrive.fr/image.ashx?id=3009020&use=l&cat=p&typeid=i","cat":284612},{"id":265947,"n":"Dentifrice Sensodyne  Soin complet 3x75ml","p":9.83,"pp":5.9,"u":"26,22 €/L","img":"https://fd3-photos.leclercdrive.fr/image.ashx?id=3009023&use=l&cat=p&typeid=i","cat":284612},{"id":265950,"n":"Dentifrice Sensodyne Soin blancheur 3x75ml","p":9.83,"pp":5.9,"u":"26,22 €/L","img":"https://fd3-photos.leclercdrive.fr/image.ashx?id=3009026&use=l&cat=p&typeid=i","cat":284612},{"id":266058,"n":"Arôme Melfor 20cl","p":1.78,"u":"8,90 €/L","img":"https://fd3-photos.leclercdrive.fr/image.ashx?id=2913862&use=l&cat=p&typeid=i","cat":318430},{"id":266060,"n":"Fromage frais Alsace Lait Nature salé à tartiner - 250g","p":1.96,"u":"7,84 €/KG","img":"https://fd3-photos.leclercdrive.fr/image.ashx?id=2913892&use=l&cat=p&typeid=i","cat":314029},{"id":266061,"n":"Fromage frais Alsace Lait ail fines herbes - 250g","p":2.09,"u":"8,36 €/KG","img":"https://fd3-photos.leclercdrive.fr/image.ashx?id=2913895&use=l&cat=p&typeid=i","cat":314029},{"id":266064,"n":"Skyr nature Alsace Lait 0% MG - 750g","p":3.93,"u":"5,24 €/KG","img":"https://fd3-photos.leclercdrive.fr/image.ashx?id=2913904&use=l&cat=p&typeid=i","cat":315000},{"id":266071,"n":"Fromage blanc Alsace Lait 0% MG - 1kg","p":3.17,"u":"3,17 €/KG","img":"https://fd3-photos.leclercdrive.fr/image.ashx?id=2913910&use=l&cat=p&typeid=i","cat":284409},{"id":266081,"n":"Purée quelle saucisse! Fumées cuites - Comté  240g","p":4.78,"u":"19,92 €/KG","img":"https://fd3-photos.leclercdrive.fr/image.ashx?id=2916908&use=l&cat=p&typeid=i","cat":316012},{"id":266088,"n":"Adoucissant Cajoline Creations Brise de muguet 1.386L x66","p":5.96,"u":"4,30 €/L","img":"https://fd3-photos.leclercdrive.fr/image.ashx?id=2914240&use=l&cat=p&typeid=i","cat":284650},{"id":266093,"n":"Adoucissant Lenor Envolée d'air - x55 - 1.155L","p":4.53,"u":"3,92 €/L","img":"https://fd3-photos.leclercdrive.fr/image.ashx?id=2914171&use=l&cat=p&typeid=i","cat":284650},{"id":266096,"n":"Shampooing Head & Shoulders DermaxPro - Apaise - 250ml","p":3.84,"u":"15,36 €/L","img":"https://fd3-photos.leclercdrive.fr/image.ashx?id=2914138&use=l&cat=p&typeid=i","cat":284606},{"id":266097,"n":"Pâtes Panzani  Serpentini - 1kg","p":2.18,"u":"2,18 €/KG","img":"https://fd3-photos.leclercdrive.fr/image.ashx?id=2914456&use=l&cat=p&typeid=i","cat":284427},{"id":266102,"n":"Baume lèvres hydratant Labello x2","p":3.57,"u":"357,00 €/KG","img":"https://fd3-photos.leclercdrive.fr/image.ashx?id=2913811&use=l&cat=p&typeid=i","cat":285485},{"id":266104,"n":"Lait corps nourissant Nivea Peaux sèches - 400ml","p":4.54,"u":"11,35 €/L","img":"https://fd3-photos.leclercdrive.fr/image.ashx?id=2977639&use=l&cat=p&typeid=i","cat":325349},{"id":266105,"n":"Nettoyant lave-vaisselle Finish Protector - 30g","p":3.44,"u":"114,67 €/KG","img":"https://fd3-photos.leclercdrive.fr/image.ashx?id=2914894&use=l&cat=p&typeid=i","cat":284657},{"id":266107,"n":"Gel WC Harpic Power Plus 750ml","p":2.13,"u":"2,84 €/L","img":"https://fd3-photos.leclercdrive.fr/image.ashx?id=2914027&use=l&cat=p&typeid=i","cat":284662},{"id":266110,"n":"Bloc WC Harpic Hygienic & Fresh 2.0 Agrume - x2","p":1.97,"img":"https://fd3-photos.leclercdrive.fr/image.ashx?id=2914633&use=l&cat=p&typeid=i","cat":284662},{"id":266111,"n":"Bloc WC Harpic Hygienic & Fresh 2.0 Marine - x2","p":2.07,"img":"https://fd3-photos.leclercdrive.fr/image.ashx?id=2914024&use=l&cat=p&typeid=i","cat":284662},{"id":266123,"n":"Jambon Sec fines et fondantes Aoste nature 4 tranches - 67g","p":2.67,"u":"39,85 €/KG","img":"https://fd3-photos.leclercdrive.fr/image.ashx?id=2937196&use=l&cat=p&typeid=i","cat":316007},{"id":266139,"n":"Gel WC Harpic Power Plus Marine - 750ml","p":2.35,"u":"3,13 €/L","img":"https://fd3-photos.leclercdrive.fr/image.ashx?id=2914021&use=l&cat=p&typeid=i","cat":284662},{"id":266140,"n":"Capsules lave-vaisselle Finish Ultimate Plus - x47 - 573g","p":11.88,"pp":7.13,"u":"12,44 €/KG","img":"https://fd3-photos.leclercdrive.fr/image.ashx?id=2914630&use=l&cat=p&typeid=i","cat":284656},{"id":266143,"n":"Adoucissant Lenor Fresh Air Rayons soleil - 504ml - x36D","p":4.53,"u":"8,99 €/L","img":"https://fd3-photos.leclercdrive.fr/image.ashx?id=2914153&use=l&cat=p&typeid=i","cat":284650},{"id":266145,"n":"Adoucissant Lenor Fresh Air Soleil tropical - 504ml - x36","p":4.53,"u":"8,99 €/L","img":"https://fd3-photos.leclercdrive.fr/image.ashx?id=2914156&use=l&cat=p&typeid=i","cat":284650},{"id":266147,"n":"Parfum de linge Lenor Parfum d'Ariel - x13 - 155g","p":4.53,"u":"29,23 €/KG","img":"https://fd3-photos.leclercdrive.fr/image.ashx?id=2914159&use=l&cat=p&typeid=i","cat":325302},{"id":266149,"n":"Adoucissant Lenor Fresh Air Fraîcheur matinale 504ml - x36","p":4.53,"u":"8,99 €/L","img":"https://fd3-photos.leclercdrive.fr/image.ashx?id=2914150&use=l&cat=p&typeid=i","cat":284650},{"id":266150,"n":"Lait corps hydratation Nivea Express - 250ml","p":4.22,"u":"16,88 €/L","img":"https://fd3-photos.leclercdrive.fr/image.ashx?id=2977648&use=l&cat=p&typeid=i","cat":325349},{"id":266152,"n":"Crème visage jour Nivea Anti-rides Q10+ Sensitive 50ml","p":9.65,"u":"193,00 €/L","img":"https://fd3-photos.leclercdrive.fr/image.ashx?id=2973940&use=l&cat=p&typeid=i","cat":325345},{"id":266156,"n":"Lessive capsuleS Ariel Pods+ Unstoppable - 515g - x26","p":15.87,"u":"30,82 €/KG","img":"https://fd3-photos.leclercdrive.fr/image.ashx?id=2914852&use=l&cat=p&typeid=i","cat":284641},{"id":266157,"n":"Lessive capsules Ariel Pods Grandiose Original 762g x21","p":13.07,"u":"17,15 €/KG","img":"https://fd3-photos.leclercdrive.fr/image.ashx?id=2914180&use=l&cat=p&typeid=i","cat":284641},{"id":266162,"n":"Capsules lave-vaisselle Finish Quantum - 707g - x68","p":11.88,"pp":7.13,"u":"10,08 €/KG","img":"https://fd3-photos.leclercdrive.fr/image.ashx?id=2914627&use=l&cat=p&typeid=i","cat":284656},{"id":266163,"n":"Parfum de linge Lenor Jasmin & Rose de mai 155g x13","p":4.53,"u":"29,23 €/KG","img":"https://fd3-photos.leclercdrive.fr/image.ashx?id=2914162&use=l&cat=p&typeid=i","cat":325302},{"id":266165,"n":"Fromage enfant Mini Babybel Mix 9 portions","p":3.53,"u":"0,59 €/P","img":"https://fd3-photos.leclercdrive.fr/image.ashx?id=2911912&use=l&cat=p&typeid=i","cat":314030},{"id":266166,"n":"Lessive capsules Ariel 3en1 Pods - Alpine - 546g - x30","p":13.13,"u":"24,05 €/KG","img":"https://fd3-photos.leclercdrive.fr/image.ashx?id=2914177&use=l&cat=p&typeid=i","cat":284641},{"id":266167,"n":"Fromage enfant Mini Babybel Emmental 6 portions","p":2.68,"u":"0,45 €/P","img":"https://fd3-photos.leclercdrive.fr/image.ashx?id=2911915&use=l&cat=p&typeid=i","cat":314030},{"id":266168,"n":"Lessive capsules Ariel 3en1 Pods - Alpine - 346g x19","p":9.88,"u":"28,55 €/KG","img":"https://fd3-photos.leclercdrive.fr/image.ashx?id=2914867&use=l&cat=p&typeid=i","cat":284641},{"id":266171,"n":"Rouge à lèvres Lifter Gloss  Maybelline - N°002 Ice - x1","p":7.22,"img":"https://fd3-photos.leclercdrive.fr/image.ashx?id=2925466&use=l&cat=p&typeid=i","cat":287029},{"id":266177,"n":"Adoucissant Soupline Lenor Ambre & orchidée - 1.155L x55","p":4.53,"u":"3,92 €/L","img":"https://fd3-photos.leclercdrive.fr/image.ashx?id=2914165&use=l&cat=p&typeid=i","cat":284650},{"id":266178,"n":"Adoucissant Lenor Envolée air - 882ml x42","p":4.55,"u":"5,16 €/L","img":"https://fd3-photos.leclercdrive.fr/image.ashx?id=2914168&use=l&cat=p&typeid=i","cat":284650},{"id":266181,"n":"Adoucissant Lenor Bouquet floral - 1.155L - x55","p":4.53,"u":"3,92 €/L","img":"https://fd3-photos.leclercdrive.fr/image.ashx?id=2914174&use=l&cat=p&typeid=i","cat":284650},{"id":266182,"n":"Adoucissant Lenor Ambre & orchidée - 882ml - x42","p":4.48,"u":"5,08 €/L","img":"https://fd3-photos.leclercdrive.fr/image.ashx?id=2914864&use=l&cat=p&typeid=i","cat":284650},{"id":266183,"n":"Adoucissant Lenor Jasmin & Rose de mai 882ml x42","p":4.35,"u":"4,93 €/L","img":"https://fd3-photos.leclercdrive.fr/image.ashx?id=2914861&use=l&cat=p&typeid=i","cat":284650},{"id":266199,"n":"Adoucissant Soupline Ultra Fraîcheur infinie rosée 800ml","p":5.57,"u":"6,96 €/L","img":"https://fd3-photos.leclercdrive.fr/image.ashx?id=2991027&use=l&cat=p&typeid=i","cat":284650},{"id":266201,"n":"Adoucissant Soupline Ultra Fraîcheur infinie lagon 800ml","p":5.57,"u":"6,96 €/L","img":"https://fd3-photos.leclercdrive.fr/image.ashx?id=2991024&use=l&cat=p&typeid=i","cat":284650},{"id":266203,"n":"Adoucissant Soupline Ultra concentré Rose éclatante 800 ml","p":6.47,"u":"8,09 €/L","img":"https://fd3-photos.leclercdrive.fr/image.ashx?id=2914210&use=l&cat=p&typeid=i","cat":284650},{"id":266206,"n":"Adoucissant Soupline Ultra concentré Fraicheur Azur 800 ml","p":5.57,"u":"6,96 €/L","img":"https://fd3-photos.leclercdrive.fr/image.ashx?id=2991030&use=l&cat=p&typeid=i","cat":284650},{"id":266208,"n":"Adoucissant Soupline Ultra concentré Soin Expert 800 ml","p":5.57,"u":"6,96 €/L","img":"https://fd3-photos.leclercdrive.fr/image.ashx?id=2914222&use=l&cat=p&typeid=i","cat":284650},{"id":266210,"n":"Adoucissant Soupline Concentré   Sublime Musc 1,26L","p":5.53,"u":"4,39 €/L","img":"https://fd3-photos.leclercdrive.fr/image.ashx?id=2966803&use=l&cat=p&typeid=i","cat":284650},{"id":266213,"n":"Adoucissant Soupline Emotion ambré - 1260ml","p":6.55,"u":"5,20 €/L","img":"https://fd3-photos.leclercdrive.fr/image.ashx?id=2914231&use=l&cat=p&typeid=i","cat":284650},{"id":266225,"n":"Lessive liquide Ariel Original - 1980ml - x44","p":14.0,"u":"7,07 €/L","img":"https://fd3-photos.leclercdrive.fr/image.ashx?id=2914816&use=l&cat=p&typeid=i","cat":284640},{"id":266231,"n":"Cuisses de poulet Bon plan Douce France - 900g","p":3.79,"u":"4,21 €/KG","img":"https://fd3-photos.leclercdrive.fr/image.ashx?id=2913985&use=l&cat=p&typeid=i","cat":284336},{"id":266232,"n":"Riz risotto Taureau Ailé 1kg","p":3.28,"u":"3,28 €/KG","img":"https://fd3-photos.leclercdrive.fr/image.ashx?id=2914696&use=l&cat=p&typeid=i","cat":284428},{"id":266234,"n":"Pop Corn Micro-ondable Vico Pop caramel - 240g","p":2.33,"u":"9,71 €/KG","img":"https://fd3-photos.leclercdrive.fr/image.ashx?id=2913940&use=l&cat=p&typeid=i","cat":304249},{"id":266238,"n":"Bonbons La Vosgienne  Cassis sans sucres -  49g","p":1.5,"u":"30,61 €/KG","img":"https://fd3-photos.leclercdrive.fr/image.ashx?id=2971900&use=l&cat=p&typeid=i","cat":304252},{"id":266239,"n":"Bonbons La Vosgienne Menthe citron sans sucres - 49g","p":1.5,"u":"30,61 €/KG","img":"https://fd3-photos.leclercdrive.fr/image.ashx?id=2991190&use=l&cat=p&typeid=i","cat":304252},{"id":266244,"n":"Bonbons La Vosgienne Menthol Eucalyptus - 46g","p":1.5,"u":"32,61 €/KG","img":"https://fd3-photos.leclercdrive.fr/image.ashx?id=2979054&use=l&cat=p&typeid=i","cat":304252},{"id":266249,"n":"Bonbons La Vosgienne Sève de pin sans sucres - 46g","p":1.5,"u":"32,61 €/KG","img":"https://fd3-photos.leclercdrive.fr/image.ashx?id=2991193&use=l&cat=p&typeid=i","cat":304252},{"id":266252,"n":"Sardines Parmentier A l'huile de tournesol - 2x135g","p":2.93,"u":"10,85 €/KG","img":"https://fd3-photos.leclercdrive.fr/image.ashx?id=2913829&use=l&cat=p&typeid=i","cat":305146},{"id":266253,"n":"Sardines Parmentier A l'huile Tournesol vierge extra Bio 120g","p":1.67,"u":"13,92 €/KG","img":"https://fd3-photos.leclercdrive.fr/image.ashx?id=2913832&use=l&cat=p&typeid=i","cat":305146},{"id":266342,"n":"Chewing-gum Hubba Bubba Fraise 56g","p":2.32,"u":"41,43 €/KG","img":"https://fd3-photos.leclercdrive.fr/image.ashx?id=2914729&use=l&cat=p&typeid=i","cat":304251},{"id":266412,"n":"Pâte à tartiner Amande  Dolcioso - 240g","p":5.14,"u":"21,42 €/KG","img":"https://fd3-photos.leclercdrive.fr/image.ashx?id=3011662&use=l&cat=p&typeid=i","cat":284481},{"id":266435,"n":"Brume adoucissant Soupline Grand air - Anti-plis 300ml","p":6.5,"u":"21,67 €/L","img":"https://fd3-photos.leclercdrive.fr/image.ashx?id=2967974&use=l&cat=p&typeid=i","cat":284650},{"id":266444,"n":"Lessive capsules Ariel 3en1 Original - 546g - x30","p":11.11,"u":"20,35 €/KG","img":"https://fd3-photos.leclercdrive.fr/image.ashx?id=2914834&use=l&cat=p&typeid=i","cat":284641},{"id":266445,"n":"Lessive capsules Ariel Pods+ Active - 554g - x26","p":13.06,"u":"23,57 €/KG","img":"https://fd3-photos.leclercdrive.fr/image.ashx?id=2914843&use=l&cat=p&typeid=i","cat":284641},{"id":266446,"n":"Lessive capsules Ariel Pods+ Active - 405g - x19","p":10.66,"u":"26,32 €/KG","img":"https://fd3-photos.leclercdrive.fr/image.ashx?id=2914849&use=l&cat=p&typeid=i","cat":284641},{"id":266447,"n":"Bonbon Tic Tac Two Menthe fraîche & douce - 38,5g","p":1.88,"u":"49,47 €/KG","img":"https://fd3-photos.leclercdrive.fr/image.ashx?id=2914438&use=l&cat=p&typeid=i","cat":304256},{"id":266448,"n":"Lessive capsules Ariel Pods Original - 346g - x19","p":9.93,"u":"28,70 €/KG","img":"https://fd3-photos.leclercdrive.fr/image.ashx?id=2914855&use=l&cat=p&typeid=i","cat":284641},{"id":266449,"n":"Lessive capsules Ariel Pods Grandiose Alpine x21 - 762g","p":12.9,"u":"16,93 €/KG","img":"https://fd3-photos.leclercdrive.fr/image.ashx?id=2970245&use=l&cat=p&typeid=i","cat":284641},{"id":266450,"n":"Lessive capsules Ariel Pods+ Ultra détachant - 443g x19","p":10.66,"u":"24,06 €/KG","img":"https://fd3-photos.leclercdrive.fr/image.ashx?id=2914837&use=l&cat=p&typeid=i","cat":284641},{"id":266451,"n":"Bonbon Tic Tac Two Framboise & Citron - 38g","p":2.27,"u":"59,74 €/KG","img":"https://fd3-photos.leclercdrive.fr/image.ashx?id=2914441&use=l&cat=p&typeid=i","cat":304256},{"id":266452,"n":"Lessive capsules Ariel Pods+ Unstoppable - 376g x19","p":10.66,"u":"28,35 €/KG","img":"https://fd3-photos.leclercdrive.fr/image.ashx?id=2914840&use=l&cat=p&typeid=i","cat":284641},{"id":266456,"n":"Vin Blanc - Le Cube  BIB - 3L","p":7.6,"u":"2,53 €/L","img":"https://fd3-photos.leclercdrive.fr/image.ashx?id=2914486&use=l&cat=p&typeid=i","cat":289560},{"id":266458,"n":"Shampooinf Herbal Essence Lavande - 250ml","p":4.25,"u":"17,00 €/L","img":"https://fd3-photos.leclercdrive.fr/image.ashx?id=2914798&use=l&cat=p&typeid=i","cat":284606},{"id":266461,"n":"Vin Rouge Le Cube  BIB - 3L","p":7.6,"u":"2,53 €/L","img":"https://fd3-photos.leclercdrive.fr/image.ashx?id=2914492&use=l&cat=p&typeid=i","cat":289560},{"id":266463,"n":"Shampooing Head & Shoulders Intense hydratation - 330ml","p":4.7,"u":"14,24 €/L","img":"https://fd3-photos.leclercdrive.fr/image.ashx?id=2914801&use=l&cat=p&typeid=i","cat":284606},{"id":266466,"n":"Lessive capsules Ariel Pods+ Ultra détachant - 606g x26","p":14.83,"u":"24,47 €/KG","img":"https://fd3-photos.leclercdrive.fr/image.ashx?id=2914846&use=l&cat=p&typeid=i","cat":284641},{"id":266467,"n":"Diffuseur électrique Airwick Fleur de coton - 19ml","p":6.65,"u":"350,00 €/L","img":"https://fd3-photos.leclercdrive.fr/image.ashx?id=2914618&use=l&cat=p&typeid=i","cat":311629},{"id":266468,"n":"Recharges diffuseur électrique Airwick - Duo vanille 38ml","p":8.57,"u":"225,53 €/L","img":"https://fd3-photos.leclercdrive.fr/image.ashx?id=2914621&use=l&cat=p&typeid=i","cat":311629},{"id":266470,"n":"Recharges diffuseur électrique Airwick - Cannelle - 19ml","p":3.62,"u":"190,53 €/L","img":"https://fd3-photos.leclercdrive.fr/image.ashx?id=2914624&use=l&cat=p&typeid=i","cat":311629},{"id":266473,"n":"Eau gazeuse San Pellegrino Pêche Menthe - 6x33cl","p":3.61,"u":"1,82 €/L","img":"https://fd3-photos.leclercdrive.fr/image.ashx?id=2914780&use=l&cat=p&typeid=i","cat":284532},{"id":266500,"n":"Oasis Tropical canette 33cl","p":0.6,"u":"1,82 €/L","img":"https://fd3-photos.leclercdrive.fr/image.ashx?id=3011086&use=l&cat=p&typeid=i","cat":295018},{"id":266633,"n":"Dentrifrice Oral-B Pro Expert Protection - 2x75ml","p":5.57,"u":"37,13 €/L","img":"https://fd3-photos.leclercdrive.fr/image.ashx?id=2938286&use=l&cat=p&typeid=i","cat":284612},{"id":266634,"n":"Oral B Pro Expert Nettoyage Intense - 2x75ml","p":5.38,"u":"35,87 €/L","img":"https://fd3-photos.leclercdrive.fr/image.ashx?id=2966152&use=l&cat=p&typeid=i","cat":284612},{"id":266635,"n":"Dentrifrice Oral-B Pro Expert Dents Sensibles - 2x75ml","p":5.38,"u":"35,87 €/L","img":"https://fd3-photos.leclercdrive.fr/image.ashx?id=2966155&use=l&cat=p&typeid=i","cat":284612},{"id":266637,"n":"Oral B Pro Expert Blancheur Saine - 2x75ml","p":5.38,"u":"35,87 €/L","img":"https://fd3-photos.leclercdrive.fr/image.ashx?id=2938289&use=l&cat=p&typeid=i","cat":284612},{"id":266638,"n":"Dentifrice Oral-B 3D White Charbon - 2x75ml","p":5.93,"u":"39,53 €/L","img":"https://fd3-photos.leclercdrive.fr/image.ashx?id=2916483&use=l&cat=p&typeid=i","cat":284612},{"id":266677,"n":"Pâtes Alpina Savoie Mini coquilles - 500g","p":1.5,"u":"3,00 €/KG","img":"https://fd3-photos.leclercdrive.fr/image.ashx?id=2915994&use=l&cat=p&typeid=i","cat":284427},{"id":266681,"n":"Pâte à tartiner Bueno L'artisan Tartineur - 570g","p":5.95,"u":"10,44 €/KG","img":"https://fd3-photos.leclercdrive.fr/image.ashx?id=2930403&use=l&cat=p&typeid=i","cat":284481},{"id":266685,"n":"Mélanges herbes épices Cholula Fajita Paprika Coriandre 490g","p":4.7,"u":"9,59 €/KG","img":"https://fd3-photos.leclercdrive.fr/image.ashx?id=2915862&use=l&cat=p&typeid=i","cat":288993},{"id":266688,"n":"Baguettes forestières Kauffer's - x3  345g","p":4.5,"u":"13,04 €/KG","img":"https://fd3-photos.leclercdrive.fr/image.ashx?id=2939547&use=l&cat=p&typeid=i","cat":284254},{"id":266701,"n":"Mini biscuits  P'tit Déli Rond enrobé Chocolat blanc 128g","p":1.45,"u":"11,33 €/KG","img":"https://fd3-photos.leclercdrive.fr/image.ashx?id=2942244&use=l&cat=p&typeid=i","cat":284488},{"id":266704,"n":"Barres chocolatées Knoppers Lait Noisette - x5 - 200g","p":2.04,"u":"10,20 €/KG","img":"https://fd3-photos.leclercdrive.fr/image.ashx?id=2967609&use=l&cat=p&typeid=i","cat":284498},{"id":266705,"n":"Pain de mie La Boulangère Toastiligne Complet - 330g","p":1.87,"u":"5,67 €/KG","img":"https://fd3-photos.leclercdrive.fr/image.ashx?id=2926657&use=l&cat=p&typeid=i","cat":284477},{"id":266755,"n":"Gel détartrant Canard WC Ecolabel - 750ml","p":2.47,"pp":1.63,"u":"2,17 €/L","img":"https://fd3-photos.leclercdrive.fr/image.ashx?id=2916390&use=l&cat=p&typeid=i","cat":284662},{"id":266757,"n":"Gel nettoyant Canard Action rapide - 750ml","p":2.47,"pp":1.63,"u":"2,17 €/L","img":"https://fd3-photos.leclercdrive.fr/image.ashx?id=2916393&use=l&cat=p&typeid=i","cat":284662},{"id":266770,"n":"Gâteau St Amour fromage blanc Vanille - 2x70g","p":1.54,"u":"11,00 €/KG","img":"https://fd3-photos.leclercdrive.fr/image.ashx?id=2916144&use=l&cat=p&typeid=i","cat":284419},{"id":267004,"n":"Soda Coca Cola Cherry Canette 6x20cl","p":4.18,"u":"3,48 €/L","img":"https://fd3-photos.leclercdrive.fr/image.ashx?id=2916438&use=l&cat=p&typeid=i","cat":284530},{"id":267005,"n":"Soda Coca-Cola Lemon Bouteille - 1,25L","p":1.76,"u":"1,41 €/L","img":"https://fd3-photos.leclercdrive.fr/image.ashx?id=2916435&use=l&cat=p&typeid=i","cat":284530},{"id":267010,"n":"Farine pois chiches Happy Bio 500g","p":3.71,"u":"7,42 €/KG","img":"https://fd3-photos.leclercdrive.fr/image.ashx?id=2916039&use=l&cat=p&typeid=i","cat":284503},{"id":267011,"n":"Farine d'avoine Happy Bio Complète - 500g","p":3.44,"u":"6,88 €/KG","img":"https://fd3-photos.leclercdrive.fr/image.ashx?id=2916042&use=l&cat=p&typeid=i","cat":284503},{"id":267013,"n":"Quesadilla Cholula Oignon cumin persil 490g","p":4.89,"u":"9,98 €/KG","img":"https://fd3-photos.leclercdrive.fr/image.ashx?id=2915865&use=l&cat=p&typeid=i","cat":288993},{"id":267014,"n":"Tortillas de blé Old El Paso Complet x10 - 580g","p":3.68,"u":"6,34 €/KG","img":"https://fd3-photos.leclercdrive.fr/image.ashx?id=2916492&use=l&cat=p&typeid=i","cat":288993},{"id":267018,"n":"Tablette chocolat Tablette d'Or Lait et noisette - 100g","p":1.49,"u":"14,90 €/KG","img":"https://fd3-photos.leclercdrive.fr/image.ashx?id=2943085&use=l&cat=p&typeid=i","cat":284497},{"id":267183,"n":"Citronnade Montebelo Brasil Citron vert - 1L","p":2.19,"u":"2,19 €/L","img":"https://fd3-photos.leclercdrive.fr/image.ashx?id=2916342&use=l&cat=p&typeid=i","cat":284915},{"id":267203,"n":"Porp Corn salés Tokapi Pop-Box - x2 - 180g","p":1.61,"u":"8,94 €/KG","img":"https://fd3-photos.leclercdrive.fr/image.ashx?id=2915660&use=l&cat=p&typeid=i","cat":304249},{"id":267206,"n":"Miel d'Acacia Les apiculteurs associés - 500g","p":7.39,"u":"14,78 €/KG","img":"https://fd3-photos.leclercdrive.fr/image.ashx?id=2916168&use=l&cat=p&typeid=i","cat":287643},{"id":267207,"n":"Miel d'Acacia Les apiculteurs  associés - 375g","p":6.43,"u":"17,15 €/KG","img":"https://fd3-photos.leclercdrive.fr/image.ashx?id=2916165&use=l&cat=p&typeid=i","cat":287643},{"id":267328,"n":"Nettoyant désinfectant Clair 1.5L","p":1.85,"u":"1,23 €/L","img":"https://fd3-photos.leclercdrive.fr/image.ashx?id=2916593&use=l&cat=p&typeid=i","cat":325357},{"id":267332,"n":"Adoucissant Cajoline Créations Souffle de fraîcheur 1.386L x66","p":5.71,"u":"4,12 €/L","img":"https://fd3-photos.leclercdrive.fr/image.ashx?id=2917109&use=l&cat=p&typeid=i","cat":284650},{"id":267333,"n":"Adoucissant Cajoline Créations Fleur de tiaré & Pivoine 1.386L","p":5.63,"u":"4,06 €/L","img":"https://fd3-photos.leclercdrive.fr/image.ashx?id=2917112&use=l&cat=p&typeid=i","cat":284650},{"id":267335,"n":"Adoucissant Cajoline Créations Lavande & Rose blanche 1.386L","p":4.35,"u":"3,14 €/L","img":"https://fd3-photos.leclercdrive.fr/image.ashx?id=2917115&use=l&cat=p&typeid=i","cat":284650},{"id":267336,"n":"Adoucissant Cajoline Doux & Pur L'original - 1.386L x66","p":4.35,"u":"3,14 €/L","img":"https://fd3-photos.leclercdrive.fr/image.ashx?id=2917118&use=l&cat=p&typeid=i","cat":284650},{"id":267339,"n":"Adoucissant Cajoline Origines Fraîcheur Céleste 1.254L x66","p":6.41,"u":"5,11 €/L","img":"https://fd3-photos.leclercdrive.fr/image.ashx?id=2917121&use=l&cat=p&typeid=i","cat":284650},{"id":267341,"n":"Adoucissant Cajoline Elixir Bouquet estival - 460ml","p":6.73,"u":"14,63 €/L","img":"https://fd3-photos.leclercdrive.fr/image.ashx?id=2940672&use=l&cat=p&typeid=i","cat":284650},{"id":267342,"n":"Adoucissant liquide Cajoline Elixir Brise printanière 460ml","p":5.97,"u":"12,98 €/L","img":"https://fd3-photos.leclercdrive.fr/image.ashx?id=3000896&use=l&cat=p&typeid=i","cat":284650},{"id":267350,"n":"Miel de fleurs crémeux Apiculteurs Associés - 1kg","p":9.95,"u":"9,95 €/KG","img":"https://fd3-photos.leclercdrive.fr/image.ashx?id=2916611&use=l&cat=p&typeid=i","cat":287643},{"id":267371,"n":"Adoucissant Cajoline Créations Fleur de la passion 1.386L x66","p":4.35,"u":"3,14 €/L","img":"https://fd3-photos.leclercdrive.fr/image.ashx?id=2918107&use=l&cat=p&typeid=i","cat":284650},{"id":267388,"n":"Adoucissant liquide Cajoline Elixir Fraîcheur Céleste 460ml","p":5.97,"u":"12,98 €/L","img":"https://fd3-photos.leclercdrive.fr/image.ashx?id=2918113&use=l&cat=p&typeid=i","cat":284650},{"id":267389,"n":"Chupa Chups Squeezee Freeze 4 parfums - 600g","p":2.64,"u":"4,40 €/L","img":"https://fd3-photos.leclercdrive.fr/image.ashx?id=2917145&use=l&cat=p&typeid=i","cat":285250},{"id":267391,"n":"Adoucissant Cajoline Origines Brise printanière 1.254L x66","p":5.97,"u":"4,76 €/L","img":"https://fd3-photos.leclercdrive.fr/image.ashx?id=2918110&use=l&cat=p&typeid=i","cat":284650},{"id":267403,"n":"Vin de France La vieille ferme Blanc - 75cl","p":4.29,"u":"5,72 €/L","img":"https://fd3-photos.leclercdrive.fr/image.ashx?id=2989201&use=l&cat=p&typeid=i","cat":289557},{"id":267404,"n":"Bière Kwak Rouge - 50cl","p":1.9,"u":"3,80 €/L","img":"https://fd3-photos.leclercdrive.fr/image.ashx?id=2918023&use=l&cat=p&typeid=i","cat":334853},{"id":267410,"n":"Jus de pamplemousse Tropicana Rose Ruby - 1L","p":2.44,"u":"2,44 €/L","img":"https://fd3-photos.leclercdrive.fr/image.ashx?id=3010825&use=l&cat=p&typeid=i","cat":284914},{"id":267411,"n":"Bière Softiz Pêche Sans alcool - 6x27.5cl","p":3.16,"u":"1,92 €/L","img":"https://fd3-photos.leclercdrive.fr/image.ashx?id=2916764&use=l&cat=p&typeid=i","cat":334877},{"id":267415,"n":"Couches bébé Huggies Extra Care T3- x50","p":17.93,"u":"0,36 €/P","img":"https://fd3-photos.leclercdrive.fr/image.ashx?id=2924728&use=l&cat=p&typeid=i","cat":284737},{"id":267417,"n":"Couches T5 bébé Extra Care Huggies - x34","p":17.93,"u":"0,53 €/P","img":"https://fd3-photos.leclercdrive.fr/image.ashx?id=2917984&use=l&cat=p&typeid=i","cat":284737},{"id":267418,"n":"Couches T6 bébé Extra Care Huggies - x30","p":18.39,"u":"0,61 €/P","img":"https://fd3-photos.leclercdrive.fr/image.ashx?id=2918002&use=l&cat=p&typeid=i","cat":284737},{"id":267420,"n":"Couches T4 bébé little movers Huggies - x50","p":18.35,"u":"0,46 €/P","img":"https://fd3-photos.leclercdrive.fr/image.ashx?id=2917990&use=l&cat=p&typeid=i","cat":284737},{"id":267421,"n":"Couches T5 bébé little movers Huggies - x42","p":18.33,"u":"0,44 €/P","img":"https://fd3-photos.leclercdrive.fr/image.ashx?id=2917993&use=l&cat=p&typeid=i","cat":284737},{"id":267422,"n":"Couches T6 bébé little movers Huggies - x34","p":18.29,"u":"0,54 €/P","img":"https://fd3-photos.leclercdrive.fr/image.ashx?id=2917996&use=l&cat=p&typeid=i","cat":284737},{"id":267424,"n":"Couches T4 bébé little movers Huggies - x44","p":18.33,"u":"0,42 €/P","img":"https://fd3-photos.leclercdrive.fr/image.ashx?id=2918005&use=l&cat=p&typeid=i","cat":284737},{"id":267425,"n":"Couches T5 bébé little movers Huggies - x38","p":17.93,"u":"0,47 €/P","img":"https://fd3-photos.leclercdrive.fr/image.ashx?id=2918008&use=l&cat=p&typeid=i","cat":284737},{"id":267429,"n":"Bière blonde Tripel Karmeliet 50cl","p":2.93,"u":"5,86 €/L","img":"https://fd3-photos.leclercdrive.fr/image.ashx?id=2918029&use=l&cat=p&typeid=i","cat":334853},{"id":267432,"n":"Bière blonde Kwak 50cl","p":1.78,"u":"3,56 €/L","img":"https://fd3-photos.leclercdrive.fr/image.ashx?id=2918026&use=l&cat=p&typeid=i","cat":334853},{"id":267516,"n":"Chocolat au lait Tablette d'Or Fourré au lait - 100g","p":1.39,"u":"13,90 €/KG","img":"https://fd3-photos.leclercdrive.fr/image.ashx?id=3010578&use=l&cat=p&typeid=i","cat":284497},{"id":267623,"n":"Pizza Turque Lahmacun Hünkar - x5 maxi format   850g","p":6.34,"u":"7,46 €/KG","img":"https://fd3-photos.leclercdrive.fr/image.ashx?id=2960042&use=l&cat=p&typeid=i","cat":284256},{"id":267626,"n":"Potatoes burgers Idéal Délices x4 - 680g","p":15.41,"u":"22,66 €/KG","img":"https://fd3-photos.leclercdrive.fr/image.ashx?id=2924566&use=l&cat=p&typeid=i","cat":319822},{"id":267955,"n":"Escalopes de poulet Eco+ x5 - 600g","p":5.99,"u":"9,98 €/KG","img":"https://fd3-photos.leclercdrive.fr/image.ashx?id=2918239&use=l&cat=p&typeid=i","cat":284336},{"id":267956,"n":"Filet de poulet  en aiguillette Eco+ 400g","p":4.95,"u":"12,38 €/KG","img":"https://fd3-photos.leclercdrive.fr/image.ashx?id=2918242&use=l&cat=p&typeid=i","cat":284336},{"id":267958,"n":"Burger de colin Pêche Océan Façon Fish & Chips 2x100g","p":1.99,"u":"9,95 €/KG","img":"https://fd3-photos.leclercdrive.fr/image.ashx?id=2953659&use=l&cat=p&typeid=i","cat":284344},{"id":267988,"n":"Jus de clémentine Innocent 750ml","p":2.44,"u":"3,25 €/L","img":"https://fd3-photos.leclercdrive.fr/image.ashx?id=2926066&use=l&cat=p&typeid=i","cat":284354},{"id":267990,"n":"Jus de poire Innocent 750ml","p":2.87,"u":"3,83 €/L","img":"https://fd3-photos.leclercdrive.fr/image.ashx?id=2925882&use=l&cat=p&typeid=i","cat":284354},{"id":268005,"n":"Jambon cru Serrano Aoste  4 tranches - 67g","p":2.61,"u":"38,96 €/KG","img":"https://fd3-photos.leclercdrive.fr/image.ashx?id=2939844&use=l&cat=p&typeid=i","cat":316007},{"id":268008,"n":"Burrata Les Croisés 26%MG 200g","p":4.11,"u":"20,55 €/KG","img":"https://fd3-photos.leclercdrive.fr/image.ashx?id=3009562&use=l&cat=p&typeid=i","cat":314026},{"id":268010,"n":"Skyr Délisse Vanille 4x100g","p":1.89,"u":"4,73 €/KG","img":"https://fd3-photos.leclercdrive.fr/image.ashx?id=2992606&use=l&cat=p&typeid=i","cat":315000},{"id":268011,"n":"Skyr Délisse Fruits rouges 4x100g","p":1.87,"u":"4,68 €/KG","img":"https://fd3-photos.leclercdrive.fr/image.ashx?id=2992609&use=l&cat=p&typeid=i","cat":315000},{"id":268013,"n":"Barres de céréales Eat Natural amande & raisins secs - x3-120g","p":2.55,"u":"21,25 €/KG","img":"https://fd3-photos.leclercdrive.fr/image.ashx?id=2919048&use=l&cat=p&typeid=i","cat":300032},{"id":268023,"n":"Jus pomme poire Andros 1L","p":2.79,"u":"2,79 €/L","img":"https://fd3-photos.leclercdrive.fr/image.ashx?id=2950366&use=l&cat=p&typeid=i","cat":284354},{"id":268025,"n":"Barres de céréales Eat Natural Caramel salé x3 - 120g","p":2.55,"u":"21,25 €/KG","img":"https://fd3-photos.leclercdrive.fr/image.ashx?id=2919060&use=l&cat=p&typeid=i","cat":300032},{"id":268026,"n":"Jus multifruits Andros La vie en rouge 90cl","p":2.97,"u":"3,30 €/L","img":"https://fd3-photos.leclercdrive.fr/image.ashx?id=2919850&use=l&cat=p&typeid=i","cat":284354},{"id":268029,"n":"Culottes Pampers Baby-dry Pants Taille 7 - x29","p":13.93,"u":"0,48 €/P","img":"https://fd3-photos.leclercdrive.fr/image.ashx?id=2919934&use=l&cat=p&typeid=i","cat":290633},{"id":268030,"n":"Culottes Pampers Premium Protection Pants - Taille 4 x31","p":16.48,"u":"0,53 €/P","img":"https://fd3-photos.leclercdrive.fr/image.ashx?id=2919937&use=l&cat=p&typeid=i","cat":290633},{"id":268037,"n":"Couches Pampers Harmonie Taille 5 - x31","p":16.48,"u":"0,53 €/P","img":"https://fd3-photos.leclercdrive.fr/image.ashx?id=2941973&use=l&cat=p&typeid=i","cat":284737},{"id":268038,"n":"Couches Pampers Baby-dry Taille 4 - x43","p":14.29,"u":"0,33 €/P","img":"https://fd3-photos.leclercdrive.fr/image.ashx?id=2942003&use=l&cat=p&typeid=i","cat":284737},{"id":268039,"n":"Couches Pampers Baby-Dry Taille 5 - x38","p":14.38,"u":"0,38 €/P","img":"https://fd3-photos.leclercdrive.fr/image.ashx?id=2919976&use=l&cat=p&typeid=i","cat":284737},{"id":268041,"n":"Couches Pampers Baby-Dry Taille 2 - x56","p":16.48,"u":"0,29 €/P","img":"https://fd3-photos.leclercdrive.fr/image.ashx?id=2919982&use=l&cat=p&typeid=i","cat":284737},{"id":268042,"n":"Culottes Pampers Baby-Dry Pants Taille 5 - x36","p":13.8,"u":"0,38 €/P","img":"https://fd3-photos.leclercdrive.fr/image.ashx?id=2920006&use=l&cat=p&typeid=i","cat":290633},{"id":268043,"n":"Les p'tits croqs Notre jardin Légumes du soleil Emmental 280g","p":2.49,"u":"8,89 €/KG","img":"https://fd3-photos.leclercdrive.fr/image.ashx?id=2918526&use=l&cat=p&typeid=i","cat":319802},{"id":268046,"n":"Les p'tits croqs Notre jardin Épinards mozzarella 280g","p":2.49,"u":"8,89 €/KG","img":"https://fd3-photos.leclercdrive.fr/image.ashx?id=2918529&use=l&cat=p&typeid=i","cat":319802},{"id":268047,"n":"Les p'tits croqs Notre jardin Petits légumes Emmental 280g","p":2.49,"u":"8,89 €/KG","img":"https://fd3-photos.leclercdrive.fr/image.ashx?id=2918532&use=l&cat=p&typeid=i","cat":319802},{"id":268048,"n":"Jus multivitaminés Andros  ACE orange carotte citron 1L","p":2.97,"u":"2,97 €/L","img":"https://fd3-photos.leclercdrive.fr/image.ashx?id=2919841&use=l&cat=p&typeid=i","cat":284354},{"id":268050,"n":"Couches Pampers Baby-Dry Taille 6 - x33","p":16.48,"u":"0,50 €/P","img":"https://fd3-photos.leclercdrive.fr/image.ashx?id=2941994&use=l&cat=p&typeid=i","cat":284737},{"id":268052,"n":"Couches Pampers Baby-Dry Taille 5+ - x35","p":17.23,"u":"0,49 €/P","img":"https://fd3-photos.leclercdrive.fr/image.ashx?id=2942006&use=l&cat=p&typeid=i","cat":284737},{"id":268053,"n":"Jus multifruits Innocent Ananas pomme passion 1.5L","p":3.74,"u":"2,49 €/L","img":"https://fd3-photos.leclercdrive.fr/image.ashx?id=2919889&use=l&cat=p&typeid=i","cat":284354},{"id":268054,"n":"Couches Pampers Baby-Dry Taille 3 - x50","p":14.25,"u":"0,29 €/P","img":"https://fd3-photos.leclercdrive.fr/image.ashx?id=2919988&use=l&cat=p&typeid=i","cat":284737},{"id":268055,"n":"Jus multifruits Innocent Pomme concombre kiwi 900ml","p":2.59,"u":"2,88 €/L","img":"https://fd3-photos.leclercdrive.fr/image.ashx?id=2920558&use=l&cat=p&typeid=i","cat":284354},{"id":268056,"n":"Jus multifruits Innocent Orange mangue 900ml","p":2.94,"u":"3,27 €/L","img":"https://fd3-photos.leclercdrive.fr/image.ashx?id=2919892&use=l&cat=p&typeid=i","cat":284354},{"id":268057,"n":"Couches Pampers Premium Protection Taille 2 - x54","p":16.48,"u":"0,31 €/P","img":"https://fd3-photos.leclercdrive.fr/image.ashx?id=2957392&use=l&cat=p&typeid=i","cat":284737},{"id":268058,"n":"Box XXL Radiatori Côté Snack Poulet crème et Emmental 400g","p":2.99,"u":"7,48 €/KG","img":"https://fd3-photos.leclercdrive.fr/image.ashx?id=2918520&use=l&cat=p&typeid=i","cat":334983},{"id":268059,"n":"Couches Pampers Harmonie Taille 4 - x36","p":15.78,"u":"0,44 €/P","img":"https://fd3-photos.leclercdrive.fr/image.ashx?id=2941976&use=l&cat=p&typeid=i","cat":284737},{"id":268066,"n":"Compotes Andros Coeur de Fruits Pomme banane 4x100g","p":1.87,"u":"4,68 €/KG","img":"https://fd3-photos.leclercdrive.fr/image.ashx?id=2919832&use=l&cat=p&typeid=i","cat":284416},{"id":268070,"n":"Compotes Andros Pomme passion 4x100g","p":1.69,"u":"4,23 €/KG","img":"https://fd3-photos.leclercdrive.fr/image.ashx?id=2919838&use=l&cat=p&typeid=i","cat":284416},{"id":268072,"n":"Tofu Végé 250g","p":1.99,"u":"7,96 €/KG","img":"https://fd3-photos.leclercdrive.fr/image.ashx?id=2918535&use=l&cat=p&typeid=i","cat":316036},{"id":268075,"n":"Compotes Coeur de fruits Andros Pêche pomme 4x97g","p":2.47,"u":"6,37 €/KG","img":"https://fd3-photos.leclercdrive.fr/image.ashx?id=2919847&use=l&cat=p&typeid=i","cat":284416},{"id":268076,"n":"Compotes Coeur de fruits Andros Pomme ananas passion 4x100g","p":1.53,"u":"3,83 €/KG","img":"https://fd3-photos.leclercdrive.fr/image.ashx?id=2919856&use=l&cat=p&typeid=i","cat":284416},{"id":268077,"n":"Fromage Mini Babybel  Protéines x5 - 110g","p":2.13,"u":"19,36 €/KG","img":"https://fd3-photos.leclercdrive.fr/image.ashx?id=2923567&use=l&cat=p&typeid=i","cat":314030},{"id":268078,"n":"Crème glacée Häagen-Dazs Strawberries & cream 400g","p":4.37,"u":"10,93 €/KG","img":"https://fd3-photos.leclercdrive.fr/image.ashx?id=2919811&use=l&cat=p&typeid=i","cat":284725},{"id":268080,"n":"Mini pots Häagen-Dazs Original Collection x4 - 321g","p":5.48,"u":"17,07 €/KG","img":"https://fd3-photos.leclercdrive.fr/image.ashx?id=2992855&use=l&cat=p&typeid=i","cat":284725},{"id":268174,"n":"Culottes Pampers Night Pants Taille 6 - x30","p":14.03,"u":"0,47 €/P","img":"https://fd3-photos.leclercdrive.fr/image.ashx?id=2919952&use=l&cat=p&typeid=i","cat":290633},{"id":268175,"n":"Culottes Pampers Night Pants Taille 5 - x35","p":18.15,"u":"0,52 €/P","img":"https://fd3-photos.leclercdrive.fr/image.ashx?id=2919955&use=l&cat=p&typeid=i","cat":290633},{"id":268179,"n":"Culottes Pampers Premium Protection Pants - Taille 5 x29","p":16.48,"u":"0,57 €/P","img":"https://fd3-photos.leclercdrive.fr/image.ashx?id=3009245&use=l&cat=p&typeid=i","cat":290633},{"id":268184,"n":"Couches Pampers Baby-Dry Taille 7 - x31","p":16.48,"u":"0,53 €/P","img":"https://fd3-photos.leclercdrive.fr/image.ashx?id=2941982&use=l&cat=p&typeid=i","cat":284737},{"id":268185,"n":"Couches Pampers Baby-Dry Taille 4+ - x39","p":16.48,"u":"0,42 €/P","img":"https://fd3-photos.leclercdrive.fr/image.ashx?id=2941997&use=l&cat=p&typeid=i","cat":284737},{"id":268186,"n":"Couches Pmapers Premium Protection - Taille 4 x38","p":16.48,"u":"0,43 €/P","img":"https://fd3-photos.leclercdrive.fr/image.ashx?id=2919994&use=l&cat=p&typeid=i","cat":284737},{"id":268187,"n":"Couches Pampers Premium Protection - Taille 6 x29","p":16.48,"u":"0,57 €/P","img":"https://fd3-photos.leclercdrive.fr/image.ashx?id=2919997&use=l&cat=p&typeid=i","cat":284737},{"id":268189,"n":"Couches Pampers Premium Protection Taille 3 x46","p":16.48,"u":"0,36 €/P","img":"https://fd3-photos.leclercdrive.fr/image.ashx?id=2991009&use=l&cat=p&typeid=i","cat":284737},{"id":268190,"n":"Couches Pampers Premium Protection Taille 5 x33","p":16.48,"u":"0,50 €/P","img":"https://fd3-photos.leclercdrive.fr/image.ashx?id=2991012&use=l&cat=p&typeid=i","cat":284737},{"id":268191,"n":"Culottes Pampers Baby-Dry Pants Taille 6 - x31","p":13.8,"u":"0,45 €/P","img":"https://fd3-photos.leclercdrive.fr/image.ashx?id=2920009&use=l&cat=p&typeid=i","cat":290633},{"id":268192,"n":"Culottes Pampers Baby-Dry Pants Taille 4 - x41","p":16.48,"u":"0,40 €/P","img":"https://fd3-photos.leclercdrive.fr/image.ashx?id=2920012&use=l&cat=p&typeid=i","cat":290633},{"id":268231,"n":"Penne Rigate Barilla  Protein + - 400g","p":1.93,"u":"4,83 €/KG","img":"https://fd3-photos.leclercdrive.fr/image.ashx?id=2919928&use=l&cat=p&typeid=i","cat":284427},{"id":268234,"n":"Spaghetti Barilla  Protein + - 400g","p":1.93,"u":"4,83 €/KG","img":"https://fd3-photos.leclercdrive.fr/image.ashx?id=2919931&use=l&cat=p&typeid=i","cat":284427},{"id":268236,"n":"Fusilli Barilla  Protein + - 400g","p":2.17,"u":"5,43 €/KG","img":"https://fd3-photos.leclercdrive.fr/image.ashx?id=2919925&use=l&cat=p&typeid=i","cat":284427},{"id":268253,"n":"Sauce Tartufata à la truffe  d'été 2.1% - 130g","p":4.5,"u":"34,62 €/KG","img":"https://fd3-photos.leclercdrive.fr/image.ashx?id=2921513&use=l&cat=p&typeid=i","cat":318430},{"id":268345,"n":"Biscuits fourrés BN Chocolat caramel - x3 - 855g","p":6.44,"u":"7,53 €/KG","img":"https://fd3-photos.leclercdrive.fr/image.ashx?id=2921474&use=l&cat=p&typeid=i","cat":284488},{"id":268352,"n":"Dentifrice Oral B Pro Expert  Healthy Whitening - 75ml","p":5.24,"u":"69,87 €/L","img":"https://fd3-photos.leclercdrive.fr/image.ashx?id=2920567&use=l&cat=p&typeid=i","cat":284612},{"id":268373,"n":"Entrecôte de boeuf *** L'Atelier Boucherie x2 - 360g","p":10.58,"u":"29,39 €/KG","img":"https://fd3-photos.leclercdrive.fr/image.ashx?id=2930564&use=l&cat=p&typeid=i","cat":284328},{"id":268375,"n":"Faux filet de boeuf *** L'Atelier Boucherie x2 - 330g","p":8.99,"u":"27,24 €/KG","img":"https://fd3-photos.leclercdrive.fr/image.ashx?id=2930567&use=l&cat=p&typeid=i","cat":284328},{"id":268378,"n":"Steak de boeuf ** L'Atelier Boucherie x1 - 140g","p":2.99,"u":"21,36 €/KG","img":"https://fd3-photos.leclercdrive.fr/image.ashx?id=2930570&use=l&cat=p&typeid=i","cat":284328},{"id":268384,"n":"Côte échine de porc L'Atelier Boucherie x2 - 350g","p":2.97,"u":"8,49 €/KG","img":"https://fd3-photos.leclercdrive.fr/image.ashx?id=2935573&use=l&cat=p&typeid=i","cat":284331},{"id":268385,"n":"Côte première de porc L'Atelier Boucherie x5 - 700g","p":5.59,"u":"7,99 €/KG","img":"https://fd3-photos.leclercdrive.fr/image.ashx?id=2930576&use=l&cat=p&typeid=i","cat":284331},{"id":268386,"n":"Côte de porc sans os L'Atelier Boucherie x2 - 200g","p":2.19,"u":"10,95 €/KG","img":"https://fd3-photos.leclercdrive.fr/image.ashx?id=2930603&use=l&cat=p&typeid=i","cat":284331},{"id":268453,"n":"Crème glaçée Erhard Rhum raisins - 450g","p":4.33,"u":"9,62 €/KG","img":"https://fd3-photos.leclercdrive.fr/image.ashx?id=2921768&use=l&cat=p&typeid=i","cat":284263},{"id":268454,"n":"Sorbet plein fruit Erhard Poire Williams - 488g","p":4.99,"u":"10,23 €/KG","img":"https://fd3-photos.leclercdrive.fr/image.ashx?id=2921765&use=l&cat=p&typeid=i","cat":284263},{"id":268460,"n":"Disque gel WC Nicols Océan - 10 doses","p":3.8,"u":"36,19 €/KG","img":"https://fd3-photos.leclercdrive.fr/image.ashx?id=2922140&use=l&cat=p&typeid=i","cat":284662},{"id":268461,"n":"Disque gel WC Nicols Citron - 10 doses","p":2.85,"u":"27,14 €/KG","img":"https://fd3-photos.leclercdrive.fr/image.ashx?id=2922137&use=l&cat=p&typeid=i","cat":284662},{"id":268465,"n":"Pepsi pack de 6 canettes  6x33cl","p":3.08,"u":"1,56 €/L","img":"https://fd3-photos.leclercdrive.fr/image.ashx?id=2921540&use=l&cat=p&typeid=i","cat":284530},{"id":268514,"n":"Dentifrice Oral B Expert Blanchiment doux 3x75ml","p":7.88,"u":"5,25 €/L","img":"https://fd3-photos.leclercdrive.fr/image.ashx?id=2920889&use=l&cat=p&typeid=i","cat":284612},{"id":268757,"n":"Couches Pampers Harmonie Taille 4 - x78 9kg","p":34.73,"u":"3,86 €/KG","img":"https://fd3-photos.leclercdrive.fr/image.ashx?id=2920963&use=l&cat=p&typeid=i","cat":284737},{"id":268765,"n":"Dentifrice Oral B Pro Expert Dents sensibles - 3x75ml","p":6.59,"u":"29,29 €/L","img":"https://fd3-photos.leclercdrive.fr/image.ashx?id=2920966&use=l&cat=p&typeid=i","cat":284612},{"id":268773,"n":"Dentifrice Oral B Expert Nettoyage intense - 3x75ml","p":6.59,"u":"29,29 €/L","img":"https://fd3-photos.leclercdrive.fr/image.ashx?id=2920972&use=l&cat=p&typeid=i","cat":284612},{"id":268774,"n":"Dentifrice Oral B Pro Expert 75ml","p":2.66,"u":"35,47 €/L","img":"https://fd3-photos.leclercdrive.fr/image.ashx?id=2920960&use=l&cat=p&typeid=i","cat":284612},{"id":268817,"n":"Couches culotte Pampers Baby Dry x86 Taille 5","p":34.9,"u":"0,41 €/P","img":"https://fd3-photos.leclercdrive.fr/image.ashx?id=2922269&use=l&cat=p&typeid=i","cat":290633},{"id":268821,"n":"Couches Pampers Baby Dry x98","p":37.13,"u":"0,38 €/P","img":"https://fd3-photos.leclercdrive.fr/image.ashx?id=2922278&use=l&cat=p&typeid=i","cat":284737},{"id":268822,"n":"Couches Pampers Baby Dry Taille 5 x88","p":30.9,"u":"0,35 €/P","img":"https://fd3-photos.leclercdrive.fr/image.ashx?id=2922281&use=l&cat=p&typeid=i","cat":284737},{"id":268832,"n":"Couches Pampers Premium Taille 3 - x112","p":35.97,"u":"0,32 €/P","img":"https://fd3-photos.leclercdrive.fr/image.ashx?id=2922251&use=l&cat=p&typeid=i","cat":284737},{"id":268835,"n":"Couches Pampers  Premium protection Taille 5 x80","p":35.97,"u":"0,45 €/P","img":"https://fd3-photos.leclercdrive.fr/image.ashx?id=2922257&use=l&cat=p&typeid=i","cat":284737},{"id":268886,"n":"Huile moteur Quartz Inéo 0W30 - 5L","p":55.9,"pp":39.13,"u":"7,83 €/L","img":"https://fd3-photos.leclercdrive.fr/image.ashx?id=2920957&use=l&cat=p&typeid=i","cat":298253},{"id":269044,"n":"Capsules de café Espresso  L'OR Supremo x40+10 - 260g","p":10.07,"u":"38,73 €/KG","img":"https://fd3-photos.leclercdrive.fr/image.ashx?id=2924932&use=l&cat=p&typeid=i","cat":284749},{"id":269069,"n":"Couches Pampers Baby Dry T3 : 6/10kg - x100 changes","p":29.98,"pp":19.79,"u":"0,20 €/P","img":"https://fd3-photos.leclercdrive.fr/image.ashx?id=2924914&use=l&cat=p&typeid=i","cat":284737},{"id":269073,"n":"Culottes Baby-Dry Pampers T5 - 11/16Kg  x76 changes","p":29.98,"pp":19.79,"u":"0,26 €/P","img":"https://fd3-photos.leclercdrive.fr/image.ashx?id=2941988&use=l&cat=p&typeid=i","cat":290633},{"id":269137,"n":"Roquefort AOP Société douceur 100g","p":2.55,"u":"25,50 €/KG","img":"https://fd3-photos.leclercdrive.fr/image.ashx?id=2922539&use=l&cat=p&typeid=i","cat":314032},{"id":269146,"n":"Bâtonnet Côte d'Or vanille Chocolat noir Amandes x4 260g","p":4.37,"u":"16,81 €/KG","img":"https://fd3-photos.leclercdrive.fr/image.ashx?id=2923864&use=l&cat=p&typeid=i","cat":284265},{"id":269147,"n":"Bâtonnet Côte d'Or vanille Sauce caramel x4 - 276g","p":4.38,"u":"15,87 €/KG","img":"https://fd3-photos.leclercdrive.fr/image.ashx?id=2923867&use=l&cat=p&typeid=i","cat":284265},{"id":269150,"n":"Capsules de Café KitKat Dolce Gusto x16","p":5.26,"u":"0,33 €/P","img":"https://fd3-photos.leclercdrive.fr/image.ashx?id=2924893&use=l&cat=p&typeid=i","cat":293239},{"id":269161,"n":"Lessive liquide Persil  Bouquet de Provence - 1,806L","p":7.79,"u":"4,31 €/L","img":"https://fd3-photos.leclercdrive.fr/image.ashx?id=2924977&use=l&cat=p&typeid=i","cat":284640},{"id":269166,"n":"Lessive liquide Persil  Bouquet de Provence - 2,565L","p":10.21,"u":"3,98 €/L","img":"https://fd3-photos.leclercdrive.fr/image.ashx?id=2924980&use=l&cat=p&typeid=i","cat":284640},{"id":269169,"n":"Lessive liquide Skip  Active clean - 2.520 L","p":15.89,"u":"6,31 €/L","img":"https://fd3-photos.leclercdrive.fr/image.ashx?id=2924974&use=l&cat=p&typeid=i","cat":284640},{"id":269176,"n":"Lessive liquide Skip  Peaux sensiles - 1,554L","p":12.33,"u":"7,93 €/L","img":"https://fd3-photos.leclercdrive.fr/image.ashx?id=2985669&use=l&cat=p&typeid=i","cat":284640},{"id":269197,"n":"Lessive liquide Persil  Douceur d'amande - 1.806","p":7.69,"u":"4,26 €/L","img":"https://fd3-photos.leclercdrive.fr/image.ashx?id=2944491&use=l&cat=p&typeid=i","cat":284640},{"id":269335,"n":"Déodorant Adidas Pure game - 150ml","p":3.13,"u":"20,87 €/L","img":"https://fd3-photos.leclercdrive.fr/image.ashx?id=2924290&use=l&cat=p&typeid=i","cat":284618},{"id":269337,"n":"Spray repulsif Primoplast Moustiques - 100ml","p":4.5,"u":"45,00 €/L","img":"https://fd3-photos.leclercdrive.fr/image.ashx?id=2958353&use=l&cat=p&typeid=i","cat":299654},{"id":269341,"n":"Arrangé Rivière du Mât Goyave - 70cl - 35%vol","p":17.45,"u":"24,93 €/L","img":"https://fd3-photos.leclercdrive.fr/image.ashx?id=2923651&use=l&cat=p&typeid=i","cat":284550},{"id":269344,"n":"Sucettes à glacer Super Mario Yeti 24x30g","p":3.45,"u":"4,79 €/KG","img":"https://fd3-photos.leclercdrive.fr/image.ashx?id=2923984&use=l&cat=p&typeid=i","cat":304250},{"id":269368,"n":"Olives Florelli Leccino Denoyautées - 320g","p":3.06,"u":"9,56 €/KG","img":"https://fd3-photos.leclercdrive.fr/image.ashx?id=2924431&use=l&cat=p&typeid=i","cat":284448},{"id":269369,"n":"Thon en morceaux Florelli A l'huile d'olive - 200g","p":5.44,"u":"27,20 €/KG","img":"https://fd3-photos.leclercdrive.fr/image.ashx?id=2924425&use=l&cat=p&typeid=i","cat":303867},{"id":269371,"n":"Thon Florelli Citron de sicile - 195g","p":4.28,"u":"21,95 €/KG","img":"https://fd3-photos.leclercdrive.fr/image.ashx?id=2924422&use=l&cat=p&typeid=i","cat":303867},{"id":269386,"n":"Lessive Liquide Persil Peaux Sensibles 43 lavages","p":8.99,"u":"4,98 €/L","img":"https://fd3-photos.leclercdrive.fr/image.ashx?id=2945838&use=l&cat=p&typeid=i","cat":284640},{"id":269392,"n":"Muesli Terres et Céréales  au Chocolat - 375g","p":3.23,"u":"8,61 €/KG","img":"https://fd3-photos.leclercdrive.fr/image.ashx?id=2923004&use=l&cat=p&typeid=i","cat":309512},{"id":269477,"n":"Mousse Double Chocolat Toblerone - 2x60g","p":2.75,"u":"22,92 €/KG","img":"https://fd3-photos.leclercdrive.fr/image.ashx?id=2923052&use=l&cat=p&typeid=i","cat":284417},{"id":269504,"n":"Fromage Leerdammer Croque Gourmand 8 tranches - 200g","p":2.15,"u":"10,75 €/KG","img":"https://fd3-photos.leclercdrive.fr/image.ashx?id=3004858&use=l&cat=p&typeid=i","cat":314028},{"id":269505,"n":"Halloumi AOP Salakis 200g","p":3.67,"u":"18,35 €/KG","img":"https://fd3-photos.leclercdrive.fr/image.ashx?id=2924626&use=l&cat=p&typeid=i","cat":314026},{"id":269553,"n":"Rouge à lèvres Maybelline Superstay Vynil Ink N°20","p":11.06,"img":"https://fd3-photos.leclercdrive.fr/image.ashx?id=2925301&use=l&cat=p&typeid=i","cat":287029},{"id":269562,"n":"Skyr à boire Siggi's Framboise 250g","p":1.67,"u":"6,68 €/KG","img":"https://fd3-photos.leclercdrive.fr/image.ashx?id=2927282&use=l&cat=p&typeid=i","cat":315000},{"id":269564,"n":"Rouge à lèvres Maybelline Superstay Vynil Ink N°15","p":12.6,"img":"https://fd3-photos.leclercdrive.fr/image.ashx?id=2925304&use=l&cat=p&typeid=i","cat":287029},{"id":269565,"n":"Skyr à boire Siggi's Vanille 250g","p":1.67,"u":"6,68 €/KG","img":"https://fd3-photos.leclercdrive.fr/image.ashx?id=2927285&use=l&cat=p&typeid=i","cat":315000},{"id":269568,"n":"Skyr à boire Siggi's Mangue passion 250g","p":1.7,"u":"6,80 €/KG","img":"https://fd3-photos.leclercdrive.fr/image.ashx?id=2927288&use=l&cat=p&typeid=i","cat":315000},{"id":269572,"n":"Mascara Maybelline Sky high Blue mist 7.2ml","p":8.95,"pp":5.91,"u":"844,29 €/L","img":"https://fd3-photos.leclercdrive.fr/image.ashx?id=2925307&use=l&cat=p&typeid=i","cat":287029},{"id":269578,"n":"Poudre bronzante L'Oréal  Terra 01 - x1","p":14.63,"img":"https://fd3-photos.leclercdrive.fr/image.ashx?id=2925430&use=l&cat=p&typeid=i","cat":287029},{"id":269584,"n":"Ginger shot Jafaden 15cl","p":0.69,"u":"4,60 €/L","img":"https://fd3-photos.leclercdrive.fr/image.ashx?id=2923405&use=l&cat=p&typeid=i","cat":284915},{"id":269587,"n":"BB crème L'Oréal  Teinte médium clair 03 - x1","p":10.87,"img":"https://fd3-photos.leclercdrive.fr/image.ashx?id=3014554&use=l&cat=p&typeid=i","cat":325345},{"id":269591,"n":"Poudre de teint L'Oréal  Infaillible Fresh wear x1","p":13.07,"img":"https://fd3-photos.leclercdrive.fr/image.ashx?id=2925436&use=l&cat=p&typeid=i","cat":287029},{"id":269593,"n":"Poudre de teint L'Oréal  Infaillible Fresh wear x1","p":15.99,"pp":10.55,"img":"https://fd3-photos.leclercdrive.fr/image.ashx?id=2925439&use=l&cat=p&typeid=i","cat":287029},{"id":269599,"n":"Illuminateur Lumi Glotion  902 light - 40ml","p":12.88,"u":"322,00 €/L","img":"https://fd3-photos.leclercdrive.fr/image.ashx?id=2925445&use=l&cat=p&typeid=i","cat":287029},{"id":269603,"n":"Encre à lèvres Maybelline Super Stay Mate","p":10.23,"img":"https://fd3-photos.leclercdrive.fr/image.ashx?id=2925454&use=l&cat=p&typeid=i","cat":287029},{"id":269800,"n":"Rouge à lèvres Encre Maybelline Super Stay Mate -","p":9.44,"img":"https://fd3-photos.leclercdrive.fr/image.ashx?id=2925457&use=l&cat=p&typeid=i","cat":287029},{"id":269801,"n":"Correcteur Effaceur Maybelline Multi-usage Teinte sable 22","p":8.77,"img":"https://fd3-photos.leclercdrive.fr/image.ashx?id=2925460&use=l&cat=p&typeid=i","cat":287029},{"id":269802,"n":"Correcteur effaceur Maybelline Multi-usages Teinte claire 03","p":8.65,"img":"https://fd3-photos.leclercdrive.fr/image.ashx?id=2925463&use=l&cat=p&typeid=i","cat":287029},{"id":269803,"n":"Perfecteur de teint Maybelline  4 en 1 Léger 01","p":10.67,"img":"https://fd3-photos.leclercdrive.fr/image.ashx?id=2925469&use=l&cat=p&typeid=i","cat":287029},{"id":269805,"n":"Jus de Tomate Pauline 1L","p":2.4,"u":"2,40 €/L","img":"https://fd3-photos.leclercdrive.fr/image.ashx?id=2926422&use=l&cat=p&typeid=i","cat":284523},{"id":269812,"n":"Gel nettoyant Garnier  Booster d'éclat - 250ml","p":5.41,"u":"21,64 €/L","img":"https://fd3-photos.leclercdrive.fr/image.ashx?id=2954241&use=l&cat=p&typeid=i","cat":284603},{"id":269844,"n":"Morceaux de sucre Saint Louis 1kg","p":3.01,"u":"3,01 €/KG","img":"https://fd3-photos.leclercdrive.fr/image.ashx?id=2926347&use=l&cat=p&typeid=i","cat":284502},{"id":269912,"n":"P'tit gourmand Nestlé  Vanille - 4x100g","p":1.59,"u":"3,98 €/KG","img":"https://fd3-photos.leclercdrive.fr/image.ashx?id=2946278&use=l&cat=p&typeid=i","cat":312392},{"id":269983,"n":"Barre Céréale Caramel Salé -55g Protéines & Vitamines - Fulfil","p":2.17,"u":"39,45 €/KG","img":"https://fd3-photos.leclercdrive.fr/image.ashx?id=2927612&use=l&cat=p&typeid=i","cat":300032},{"id":269984,"n":"Barre Céréale Noisette - 55g Protéines & Vitamines - Fulfil","p":2.27,"u":"41,27 €/KG","img":"https://fd3-photos.leclercdrive.fr/image.ashx?id=2927615&use=l&cat=p&typeid=i","cat":300032},{"id":269988,"n":"Barre Céréale Cacahuètes - 55g Protéines & Vitamines - Fulfil","p":2.27,"u":"41,27 €/KG","img":"https://fd3-photos.leclercdrive.fr/image.ashx?id=2927618&use=l&cat=p&typeid=i","cat":300032},{"id":270135,"n":"Déodorant Dove Tout le corps Crème Lavande 72H- 75ml","p":5.77,"u":"76,93 €/L","img":"https://fd3-photos.leclercdrive.fr/image.ashx?id=2927738&use=l&cat=p&typeid=i","cat":284595},{"id":270136,"n":"Brosse à dents enfant Signal Mario - x1","p":2.53,"img":"https://fd3-photos.leclercdrive.fr/image.ashx?id=2927732&use=l&cat=p&typeid=i","cat":288897},{"id":270145,"n":"Radis roses Notre Jardin 250g","p":2.29,"u":"9,16 €/KG","img":"https://fd3-photos.leclercdrive.fr/image.ashx?id=2657993&use=l&cat=p&typeid=i","cat":284352},{"id":270164,"n":"Sauce pesto Barilla Basilic mozzarella - 190g","p":2.17,"u":"11,42 €/KG","img":"https://fd3-photos.leclercdrive.fr/image.ashx?id=2927699&use=l&cat=p&typeid=i","cat":287599},{"id":270165,"n":"Sauce tomate Barilla Mijoté avec du porc - 300g","p":2.47,"u":"8,23 €/KG","img":"https://fd3-photos.leclercdrive.fr/image.ashx?id=2927696&use=l&cat=p&typeid=i","cat":287599},{"id":270169,"n":"Sauce bolognaise Barilla 300g","p":2.27,"u":"7,57 €/KG","img":"https://fd3-photos.leclercdrive.fr/image.ashx?id=2927693&use=l&cat=p&typeid=i","cat":299047},{"id":270170,"n":"Bâtonnet Oasis So Fruiz Exotique coeur vanille x6 282g","p":2.63,"u":"9,33 €/KG","img":"https://fd3-photos.leclercdrive.fr/image.ashx?id=2927396&use=l&cat=p&typeid=i","cat":284265},{"id":270171,"n":"Sauce tomate Barilla à la pancetta - 300g","p":2.47,"u":"8,23 €/KG","img":"https://fd3-photos.leclercdrive.fr/image.ashx?id=2927690&use=l&cat=p&typeid=i","cat":299047},{"id":270172,"n":"Bâtonnet Oasis So Fruiz Fruits rouges coeur vanille x6 282g","p":3.2,"u":"11,35 €/KG","img":"https://fd3-photos.leclercdrive.fr/image.ashx?id=2927399&use=l&cat=p&typeid=i","cat":284265},{"id":270173,"n":"Bâtonnets Nuii Pistache d'Anatolie crème x4 284g","p":4.33,"u":"15,25 €/KG","img":"https://fd3-photos.leclercdrive.fr/image.ashx?id=2927630&use=l&cat=p&typeid=i","cat":284265},{"id":270174,"n":"Barre de céréales Golden Graham 8x25g","p":2.93,"u":"14,65 €/KG","img":"https://fd3-photos.leclercdrive.fr/image.ashx?id=2927627&use=l&cat=p&typeid=i","cat":300032},{"id":270176,"n":"Sauce à l'echalote Rustica 300g","p":1.49,"u":"4,97 €/KG","img":"https://fd3-photos.leclercdrive.fr/image.ashx?id=2955089&use=l&cat=p&typeid=i","cat":288381},{"id":270180,"n":"Barre céréales P'tit Déli 138g","p":1.47,"u":"10,65 €/KG","img":"https://fd3-photos.leclercdrive.fr/image.ashx?id=2926176&use=l&cat=p&typeid=i","cat":300032},{"id":270198,"n":"Barres enfants P'tit Déli  Petales chocolats - 120g","p":1.48,"u":"12,33 €/KG","img":"https://fd3-photos.leclercdrive.fr/image.ashx?id=2926173&use=l&cat=p&typeid=i","cat":300032},{"id":270212,"n":"Bâtonnets Nuii chocolat noir Noix du Brésil x4 276g","p":4.88,"u":"17,68 €/KG","img":"https://fd3-photos.leclercdrive.fr/image.ashx?id=3000396&use=l&cat=p&typeid=i","cat":284265},{"id":270238,"n":"Filets  maquereaux Petit Navire Moutarde - 338g","p":4.01,"u":"11,86 €/KG","img":"https://fd3-photos.leclercdrive.fr/image.ashx?id=2928369&use=l&cat=p&typeid=i","cat":303868},{"id":270334,"n":"Infusion a froid Tisea Citron menthe - x15 33g","p":1.84,"u":"55,76 €/KG","img":"https://fd3-photos.leclercdrive.fr/image.ashx?id=2927774&use=l&cat=p&typeid=i","cat":293234},{"id":270349,"n":"Poudre cacaotée Nesquik  Moins de sucre - 350g","p":3.98,"u":"11,37 €/KG","img":"https://fd3-photos.leclercdrive.fr/image.ashx?id=3005380&use=l&cat=p&typeid=i","cat":293235},{"id":270365,"n":"Filets maquereaux Petit Navire Sauce catalane - 169g","p":1.75,"u":"10,36 €/KG","img":"https://fd3-photos.leclercdrive.fr/image.ashx?id=3010834&use=l&cat=p&typeid=i","cat":303868},{"id":270434,"n":"Rhum Captain Morgan Spiced Gold Sans Alcool - 70cl","p":10.95,"u":"15,64 €/L","img":"https://fd3-photos.leclercdrive.fr/image.ashx?id=2928074&use=l&cat=p&typeid=i","cat":284549},{"id":270463,"n":"Biscuits Baiocchi Pistache Mulino Bianco - 168g","p":3.03,"u":"18,04 €/KG","img":"https://fd3-photos.leclercdrive.fr/image.ashx?id=2929533&use=l&cat=p&typeid=i","cat":284487},{"id":270473,"n":"Dessert lacté Nestlé Biscuit dès 6mois - 4x100g","p":1.6,"u":"4,00 €/KG","img":"https://fd3-photos.leclercdrive.fr/image.ashx?id=2934914&use=l&cat=p&typeid=i","cat":312392},{"id":270483,"n":"Boisson Tropico Orange ananas 400ml","p":1.48,"u":"3,70 €/L","img":"https://fd3-photos.leclercdrive.fr/image.ashx?id=2929488&use=l&cat=p&typeid=i","cat":295018},{"id":270661,"n":"Ferments lactiques Vahiné Pour yahourt maison -20g","p":3.17,"u":"158,50 €/KG","img":"https://fd3-photos.leclercdrive.fr/image.ashx?id=2930069&use=l&cat=p&typeid=i","cat":284505},{"id":270679,"n":"Pâte a tartiner Nocciolata Bio cacao noisette - 400g","p":3.95,"u":"9,88 €/KG","img":"https://fd3-photos.leclercdrive.fr/image.ashx?id=2930412&use=l&cat=p&typeid=i","cat":284481},{"id":270766,"n":"Eau aromatisée Vittel Aro Fraise framboise - 1L","p":1.27,"u":"1,27 €/L","img":"https://fd3-photos.leclercdrive.fr/image.ashx?id=2940624&use=l&cat=p&typeid=i","cat":284537},{"id":270768,"n":"Eau aromatisée Vittel Aro Pêche abricot - 1L","p":1.27,"u":"1,27 €/L","img":"https://fd3-photos.leclercdrive.fr/image.ashx?id=2940627&use=l&cat=p&typeid=i","cat":284537},{"id":270776,"n":"Ferments lactiques Vahiné Pour yaourt maison - 16g","p":1.87,"u":"116,88 €/KG","img":"https://fd3-photos.leclercdrive.fr/image.ashx?id=2930063&use=l&cat=p&typeid=i","cat":284505},{"id":270778,"n":"Ferments lactiques vahiné Pour yaourt maison","p":2.67,"u":"133,50 €/KG","img":"https://fd3-photos.leclercdrive.fr/image.ashx?id=2930066&use=l&cat=p&typeid=i","cat":284505},{"id":270890,"n":"Framboises enrobées de Chocolat blanc - 150g","p":5.28,"u":"35,20 €/KG","img":"https://fd3-photos.leclercdrive.fr/image.ashx?id=2940785&use=l&cat=p&typeid=i","cat":284266},{"id":270892,"n":"Cônes artisanaux L'Angélys Café coulis de chocolat 4x70g","p":4.43,"u":"15,82 €/KG","img":"https://fd3-photos.leclercdrive.fr/image.ashx?id=2937595&use=l&cat=p&typeid=i","cat":284264},{"id":270907,"n":"Capsules café L'Or Espresso Pumpkin Spice x10","p":3.83,"u":"73,65 €/KG","img":"https://fd3-photos.leclercdrive.fr/image.ashx?id=2967460&use=l&cat=p&typeid=i","cat":284749},{"id":270988,"n":"Capsules café L'Or Espresso Brésil N°8 x30","p":9.41,"u":"60,32 €/KG","img":"https://fd3-photos.leclercdrive.fr/image.ashx?id=2938295&use=l&cat=p&typeid=i","cat":284749},{"id":270989,"n":"Barre P'tit Déli Boules choco - 120g","p":1.48,"u":"12,33 €/KG","img":"https://fd3-photos.leclercdrive.fr/image.ashx?id=2930132&use=l&cat=p&typeid=i","cat":300032},{"id":270993,"n":"Petit salé Céréal Bio  260g","p":2.27,"u":"8,73 €/KG","img":"https://fd3-photos.leclercdrive.fr/image.ashx?id=2936107&use=l&cat=p&typeid=i","cat":328010},{"id":271003,"n":"Tofu aux herbes Céréal Bio 250g","p":2.57,"u":"10,28 €/KG","img":"https://fd3-photos.leclercdrive.fr/image.ashx?id=2936113&use=l&cat=p&typeid=i","cat":328010},{"id":271005,"n":"Riz Ben's Original Micro-ondables long grain  450g","p":2.25,"u":"5,00 €/KG","img":"https://fd3-photos.leclercdrive.fr/image.ashx?id=2937634&use=l&cat=p&typeid=i","cat":287600},{"id":271010,"n":"Barre protéinée Gerlinéa Cacahuète et chocolat - 45g","p":1.57,"u":"34,89 €/KG","img":"https://fd3-photos.leclercdrive.fr/image.ashx?id=2936092&use=l&cat=p&typeid=i","cat":318652},{"id":271016,"n":"Biscuit Gerblé Amande - 210g","p":1.61,"u":"7,67 €/KG","img":"https://fd3-photos.leclercdrive.fr/image.ashx?id=2936101&use=l&cat=p&typeid=i","cat":284487},{"id":271047,"n":"Pinsa Harry's 230g","p":3.37,"u":"14,65 €/KG","img":"https://fd3-photos.leclercdrive.fr/image.ashx?id=2936377&use=l&cat=p&typeid=i","cat":284359},{"id":271068,"n":"Tablette Lindt Création Chocolat au lait entremets 150g","p":4.27,"u":"28,47 €/KG","img":"https://fd3-photos.leclercdrive.fr/image.ashx?id=2935798&use=l&cat=p&typeid=i","cat":284497},{"id":271070,"n":"Tablette de chocolat Lindt Lait amande - 200g","p":4.87,"u":"24,35 €/KG","img":"https://fd3-photos.leclercdrive.fr/image.ashx?id=2935801&use=l&cat=p&typeid=i","cat":284497},{"id":271147,"n":"Tranchettes truite fumée Petit Navire - 90g","p":3.53,"u":"39,22 €/KG","img":"https://fd3-photos.leclercdrive.fr/image.ashx?id=2937577&use=l&cat=p&typeid=i","cat":285188},{"id":271239,"n":"Chocolat Rocher Poulain Lait - 7x32g","p":2.85,"u":"12,72 €/KG","img":"https://fd3-photos.leclercdrive.fr/image.ashx?id=2937409&use=l&cat=p&typeid=i","cat":284499},{"id":271240,"n":"Rocher Poulain Chocolat noir - x7 - 224g","p":2.85,"u":"12,72 €/KG","img":"https://fd3-photos.leclercdrive.fr/image.ashx?id=2963463&use=l&cat=p&typeid=i","cat":284499},{"id":271241,"n":"Petit pois d'Aucy  Extra fins  - 3x140g","p":2.22,"u":"5,29 €/KG","img":"https://fd3-photos.leclercdrive.fr/image.ashx?id=2935663&use=l&cat=p&typeid=i","cat":312607},{"id":271245,"n":"Ramette de papier A4 75g Eco+ - 500 feuilles","p":3.57,"u":"0,01 €/P","img":"https://fd3-photos.leclercdrive.fr/image.ashx?id=2943142&use=l&cat=p&typeid=i","cat":284697},{"id":271272,"n":"Barre protéinée Optimum Nutrition chocolat noix 59g","p":2.97,"u":"50,34 €/KG","img":"https://fd3-photos.leclercdrive.fr/image.ashx?id=2937817&use=l&cat=p&typeid=i","cat":318652},{"id":271273,"n":"Barre protéinée Optimum Nutrition chocolat caramel","p":2.97,"u":"42,43 €/KG","img":"https://fd3-photos.leclercdrive.fr/image.ashx?id=2937820&use=l&cat=p&typeid=i","cat":318652},{"id":271275,"n":"Croquette Edgard & Cooper  Naturelle et sans céréales 750g","p":7.33,"u":"9,77 €/KG","img":"https://fd3-photos.leclercdrive.fr/image.ashx?id=2967947&use=l&cat=p&typeid=i","cat":284680},{"id":271277,"n":"Preparation crème glacée Vanille bourbon - 200g","p":2.57,"u":"12,85 €/KG","img":"https://fd3-photos.leclercdrive.fr/image.ashx?id=2936332&use=l&cat=p&typeid=i","cat":284505},{"id":271284,"n":"Préparation creme glacée Vahiné Chocolat noir - 210g","p":3.23,"u":"15,38 €/KG","img":"https://fd3-photos.leclercdrive.fr/image.ashx?id=2936335&use=l&cat=p&typeid=i","cat":284505},{"id":271285,"n":"Pepites de chocolat Vahiné  Brownies - 310g","p":3.48,"u":"11,23 €/KG","img":"https://fd3-photos.leclercdrive.fr/image.ashx?id=2936320&use=l&cat=p&typeid=i","cat":284505},{"id":271441,"n":"Gaufrettes protéines Nutramino Noisettes - 39g","p":2.88,"u":"73,85 €/KG","img":"https://fd3-photos.leclercdrive.fr/image.ashx?id=2937932&use=l&cat=p&typeid=i","cat":318652},{"id":271442,"n":"Pates mafaldelle Panzani 500g","p":1.33,"u":"2,66 €/KG","img":"https://fd3-photos.leclercdrive.fr/image.ashx?id=2935747&use=l&cat=p&typeid=i","cat":284427},{"id":271443,"n":"Petits pois Bonduelle  3x140g","p":2.81,"u":"6,69 €/KG","img":"https://fd3-photos.leclercdrive.fr/image.ashx?id=2935882&use=l&cat=p&typeid=i","cat":312607},{"id":271449,"n":"Cookies chunks Vahiné 3 chocolats - 330g","p":2.38,"u":"7,21 €/KG","img":"https://fd3-photos.leclercdrive.fr/image.ashx?id=2936329&use=l&cat=p&typeid=i","cat":284505},{"id":271457,"n":"Papier toilette Le Trèfle Infini x4","p":3.59,"u":"0,90 €/P","img":"https://fd3-photos.leclercdrive.fr/image.ashx?id=2938193&use=l&cat=p&typeid=i","cat":284634},{"id":271459,"n":"Papier toilette Le Trèfle Ultra Care x6","p":4.75,"u":"0,79 €/P","img":"https://fd3-photos.leclercdrive.fr/image.ashx?id=2974042&use=l&cat=p&typeid=i","cat":284634},{"id":271461,"n":"Essuie-tout Sopalin Power x3","p":2.77,"u":"0,92 €/P","img":"https://fd3-photos.leclercdrive.fr/image.ashx?id=2964078&use=l&cat=p&typeid=i","cat":284635},{"id":271465,"n":"Préparation Vahiné  gaufres pancakes crepes - 240g","p":2.37,"u":"9,88 €/KG","img":"https://fd3-photos.leclercdrive.fr/image.ashx?id=2936323&use=l&cat=p&typeid=i","cat":284505},{"id":271466,"n":"Préparation Vahiné Cookies muffins cake - 300g","p":1.97,"u":"6,57 €/KG","img":"https://fd3-photos.leclercdrive.fr/image.ashx?id=2936326&use=l&cat=p&typeid=i","cat":284505},{"id":271485,"n":"Sauce pesto rosso Sacla 190g","p":2.68,"u":"14,11 €/KG","img":"https://fd3-photos.leclercdrive.fr/image.ashx?id=2938115&use=l&cat=p&typeid=i","cat":287599},{"id":271489,"n":"Barre Vitabio Bio abricot noisette graines 75","p":2.94,"u":"39,20 €/KG","img":"https://fd3-photos.leclercdrive.fr/image.ashx?id=2936884&use=l&cat=p&typeid=i","cat":318652},{"id":271496,"n":"Choux de bruxelles  530g","p":1.75,"u":"3,30 €/KG","img":"https://fd3-photos.leclercdrive.fr/image.ashx?id=2931956&use=l&cat=p&typeid=i","cat":312611},{"id":271506,"n":"Mélanges Notre Jardin Legumes secs base soja 250g","p":1.81,"u":"7,24 €/KG","img":"https://fd3-photos.leclercdrive.fr/image.ashx?id=2931965&use=l&cat=p&typeid=i","cat":312606},{"id":271507,"n":"Melange Notre Jardin  Haricots noirs - 250g","p":1.81,"u":"7,24 €/KG","img":"https://fd3-photos.leclercdrive.fr/image.ashx?id=2931968&use=l&cat=p&typeid=i","cat":312606},{"id":271508,"n":"Mélange Notre Jardin Legumes secs base de soja 250g","p":1.49,"u":"5,96 €/KG","img":"https://fd3-photos.leclercdrive.fr/image.ashx?id=2931959&use=l&cat=p&typeid=i","cat":312606},{"id":271509,"n":"Mélange Notre Jardin Haricots noirs - 250g","p":1.49,"u":"5,96 €/KG","img":"https://fd3-photos.leclercdrive.fr/image.ashx?id=2931962&use=l&cat=p&typeid=i","cat":312606},{"id":271510,"n":"Sauce poivre Rustica 300g","p":1.1,"u":"3,67 €/KG","img":"https://fd3-photos.leclercdrive.fr/image.ashx?id=2955059&use=l&cat=p&typeid=i","cat":318431},{"id":271512,"n":"Gourdes Babybio Bio Multipack 7- 20g","p":7.43,"u":"10,32 €/KG","img":"https://fd3-photos.leclercdrive.fr/image.ashx?id=2936887&use=l&cat=p&typeid=i","cat":284508},{"id":271513,"n":"Ramen Tables du Monde 362g","p":2.47,"u":"6,82 €/KG","img":"https://fd3-photos.leclercdrive.fr/image.ashx?id=2931974&use=l&cat=p&typeid=i","cat":288992},{"id":271515,"n":"Ramen Tables du Monde Boeuf - 362g","p":2.47,"u":"6,82 €/KG","img":"https://fd3-photos.leclercdrive.fr/image.ashx?id=2931977&use=l&cat=p&typeid=i","cat":288992},{"id":271527,"n":"Thé noir Yellow Lipton  x50 - 100g","p":1.95,"u":"19,50 €/KG","img":"https://fd3-photos.leclercdrive.fr/image.ashx?id=2987320&use=l&cat=p&typeid=i","cat":293233},{"id":271535,"n":"Tendre effilés Felix Junior - 12x85g","p":4.74,"u":"4,65 €/KG","img":"https://fd3-photos.leclercdrive.fr/image.ashx?id=2957671&use=l&cat=p&typeid=i","cat":285286},{"id":271542,"n":"Bouchées gourmet Purina Gelée de poulet -  228g","p":2.67,"u":"11,71 €/KG","img":"https://fd3-photos.leclercdrive.fr/image.ashx?id=2959677&use=l&cat=p&typeid=i","cat":285286},{"id":271543,"n":"Bouchées en gelée Purina Gourmet Révélations saumon 228g","p":2.93,"u":"12,85 €/KG","img":"https://fd3-photos.leclercdrive.fr/image.ashx?id=2938280&use=l&cat=p&typeid=i","cat":285286},{"id":271545,"n":"Les filettines Gourmet Purina Poulet en sauce - 2,4kg","p":11.17,"img":"https://fd3-photos.leclercdrive.fr/image.ashx?id=2964159&use=l&cat=p&typeid=i","cat":285286},{"id":271616,"n":"Bière blonde Corona Extra Canette 50cl","p":1.5,"u":"0,50 €/L","img":"https://fd3-photos.leclercdrive.fr/image.ashx?id=2937841&use=l&cat=p&typeid=i","cat":334853},{"id":271639,"n":"Eau gazeuse St-Yorre 5x1.15L + 1 bouteille offerte","p":2.78,"u":"0,40 €/L","img":"https://fd3-photos.leclercdrive.fr/image.ashx?id=2935903&use=l&cat=p&typeid=i","cat":284536},{"id":271651,"n":"AOC Côtes du Rhône vin rouge Saint-Pierre - 75cl","p":5.96,"u":"7,95 €/L","img":"https://fd3-photos.leclercdrive.fr/image.ashx?id=2944873&use=l&cat=p&typeid=i","cat":289556},{"id":271669,"n":"Blanc pétillant sans alcool La vie en zéro - 75cl","p":7.05,"u":"9,40 €/L","img":"https://fd3-photos.leclercdrive.fr/image.ashx?id=2937142&use=l&cat=p&typeid=i","cat":289460},{"id":271670,"n":"Rosé pétillant sans alcool La vie en zéro - 75cl","p":7.05,"u":"9,40 €/L","img":"https://fd3-photos.leclercdrive.fr/image.ashx?id=2937139&use=l&cat=p&typeid=i","cat":289461},{"id":271677,"n":"Jus de fruit Capri-Sun Cerise Grenades - 330ml","p":1.09,"u":"3,30 €/L","img":"https://fd3-photos.leclercdrive.fr/image.ashx?id=2944329&use=l&cat=p&typeid=i","cat":295018},{"id":271678,"n":"Vin du Portugal Mateus Rosé - 37.5cl","p":2.8,"u":"3,73 €/L","img":"https://fd3-photos.leclercdrive.fr/image.ashx?id=2940417&use=l&cat=p&typeid=i","cat":289558},{"id":271680,"n":"Bière triple belge Saine Cru Harakiri - 75cl 8% vol.","p":5.33,"u":"7,11 €/L","img":"https://fd3-photos.leclercdrive.fr/image.ashx?id=2937466&use=l&cat=p&typeid=i","cat":334872},{"id":271685,"n":"Boisson énergisante gazéifiée Arizona Pastèque - 500ml","p":1.47,"u":"2,94 €/L","img":"https://fd3-photos.leclercdrive.fr/image.ashx?id=2935636&use=l&cat=p&typeid=i","cat":284533},{"id":271840,"n":"Boisson orange  Pago Sans pulpe - 75cl","p":2.13,"u":"2,84 €/L","img":"https://fd3-photos.leclercdrive.fr/image.ashx?id=2940738&use=l&cat=p&typeid=i","cat":284521},{"id":271843,"n":"Whisky Singleton Malt Master's 40% - 70cl","p":26.9,"u":"38,43 €/L","img":"https://fd3-photos.leclercdrive.fr/image.ashx?id=2955191&use=l&cat=p&typeid=i","cat":284547},{"id":271881,"n":"Crème dessert Vahiné à la  vanille de Bourbon - 300g","p":1.89,"u":"6,30 €/KG","img":"https://fd3-photos.leclercdrive.fr/image.ashx?id=2936338&use=l&cat=p&typeid=i","cat":284505},{"id":271912,"n":"Bière aromatisée Slash Fruits rouges - 3x33cl 8% vol.","p":4.73,"u":"4,78 €/L","img":"https://fd3-photos.leclercdrive.fr/image.ashx?id=2936449&use=l&cat=p&typeid=i","cat":334878},{"id":271913,"n":"Bière aromatisée Slash Fruits rouges - 50cl 8% vol.","p":2.07,"u":"4,14 €/L","img":"https://fd3-photos.leclercdrive.fr/image.ashx?id=2936452&use=l&cat=p&typeid=i","cat":334853},{"id":271967,"n":"Déodorant spray Adidas After sport 150ml","p":2.66,"u":"17,73 €/L","img":"https://fd3-photos.leclercdrive.fr/image.ashx?id=2937367&use=l&cat=p&typeid=i","cat":284618},{"id":271971,"n":"Déodorant bille Sanex Natur  Protect Aloe vera 50ml","p":3.19,"u":"63,80 €/L","img":"https://fd3-photos.leclercdrive.fr/image.ashx?id=2938310&use=l&cat=p&typeid=i","cat":284595},{"id":271976,"n":"Brosse à dent Elmex Sensitive x1","p":3.87,"img":"https://fd3-photos.leclercdrive.fr/image.ashx?id=2938307&use=l&cat=p&typeid=i","cat":284614},{"id":271978,"n":"Dentifrice Blancheur Signal White Now 3en1 blancheur 75ml","p":4.77,"u":"63,60 €/L","img":"https://fd3-photos.leclercdrive.fr/image.ashx?id=2985684&use=l&cat=p&typeid=i","cat":284612},{"id":271982,"n":"Dentifrice Blancheur Signal White Now 3en1 Charbon 75ml","p":4.29,"u":"57,20 €/L","img":"https://fd3-photos.leclercdrive.fr/image.ashx?id=2938340&use=l&cat=p&typeid=i","cat":284612},{"id":271986,"n":"Brioche tressée Harry's  Chocolat - 500g","p":3.42,"u":"6,84 €/KG","img":"https://fd3-photos.leclercdrive.fr/image.ashx?id=2936374&use=l&cat=p&typeid=i","cat":285529},{"id":271995,"n":"Dentifrice Sensodyne  Sensibilité & gencives 75ml","p":3.95,"u":"52,67 €/L","img":"https://fd3-photos.leclercdrive.fr/image.ashx?id=2937799&use=l&cat=p&typeid=i","cat":284612},{"id":271998,"n":"Dentifrice Sensodyne Multi-protection 75ml","p":5.07,"u":"67,60 €/L","img":"https://fd3-photos.leclercdrive.fr/image.ashx?id=2937802&use=l&cat=p&typeid=i","cat":284612},{"id":271999,"n":"Soin douche Le Petit  Marseillais Lait d'avoine 400ml","p":3.13,"u":"7,83 €/L","img":"https://fd3-photos.leclercdrive.fr/image.ashx?id=2937298&use=l&cat=p&typeid=i","cat":284594},{"id":272001,"n":"Soin douche Le Petit Marseillais Lait de riz 400ml","p":3.13,"u":"7,83 €/L","img":"https://fd3-photos.leclercdrive.fr/image.ashx?id=2937301&use=l&cat=p&typeid=i","cat":284594},{"id":272101,"n":"Chips Lays Ossau Iraty tomate 120g","p":1.38,"u":"11,50 €/KG","img":"https://fd3-photos.leclercdrive.fr/image.ashx?id=2962275&use=l&cat=p&typeid=i","cat":284447},{"id":272105,"n":"Sucre en morceaux Tutti Free Sucralose - 290g","p":2.69,"u":"9,28 €/KG","img":"https://fd3-photos.leclercdrive.fr/image.ashx?id=2962437&use=l&cat=p&typeid=i","cat":284502},{"id":272114,"n":"MADELEINES LAIT FRAIS","p":2.22,"u":"7,40 €/KG","img":"https://fd3-photos.leclercdrive.fr/image.ashx?id=2960822&use=l&cat=p&typeid=i","cat":284492},{"id":272116,"n":"Chips Savour Poivre noir - 120g","p":1.65,"u":"13,75 €/KG","img":"https://fd3-photos.leclercdrive.fr/image.ashx?id=2933470&use=l&cat=p&typeid=i","cat":284447},{"id":272117,"n":"Riz basmati Ben's Original Micro ondable - 450g","p":2.67,"u":"5,93 €/KG","img":"https://fd3-photos.leclercdrive.fr/image.ashx?id=2963826&use=l&cat=p&typeid=i","cat":284428},{"id":272118,"n":"Riz basmati Taureau Ailé Doypack citron 220g","p":1.65,"u":"7,50 €/KG","img":"https://fd3-photos.leclercdrive.fr/image.ashx?id=2948237&use=l&cat=p&typeid=i","cat":287600},{"id":272119,"n":"Doypack  basmati Taureau Ailé Curry vert - 220g","p":1.73,"u":"7,86 €/KG","img":"https://fd3-photos.leclercdrive.fr/image.ashx?id=2948240&use=l&cat=p&typeid=i","cat":287600},{"id":272121,"n":"Pâte à tartiner Nocciolata Bio - 400g","p":4.82,"u":"12,05 €/KG","img":"https://fd3-photos.leclercdrive.fr/image.ashx?id=2941964&use=l&cat=p&typeid=i","cat":284481},{"id":272129,"n":"Ravioli Paul & Louise Ricotta epinards - 300g","p":2.93,"u":"9,77 €/KG","img":"https://fd3-photos.leclercdrive.fr/image.ashx?id=2962962&use=l&cat=p&typeid=i","cat":287600},{"id":272132,"n":"Corned beef Dolo 200g","p":2.47,"u":"12,35 €/KG","img":"https://fd3-photos.leclercdrive.fr/image.ashx?id=3008641&use=l&cat=p&typeid=i","cat":305149},{"id":272136,"n":"Chocolat Côte d'Or Lait noisettes - 100g","p":2.17,"u":"21,70 €/KG","img":"https://fd3-photos.leclercdrive.fr/image.ashx?id=2963988&use=l&cat=p&typeid=i","cat":284957},{"id":272141,"n":"Chocolat Côte d'Or Noir noisettes - 100g","p":2.17,"u":"21,70 €/KG","img":"https://fd3-photos.leclercdrive.fr/image.ashx?id=2963991&use=l&cat=p&typeid=i","cat":284956},{"id":272145,"n":"Latté Kitkat Nescafé  273g","p":4.95,"u":"18,13 €/KG","img":"https://fd3-photos.leclercdrive.fr/image.ashx?id=2952178&use=l&cat=p&typeid=i","cat":284843},{"id":272146,"n":"Sauce Bechamel Rustica 500g","p":1.49,"u":"2,98 €/KG","img":"https://fd3-photos.leclercdrive.fr/image.ashx?id=2958765&use=l&cat=p&typeid=i","cat":318430},{"id":272256,"n":"Pains Burger Brioché Epi d'Or x4 - 250g","p":1.25,"u":"5,00 €/KG","img":"https://fd3-photos.leclercdrive.fr/image.ashx?id=2933613&use=l&cat=p&typeid=i","cat":325067},{"id":272347,"n":"Bouteilles Fuse  Lave-vaisselle - 2x1L","p":25.97,"img":"https://fd3-photos.leclercdrive.fr/image.ashx?id=2961320&use=l&cat=p&typeid=i","cat":334135},{"id":272349,"n":"Sérum visage Nivea Anti-age  30ml","p":23.77,"u":"792,33 €/L","img":"https://fd3-photos.leclercdrive.fr/image.ashx?id=2991304&use=l&cat=p&typeid=i","cat":325345},{"id":272351,"n":"Masque Sérum Garnier Hyaluron+  Répare tissus x1","p":2.97,"img":"https://fd3-photos.leclercdrive.fr/image.ashx?id=2986657&use=l&cat=p&typeid=i","cat":325346},{"id":272699,"n":"Barres céréales Kellogg's Choco Corn Flakes x6 - 144g","p":1.99,"u":"13,82 €/KG","img":"https://fd3-photos.leclercdrive.fr/image.ashx?id=2941071&use=l&cat=p&typeid=i","cat":300032},{"id":272702,"n":"Céréales Trésor Kellogg's  Choco Brownie - 375g","p":3.0,"u":"8,00 €/KG","img":"https://fd3-photos.leclercdrive.fr/image.ashx?id=2938821&use=l&cat=p&typeid=i","cat":309513},{"id":272705,"n":"Chips Tuiles Pringles Cream Cheese et Herbes-165g","p":2.47,"u":"14,97 €/KG","img":"https://fd3-photos.leclercdrive.fr/image.ashx?id=2941065&use=l&cat=p&typeid=i","cat":287899},{"id":272707,"n":"Chips Tuiles Pringles Hot Fried Chicken-160g","p":2.47,"u":"15,44 €/KG","img":"https://fd3-photos.leclercdrive.fr/image.ashx?id=2941068&use=l&cat=p&typeid=i","cat":287899},{"id":272842,"n":"Infusion Kusmi Tea - Bio Pomme Cannelle x20 - 28g","p":4.5,"u":"160,71 €/KG","img":"https://fd3-photos.leclercdrive.fr/image.ashx?id=2934987&use=l&cat=p&typeid=i","cat":293234},{"id":272843,"n":"Infusion Kusmi Tea - Bio Réglisse Menthe x20 - 24g","p":4.39,"u":"182,92 €/KG","img":"https://fd3-photos.leclercdrive.fr/image.ashx?id=2934990&use=l&cat=p&typeid=i","cat":293234},{"id":272863,"n":"Pop billes Leerdammer x12 45g","p":1.93,"u":"42,89 €/KG","img":"https://fd3-photos.leclercdrive.fr/image.ashx?id=2964261&use=l&cat=p&typeid=i","cat":314027},{"id":272919,"n":"Sauce pour CheeseBurger Amora - 250g","p":2.34,"u":"9,36 €/KG","img":"https://fd3-photos.leclercdrive.fr/image.ashx?id=2938962&use=l&cat=p&typeid=i","cat":318431},{"id":272977,"n":"Surligneurs Stabilo Boss original x7","p":8.38,"img":"https://fd3-photos.leclercdrive.fr/image.ashx?id=2938800&use=l&cat=p&typeid=i","cat":284696},{"id":273108,"n":"Capsules café L'Or Espresso Brésil N°8 x10","p":3.53,"u":"67,88 €/KG","img":"https://fd3-photos.leclercdrive.fr/image.ashx?id=2942825&use=l&cat=p&typeid=i","cat":284749},{"id":273189,"n":"Huile spéciale pizza Abel - 250ml","p":2.7,"u":"10,80 €/L","img":"https://fd3-photos.leclercdrive.fr/image.ashx?id=2962263&use=l&cat=p&typeid=i","cat":284453},{"id":273426,"n":"Boisson énergisante Crazy Tiger 35cl","p":1.09,"u":"3,11 €/L","img":"https://fd3-photos.leclercdrive.fr/image.ashx?id=2955032&use=l&cat=p&typeid=i","cat":284533},{"id":273443,"n":"Dentifrice Colgate Total  Prevention 24h active 150ml","p":4.38,"u":"29,20 €/L","img":"https://fd3-photos.leclercdrive.fr/image.ashx?id=2952181&use=l&cat=p&typeid=i","cat":284612},{"id":273444,"n":"Riz Taureau Ailé 2x500g","p":3.15,"u":"3,15 €/KG","img":"https://fd3-photos.leclercdrive.fr/image.ashx?id=2963745&use=l&cat=p&typeid=i","cat":284428},{"id":273449,"n":"Riz basmati Taureau Ailé  2x500g","p":3.15,"u":"3,15 €/KG","img":"https://fd3-photos.leclercdrive.fr/image.ashx?id=2963748&use=l&cat=p&typeid=i","cat":284428},{"id":273455,"n":"Recharges Touch & Fresh Glade Marine 2+1 30ml","p":5.6,"u":"186,67 €/L","img":"https://fd3-photos.leclercdrive.fr/image.ashx?id=2964538&use=l&cat=p&typeid=i","cat":311628},{"id":273456,"n":"Recharges Touch & Fresh Muguet 2+1 - 30ml","p":5.6,"u":"186,67 €/L","img":"https://fd3-photos.leclercdrive.fr/image.ashx?id=2963859&use=l&cat=p&typeid=i","cat":311628},{"id":273464,"n":"Culotte Tena Silhouette Plus noir - 12p","p":6.93,"u":"0,58 €/P","img":"https://fd3-photos.leclercdrive.fr/image.ashx?id=2951037&use=l&cat=p&typeid=i","cat":284628},{"id":273467,"n":"Culotte Tena Silhouette Plus Noir - x10p","p":6.93,"u":"0,69 €/P","img":"https://fd3-photos.leclercdrive.fr/image.ashx?id=2951040&use=l&cat=p&typeid=i","cat":284628},{"id":273468,"n":"Culottes Tena Silhouette Plus Blanc - x10p","p":6.93,"u":"0,69 €/P","img":"https://fd3-photos.leclercdrive.fr/image.ashx?id=2951043&use=l&cat=p&typeid=i","cat":284628},{"id":273541,"n":"Boisson pétillante Quezac Citron - 1.15L","p":0.69,"pp":0.48,"u":"0,42 €/L","img":"https://fd3-photos.leclercdrive.fr/image.ashx?id=2963460&use=l&cat=p&typeid=i","cat":284536},{"id":273584,"n":"Colle Pattex Fixation - 44g","p":7.36,"img":"https://fd3-photos.leclercdrive.fr/image.ashx?id=2957017&use=l&cat=p&typeid=i","cat":300576},{"id":273672,"n":"Minis saucissons Croc'sec Noisette Cochonou - 130g","p":2.66,"u":"20,46 €/KG","img":"https://fd3-photos.leclercdrive.fr/image.ashx?id=2948947&use=l&cat=p&typeid=i","cat":316006},{"id":273674,"n":"Minis saucissons Croc'sec Brie Cochonou - 130g","p":2.76,"u":"21,23 €/KG","img":"https://fd3-photos.leclercdrive.fr/image.ashx?id=2963181&use=l&cat=p&typeid=i","cat":316006},{"id":273729,"n":"Crêpes cola Whaou! Crazy x6 - 180g","p":2.5,"u":"13,89 €/KG","img":"https://fd3-photos.leclercdrive.fr/image.ashx?id=2962872&use=l&cat=p&typeid=i","cat":284494},{"id":273844,"n":"Duo de petits récipients Monbento - 2x100ml","p":11.0,"img":"https://fd3-photos.leclercdrive.fr/image.ashx?id=2943009&use=l&cat=p&typeid=i","cat":334134},{"id":273845,"n":"Gourde aluminium Monbento 650ml","p":15.0,"img":"https://fd3-photos.leclercdrive.fr/image.ashx?id=3005742&use=l&cat=p&typeid=i","cat":284710},{"id":273849,"n":"Boîte à en-cas Monbento Double compartiment - 400ml","p":14.0,"img":"https://fd3-photos.leclercdrive.fr/image.ashx?id=3005739&use=l&cat=p&typeid=i","cat":284710},{"id":273852,"n":"Sac repas Monbento x1","p":20.0,"img":"https://fd3-photos.leclercdrive.fr/image.ashx?id=3005730&use=l&cat=p&typeid=i","cat":313597},{"id":273854,"n":"Boîte repas Monbento 2 étages - x1","p":38.0,"img":"https://fd3-photos.leclercdrive.fr/image.ashx?id=3005787&use=l&cat=p&typeid=i","cat":284710},{"id":273858,"n":"Pâtes Perles de Semoule Ferrero 450g","p":1.68,"u":"3,73 €/KG","img":"https://fd3-photos.leclercdrive.fr/image.ashx?id=2943852&use=l&cat=p&typeid=i","cat":284427},{"id":273864,"n":"Capsules lave-vaisselle Finish Ultimate - x57 - 735g","p":11.88,"pp":7.13,"u":"9,70 €/KG","img":"https://fd3-photos.leclercdrive.fr/image.ashx?id=3011593&use=l&cat=p&typeid=i","cat":284656},{"id":273973,"n":"Thon entier Rio Mare huile d'olive - 4x65g","p":4.97,"u":"19,12 €/KG","img":"https://fd3-photos.leclercdrive.fr/image.ashx?id=2944434&use=l&cat=p&typeid=i","cat":303867},{"id":274082,"n":"Lame de rasoir ComfortGlide Breeze - x4","p":14.37,"img":"https://fd3-photos.leclercdrive.fr/image.ashx?id=2944440&use=l&cat=p&typeid=i","cat":325352},{"id":274147,"n":"Couches Pampers Harmonie Taille 1 - x23","p":7.49,"img":"https://fd3-photos.leclercdrive.fr/image.ashx?id=2944446&use=l&cat=p&typeid=i","cat":284737},{"id":274343,"n":"Café dosettes Tassimo Milka x10","p":4.82,"u":"30,13 €/KG","img":"https://fd3-photos.leclercdrive.fr/image.ashx?id=2944461&use=l&cat=p&typeid=i","cat":293240},{"id":274346,"n":"Sucre de canne Saint Louis Morceaux secables 1kg","p":2.59,"u":"2,59 €/KG","img":"https://fd3-photos.leclercdrive.fr/image.ashx?id=2943966&use=l&cat=p&typeid=i","cat":284502},{"id":274347,"n":"Sauté de veau William Saurin Legumes - 280g","p":3.23,"u":"11,54 €/KG","img":"https://fd3-photos.leclercdrive.fr/image.ashx?id=2943984&use=l&cat=p&typeid=i","cat":284953},{"id":274348,"n":"Recettes terrine Lily's Kitchen 6x150g","p":9.97,"u":"11,08 €/KG","img":"https://fd3-photos.leclercdrive.fr/image.ashx?id=2944350&use=l&cat=p&typeid=i","cat":284673},{"id":274384,"n":"Pâtée pour chien Lily's Kitchen Poulet et légumes - 400g","p":3.09,"u":"7,73 €/KG","img":"https://fd3-photos.leclercdrive.fr/image.ashx?id=2944927&use=l&cat=p&typeid=i","cat":288578},{"id":274385,"n":"Friandises Lily's Kitchen au boeuf - 70g","p":4.07,"u":"58,14 €/KG","img":"https://fd3-photos.leclercdrive.fr/image.ashx?id=2944930&use=l&cat=p&typeid=i","cat":294527},{"id":274386,"n":"Friandises Lily's Kitchen au poulet - 70g","p":4.12,"u":"58,86 €/KG","img":"https://fd3-photos.leclercdrive.fr/image.ashx?id=2944933&use=l&cat=p&typeid=i","cat":294527},{"id":274395,"n":"Friandises Lily's Kitchen Poulet et Saumon - 70g","p":3.14,"u":"44,86 €/KG","img":"https://fd3-photos.leclercdrive.fr/image.ashx?id=2944936&use=l&cat=p&typeid=i","cat":294527},{"id":274403,"n":"Friandises Lily's Kitchen  au Canard - 70g","p":3.14,"u":"44,86 €/KG","img":"https://fd3-photos.leclercdrive.fr/image.ashx?id=2944939&use=l&cat=p&typeid=i","cat":294527},{"id":274409,"n":"Pâtée pour chien Lily's Kitchen Chevreuil, Faisan Saumon - 400g","p":3.87,"u":"9,68 €/KG","img":"https://fd3-photos.leclercdrive.fr/image.ashx?id=2944942&use=l&cat=p&typeid=i","cat":288578},{"id":274410,"n":"Terrine Lily's Kitchen  Boeuf et légumes - 150g","p":1.83,"u":"12,20 €/KG","img":"https://fd3-photos.leclercdrive.fr/image.ashx?id=2944945&use=l&cat=p&typeid=i","cat":284673},{"id":274414,"n":"Terrine Lily's Kitchen Poulet, Dinde et légumes - 150g","p":1.83,"u":"12,20 €/KG","img":"https://fd3-photos.leclercdrive.fr/image.ashx?id=2944948&use=l&cat=p&typeid=i","cat":284673},{"id":274415,"n":"Terrine Lily's Kitchen Agneau, Légumes, Myrtille- 150g","p":1.83,"u":"1,22 €/L","img":"https://fd3-photos.leclercdrive.fr/image.ashx?id=2944951&use=l&cat=p&typeid=i","cat":284673},{"id":274419,"n":"Pain au lait La Boulangère  Pepites de chocolats - 280g","p":2.81,"u":"10,04 €/KG","img":"https://fd3-photos.leclercdrive.fr/image.ashx?id=2944879&use=l&cat=p&typeid=i","cat":294673},{"id":274421,"n":"Compotes Pom'Potes Pomme  Poire Banane - x4 - 360g","p":2.17,"u":"6,03 €/KG","img":"https://fd3-photos.leclercdrive.fr/image.ashx?id=2949826&use=l&cat=p&typeid=i","cat":284508},{"id":274422,"n":"Compotes Pom'Potes Pomme  Fraise Cerise - x4 - 360g","p":2.33,"u":"6,47 €/KG","img":"https://fd3-photos.leclercdrive.fr/image.ashx?id=3010921&use=l&cat=p&typeid=i","cat":284508},{"id":274426,"n":"Compotes Pom'Potes Pomme  Framboise Citron vert x4 - 360g","p":2.23,"u":"6,19 €/KG","img":"https://fd3-photos.leclercdrive.fr/image.ashx?id=2943813&use=l&cat=p&typeid=i","cat":284508},{"id":274427,"n":"Compotes Pom'Potes Pomme Pêche  Pamplemousse - x4 - 360g","p":1.97,"u":"5,47 €/KG","img":"https://fd3-photos.leclercdrive.fr/image.ashx?id=3010918&use=l&cat=p&typeid=i","cat":284508},{"id":274428,"n":"Compotes Pom'Potes Pomme Ananas Orange/Citron - x12 - 1.08kg","p":5.91,"u":"5,47 €/KG","img":"https://fd3-photos.leclercdrive.fr/image.ashx?id=3010963&use=l&cat=p&typeid=i","cat":284508},{"id":274500,"n":"Brioche tranchée La Boulangère 450g","p":2.23,"u":"4,96 €/KG","img":"https://fd3-photos.leclercdrive.fr/image.ashx?id=2944882&use=l&cat=p&typeid=i","cat":285529},{"id":274509,"n":"Yaourt à la Grecque Danone Fraise - 4x110g","p":2.18,"u":"4,95 €/KG","img":"https://fd3-photos.leclercdrive.fr/image.ashx?id=2992729&use=l&cat=p&typeid=i","cat":314999},{"id":274526,"n":"Capsules lave-vaisselle Finish Ultimate Plus - Citron - 573g","p":11.88,"pp":7.13,"u":"12,44 €/KG","img":"https://fd3-photos.leclercdrive.fr/image.ashx?id=2945646&use=l&cat=p&typeid=i","cat":284656},{"id":274538,"n":"Recharge diffuseur électrique Airwick - Vanille - 19ml","p":4.08,"u":"214,74 €/L","img":"https://fd3-photos.leclercdrive.fr/image.ashx?id=2945634&use=l&cat=p&typeid=i","cat":311629},{"id":274540,"n":"Recharges spray automatique Airwick - Bois - 228ml","p":5.13,"u":"22,50 €/L","img":"https://fd3-photos.leclercdrive.fr/image.ashx?id=2945631&use=l&cat=p&typeid=i","cat":311629},{"id":274544,"n":"Recharge diffuseur électrique Airwick - Coton - 19ml","p":4.64,"u":"244,21 €/L","img":"https://fd3-photos.leclercdrive.fr/image.ashx?id=2945640&use=l&cat=p&typeid=i","cat":311629},{"id":274552,"n":"Recharge diffuseur électrique Airwick - Brume coton - 20ml","p":4.33,"u":"216,50 €/L","img":"https://fd3-photos.leclercdrive.fr/image.ashx?id=2945835&use=l&cat=p&typeid=i","cat":311629},{"id":274554,"n":"Yaourt à la Grecque Danone Citron - 4x110g","p":2.44,"u":"5,55 €/KG","img":"https://fd3-photos.leclercdrive.fr/image.ashx?id=2992744&use=l&cat=p&typeid=i","cat":314999},{"id":274555,"n":"Yaourt à la Grecque Danone Caramel - 4x110g","p":2.47,"u":"5,61 €/KG","img":"https://fd3-photos.leclercdrive.fr/image.ashx?id=2992741&use=l&cat=p&typeid=i","cat":314999},{"id":274559,"n":"Yaourt à la Grecque Danone Coco - 4x110g","p":2.47,"u":"5,61 €/KG","img":"https://fd3-photos.leclercdrive.fr/image.ashx?id=3010990&use=l&cat=p&typeid=i","cat":314999},{"id":274571,"n":"Skyr protéiné Danone nature 0% MG - 825g","p":4.73,"u":"5,73 €/KG","img":"https://fd3-photos.leclercdrive.fr/image.ashx?id=2951028&use=l&cat=p&typeid=i","cat":315000},{"id":274593,"n":"Danone Skyr nature  x4 - 400g","p":2.31,"u":"5,78 €/KG","img":"https://fd3-photos.leclercdrive.fr/image.ashx?id=2960654&use=l&cat=p&typeid=i","cat":315000},{"id":274683,"n":"Toastinable d'artichauts Ponti - 130g","p":2.37,"u":"18,23 €/KG","img":"https://fd3-photos.leclercdrive.fr/image.ashx?id=2971410&use=l&cat=p&typeid=i","cat":284451},{"id":274684,"n":"Toastinable de tomates Ponti - 130g","p":1.95,"u":"15,00 €/KG","img":"https://fd3-photos.leclercdrive.fr/image.ashx?id=2971407&use=l&cat=p&typeid=i","cat":284451},{"id":274685,"n":"Toastinable d'olives noires Ponti - 130g","p":2.37,"u":"18,23 €/KG","img":"https://fd3-photos.leclercdrive.fr/image.ashx?id=2945799&use=l&cat=p&typeid=i","cat":284451},{"id":274686,"n":"Toastinable d'olives vertes Ponti - 130g","p":1.95,"u":"15,00 €/KG","img":"https://fd3-photos.leclercdrive.fr/image.ashx?id=2945802&use=l&cat=p&typeid=i","cat":284451},{"id":274689,"n":"Bonbons Trolli Strawbies - 175g","p":1.85,"u":"10,57 €/KG","img":"https://fd3-photos.leclercdrive.fr/image.ashx?id=2945721&use=l&cat=p&typeid=i","cat":304250},{"id":274835,"n":"Fraisier Marie Morin 2x110g","p":4.47,"u":"20,32 €/KG","img":"https://fd3-photos.leclercdrive.fr/image.ashx?id=2947994&use=l&cat=p&typeid=i","cat":284419},{"id":274876,"n":"AOC Puisseguin Saint-Emilion L'Horizon bleu - 75cl","p":6.57,"u":"8,76 €/L","img":"https://fd3-photos.leclercdrive.fr/image.ashx?id=2946568&use=l&cat=p&typeid=i","cat":289556},{"id":274957,"n":"Flocons d'avoine Happy Bio Bio - 1kg","p":2.75,"u":"2,75 €/KG","img":"https://fd3-photos.leclercdrive.fr/image.ashx?id=2946544&use=l&cat=p&typeid=i","cat":309512},{"id":274958,"n":"Biscuit Hoops Chocolat au lait - 128g","p":1.81,"u":"14,14 €/KG","img":"https://fd3-photos.leclercdrive.fr/image.ashx?id=2949457&use=l&cat=p&typeid=i","cat":284488},{"id":274959,"n":"Biscuit Hoops  Chocolat blanc - 128g","p":1.92,"u":"15,00 €/KG","img":"https://fd3-photos.leclercdrive.fr/image.ashx?id=2949454&use=l&cat=p&typeid=i","cat":284488},{"id":274966,"n":"Huile d'olive vierge extra Abel Fruitées - 75cl","p":8.27,"u":"11,03 €/L","img":"https://fd3-photos.leclercdrive.fr/image.ashx?id=2949448&use=l&cat=p&typeid=i","cat":284453},{"id":274967,"n":"Chips Monster Crazy Cheddar oignon - 150g","p":1.9,"u":"12,67 €/KG","img":"https://fd3-photos.leclercdrive.fr/image.ashx?id=2946559&use=l&cat=p&typeid=i","cat":284447},{"id":274968,"n":"Sablés Bio Naturaline Amandes citron - 200g","p":2.68,"u":"13,40 €/KG","img":"https://fd3-photos.leclercdrive.fr/image.ashx?id=2948905&use=l&cat=p&typeid=i","cat":284487},{"id":274969,"n":"Cookies Bio Naturaline noisettes pépites chocolat 200g","p":3.3,"u":"16,50 €/KG","img":"https://fd3-photos.leclercdrive.fr/image.ashx?id=2946982&use=l&cat=p&typeid=i","cat":325066},{"id":274970,"n":"Cookies Bio Naturaline Extra gourmands - 200g","p":2.25,"u":"11,25 €/KG","img":"https://fd3-photos.leclercdrive.fr/image.ashx?id=2946979&use=l&cat=p&typeid=i","cat":325066},{"id":274977,"n":"Lingettes Carolin Multi-usages  x80","p":3.67,"u":"0,05 €/P","img":"https://fd3-photos.leclercdrive.fr/image.ashx?id=2946562&use=l&cat=p&typeid=i","cat":325358},{"id":274994,"n":"Lames Wilkinson  The face Groomer - x4","p":14.65,"u":"3,66 €/P","img":"https://fd3-photos.leclercdrive.fr/image.ashx?id=2946619&use=l&cat=p&typeid=i","cat":284616},{"id":275017,"n":"Boisson fruitée Tropicana Orange pomme grenade 1L","p":1.89,"u":"1,89 €/L","img":"https://fd3-photos.leclercdrive.fr/image.ashx?id=3010810&use=l&cat=p&typeid=i","cat":284917},{"id":275019,"n":"Pain Pinsa La Boulangère 230g","p":2.6,"u":"11,30 €/KG","img":"https://fd3-photos.leclercdrive.fr/image.ashx?id=2946607&use=l&cat=p&typeid=i","cat":284359},{"id":275024,"n":"Lingettes serpillières Carolin  Tous types de sols - x15","p":2.93,"u":"0,20 €/P","img":"https://fd3-photos.leclercdrive.fr/image.ashx?id=2946970&use=l&cat=p&typeid=i","cat":284907},{"id":275025,"n":"Lingettes serpillières Carolin  pour parquets - x15","p":3.85,"u":"0,26 €/P","img":"https://fd3-photos.leclercdrive.fr/image.ashx?id=2946973&use=l&cat=p&typeid=i","cat":284907},{"id":275029,"n":"Lames de rasoir Wilkinson Double edge blades x10","p":3.0,"img":"https://fd3-photos.leclercdrive.fr/image.ashx?id=2946724&use=l&cat=p&typeid=i","cat":284616},{"id":275040,"n":"Dentastix Light Pedigree  Grand chien - x7 - 152g","p":3.06,"u":"20,13 €/KG","img":"https://fd3-photos.leclercdrive.fr/image.ashx?id=2946625&use=l&cat=p&typeid=i","cat":294527},{"id":275041,"n":"Dentastix Light Pedigree  Moyen chien - x7 - 98g","p":1.67,"u":"17,04 €/KG","img":"https://fd3-photos.leclercdrive.fr/image.ashx?id=2946628&use=l&cat=p&typeid=i","cat":294527},{"id":275046,"n":"Dentastix Light Pedigree Petit chien - x7 - 58g","p":1.27,"u":"21,90 €/KG","img":"https://fd3-photos.leclercdrive.fr/image.ashx?id=2946631&use=l&cat=p&typeid=i","cat":294527},{"id":275203,"n":"Dessert lacté Ptit gourmand  Caramel - 4x10gg","p":1.6,"u":"4,00 €/KG","img":"https://fd3-photos.leclercdrive.fr/image.ashx?id=2978191&use=l&cat=p&typeid=i","cat":312392},{"id":275204,"n":"Semoule au lait P'tit gourmand 4x100g","p":1.6,"u":"4,00 €/KG","img":"https://fd3-photos.leclercdrive.fr/image.ashx?id=2978194&use=l&cat=p&typeid=i","cat":312392},{"id":275205,"n":"Dessert lacté P'tit Gourmand 4x100g","p":1.59,"u":"3,98 €/KG","img":"https://fd3-photos.leclercdrive.fr/image.ashx?id=2978197&use=l&cat=p&typeid=i","cat":312392},{"id":275207,"n":"Lait-sérum Nivea Corps raffermissant Q10 200ml","p":8.23,"u":"41,15 €/L","img":"https://fd3-photos.leclercdrive.fr/image.ashx?id=2947156&use=l&cat=p&typeid=i","cat":325349},{"id":275209,"n":"Sérum visage Nivea Luminous 360 Skin Glow Eclat immédiat - 30ml","p":13.17,"u":"439,00 €/L","img":"https://fd3-photos.leclercdrive.fr/image.ashx?id=2977660&use=l&cat=p&typeid=i","cat":325345},{"id":275210,"n":"Crème visage homme Hydratante Peaux sensibles 50ml","p":9.91,"u":"198,20 €/L","img":"https://fd3-photos.leclercdrive.fr/image.ashx?id=2947298&use=l&cat=p&typeid=i","cat":284622},{"id":275211,"n":"Soin visage fluide Nivea Anti-UV Quotidien FPS50+ 30ml","p":16.07,"u":"535,67 €/L","img":"https://fd3-photos.leclercdrive.fr/image.ashx?id=3000827&use=l&cat=p&typeid=i","cat":325345},{"id":275212,"n":"Sérum visage Nivea Eclat vitamine C - 30ml","p":15.03,"u":"501,00 €/L","img":"https://fd3-photos.leclercdrive.fr/image.ashx?id=3000824&use=l&cat=p&typeid=i","cat":325345},{"id":275213,"n":"Soin visage fluide Nivea Anti-UV Glycostop Q10 40ml","p":14.27,"u":"356,75 €/L","img":"https://fd3-photos.leclercdrive.fr/image.ashx?id=3000830&use=l&cat=p&typeid=i","cat":325345},{"id":275214,"n":"Curry  pois chiches Cassegrain A l'indienne - 430g","p":2.78,"u":"6,47 €/KG","img":"https://fd3-photos.leclercdrive.fr/image.ashx?id=2952490&use=l&cat=p&typeid=i","cat":287599},{"id":275215,"n":"Eau micellaire démaquillant Nivea Peaux imperfections 400ml","p":5.99,"u":"14,98 €/MT","img":"https://fd3-photos.leclercdrive.fr/image.ashx?id=2947168&use=l&cat=p&typeid=i","cat":284603},{"id":275216,"n":"Crème hydratante Nivea Fraîcheur - 200ml","p":6.6,"u":"33,00 €/L","img":"https://fd3-photos.leclercdrive.fr/image.ashx?id=2947159&use=l&cat=p&typeid=i","cat":325350},{"id":275217,"n":"Crème visage jour Nivea Anti-âge repulpant SPF30 50ml","p":12.92,"u":"258,40 €/L","img":"https://fd3-photos.leclercdrive.fr/image.ashx?id=3000815&use=l&cat=p&typeid=i","cat":325345},{"id":275218,"n":"Chili de haricots Cassegrain A la mexicaine - 430g","p":2.27,"u":"5,28 €/KG","img":"https://fd3-photos.leclercdrive.fr/image.ashx?id=2962125&use=l&cat=p&typeid=i","cat":287599},{"id":275220,"n":"Dahl de lentilles Cassegrain A l'indienne - 435g","p":2.78,"u":"6,39 €/KG","img":"https://fd3-photos.leclercdrive.fr/image.ashx?id=2946904&use=l&cat=p&typeid=i","cat":287599},{"id":275222,"n":"Trio de poivrons Cassegrain Sarrasin - 375g","p":4.1,"u":"10,93 €/KG","img":"https://fd3-photos.leclercdrive.fr/image.ashx?id=2953459&use=l&cat=p&typeid=i","cat":287599},{"id":275224,"n":"Barre de céréales Lion 8x25g","p":3.25,"u":"16,25 €/KG","img":"https://fd3-photos.leclercdrive.fr/image.ashx?id=2947195&use=l&cat=p&typeid=i","cat":285869},{"id":275225,"n":"Barre de céréales Chocapic 8x25g","p":2.87,"u":"14,35 €/KG","img":"https://fd3-photos.leclercdrive.fr/image.ashx?id=2947198&use=l&cat=p&typeid=i","cat":285869},{"id":275232,"n":"Sérum Nivea Q10 Anti-rides Tous types de peaux -15ml","p":9.37,"u":"624,67 €/L","img":"https://fd3-photos.leclercdrive.fr/image.ashx?id=3014611&use=l&cat=p&typeid=i","cat":325345},{"id":275236,"n":"Lingettes Carolin  Anti-bactériennes  - x80","p":3.33,"u":"0,04 €/P","img":"https://fd3-photos.leclercdrive.fr/image.ashx?id=2946964&use=l&cat=p&typeid=i","cat":325358},{"id":275240,"n":"Lingettes Carolin Citron Ultra dégraissant - x80","p":3.67,"u":"0,05 €/P","img":"https://fd3-photos.leclercdrive.fr/image.ashx?id=2946976&use=l&cat=p&typeid=i","cat":325358},{"id":275244,"n":"Dentifrice Sensodyne  Sensibilité et gencives -75ml","p":4.66,"u":"62,13 €/L","img":"https://fd3-photos.leclercdrive.fr/image.ashx?id=2947180&use=l&cat=p&typeid=i","cat":284612},{"id":275245,"n":"Dentifrice Sensodyne Blancheur - 75ml","p":4.7,"u":"62,67 €/L","img":"https://fd3-photos.leclercdrive.fr/image.ashx?id=2947183&use=l&cat=p&typeid=i","cat":284612},{"id":275260,"n":"Déodorant spray Sanex Aloe vera Bio Sensitive - 200ml","p":3.2,"u":"16,00 €/L","img":"https://fd3-photos.leclercdrive.fr/image.ashx?id=2948537&use=l&cat=p&typeid=i","cat":284595},{"id":275318,"n":"Colle Loctite Super glue  3x1g","p":4.43,"img":"https://fd3-photos.leclercdrive.fr/image.ashx?id=2947835&use=l&cat=p&typeid=i","cat":300576},{"id":275352,"n":"Déodorant bille bio Sanex Bambou Fresh - 50ml","p":3.19,"u":"63,80 €/L","img":"https://fd3-photos.leclercdrive.fr/image.ashx?id=2949088&use=l&cat=p&typeid=i","cat":284595},{"id":275353,"n":"Déodorant bille Sanex Minéral efficacité - 50ml","p":3.77,"u":"75,40 €/L","img":"https://fd3-photos.leclercdrive.fr/image.ashx?id=2949091&use=l&cat=p&typeid=i","cat":284595},{"id":275379,"n":"Masque nutrition Le Petit Marseillais - Intense - 370ml","p":5.75,"u":"15,54 €/L","img":"https://fd3-photos.leclercdrive.fr/image.ashx?id=2966439&use=l&cat=p&typeid=i","cat":284608},{"id":275380,"n":"Masque expert réparation Huile de jojoba - 370ml","p":5.57,"u":"15,05 €/L","img":"https://fd3-photos.leclercdrive.fr/image.ashx?id=2961023&use=l&cat=p&typeid=i","cat":284608},{"id":275381,"n":"Gel douche Dop Lait végétal Pyrénées - 480ml","p":2.37,"u":"4,94 €/L","img":"https://fd3-photos.leclercdrive.fr/image.ashx?id=2955348&use=l&cat=p&typeid=i","cat":284594},{"id":275398,"n":"Saucisse Knacki Herta Sel réduit - x6 - 210g","p":2.83,"u":"13,48 €/KG","img":"https://fd3-photos.leclercdrive.fr/image.ashx?id=2948824&use=l&cat=p&typeid=i","cat":316012},{"id":275401,"n":"Knacki Gourmande Herta  100% pur porc x4 - 280g","p":2.58,"u":"9,21 €/KG","img":"https://fd3-photos.leclercdrive.fr/image.ashx?id=2948827&use=l&cat=p&typeid=i","cat":316012},{"id":275404,"n":"Shampooing Dop Hair Argan - 480ml","p":2.37,"u":"4,94 €/L","img":"https://fd3-photos.leclercdrive.fr/image.ashx?id=2955372&use=l&cat=p&typeid=i","cat":284606},{"id":275405,"n":"Shampooing Dop Hair Amande - 480ml","p":2.52,"u":"5,25 €/L","img":"https://fd3-photos.leclercdrive.fr/image.ashx?id=2955369&use=l&cat=p&typeid=i","cat":284606},{"id":275406,"n":"Pâte nettoyante Cillit Bang 470g","p":3.64,"u":"7,74 €/KG","img":"https://fd3-photos.leclercdrive.fr/image.ashx?id=2948986&use=l&cat=p&typeid=i","cat":325357},{"id":275407,"n":"Shampooing Dop Hair Karité - 480ml","p":2.37,"u":"4,94 €/L","img":"https://fd3-photos.leclercdrive.fr/image.ashx?id=2955378&use=l&cat=p&typeid=i","cat":284606},{"id":275408,"n":"Shampooing P'tit Dop Amande - 480ml","p":3.87,"u":"8,06 €/MT","img":"https://fd3-photos.leclercdrive.fr/image.ashx?id=2955381&use=l&cat=p&typeid=i","cat":284606},{"id":275410,"n":"Shampooing Dop Vitamines - 480ml","p":2.37,"u":"4,94 €/L","img":"https://fd3-photos.leclercdrive.fr/image.ashx?id=2955384&use=l&cat=p&typeid=i","cat":284606},{"id":275413,"n":"Gel douche Dop Framboise - 480ml","p":3.15,"u":"6,56 €/L","img":"https://fd3-photos.leclercdrive.fr/image.ashx?id=2955354&use=l&cat=p&typeid=i","cat":284594},{"id":275415,"n":"Gel douche enfance Dop Barbe à papa - 310ml","p":2.72,"u":"8,77 €/L","img":"https://fd3-photos.leclercdrive.fr/image.ashx?id=2955357&use=l&cat=p&typeid=i","cat":284594},{"id":275418,"n":"Gel douche enfance Dop Bonbons - 310ml","p":2.47,"u":"7,97 €/L","img":"https://fd3-photos.leclercdrive.fr/image.ashx?id=2955360&use=l&cat=p&typeid=i","cat":284594},{"id":275419,"n":"Gel douche enfance Dop Caramel - 310ml","p":2.65,"u":"8,55 €/L","img":"https://fd3-photos.leclercdrive.fr/image.ashx?id=2955363&use=l&cat=p&typeid=i","cat":284594},{"id":275506,"n":"Lait Le Petit Marseillais Nutrition Amande Argan 250ml","p":4.14,"u":"16,56 €/L","img":"https://fd3-photos.leclercdrive.fr/image.ashx?id=2950330&use=l&cat=p&typeid=i","cat":325349},{"id":275507,"n":"Lait Le Petit Marseillais Nutrition Argan 400ml","p":5.39,"u":"13,48 €/L","img":"https://fd3-photos.leclercdrive.fr/image.ashx?id=2950333&use=l&cat=p&typeid=i","cat":325349},{"id":275508,"n":"Shampooing Le Petit Marseillais Blonde ensolleilé 300ml","p":2.27,"u":"7,57 €/L","img":"https://fd3-photos.leclercdrive.fr/image.ashx?id=2950336&use=l&cat=p&typeid=i","cat":284606},{"id":275509,"n":"Shampooing Dessange Couleur - 280ml","p":4.22,"u":"15,07 €/L","img":"https://fd3-photos.leclercdrive.fr/image.ashx?id=2955405&use=l&cat=p&typeid=i","cat":284606},{"id":275510,"n":"Shampooing Primoplast Anti-poux et lentes 125ml","p":4.73,"u":"37,84 €/L","img":"https://fd3-photos.leclercdrive.fr/image.ashx?id=2958359&use=l&cat=p&typeid=i","cat":299654},{"id":275511,"n":"Gel douche enfance Dop Pomme d'amour - 310ml","p":2.47,"u":"7,97 €/L","img":"https://fd3-photos.leclercdrive.fr/image.ashx?id=2955366&use=l&cat=p&typeid=i","cat":284594},{"id":275512,"n":"Gel douche L'arbre vert Peaux sensibles - 720ml","p":5.93,"u":"8,24 €/L","img":"https://fd3-photos.leclercdrive.fr/image.ashx?id=2950303&use=l&cat=p&typeid=i","cat":284594},{"id":275514,"n":"Shampooing nourrissant Timotei Huiles précieuses - 300ml","p":2.47,"u":"8,23 €/L","img":"https://fd3-photos.leclercdrive.fr/image.ashx?id=2950699&use=l&cat=p&typeid=i","cat":284606},{"id":275515,"n":"Crème douche L'Arbre vert Argan -Ecolabel - 260ml","p":2.48,"u":"9,54 €/L","img":"https://fd3-photos.leclercdrive.fr/image.ashx?id=2969163&use=l&cat=p&typeid=i","cat":284594},{"id":275520,"n":"Shampooing Timotei Purifiant & détox - 300ml","p":2.44,"u":"8,13 €/L","img":"https://fd3-photos.leclercdrive.fr/image.ashx?id=2950705&use=l&cat=p&typeid=i","cat":284606},{"id":275523,"n":"Shampooing Head & Shoulders Hydrate - 250ml","p":5.11,"u":"20,44 €/L","img":"https://fd3-photos.leclercdrive.fr/image.ashx?id=2950873&use=l&cat=p&typeid=i","cat":284606},{"id":275525,"n":"Shampooing Head & Shoulders Revitalise - 250ml","p":5.11,"u":"20,44 €/L","img":"https://fd3-photos.leclercdrive.fr/image.ashx?id=2950876&use=l&cat=p&typeid=i","cat":284606},{"id":275526,"n":"Lait de brushing Dessange Hydratant - 140ml","p":9.49,"u":"67,79 €/L","img":"https://fd3-photos.leclercdrive.fr/image.ashx?id=2955387&use=l&cat=p&typeid=i","cat":284608},{"id":275527,"n":"Eponge Spontex L'essentielle - x3","p":1.46,"img":"https://fd3-photos.leclercdrive.fr/image.ashx?id=2950255&use=l&cat=p&typeid=i","cat":284667},{"id":275528,"n":"Sérum Dessange Extrême 3 huiles - 110ml","p":9.49,"u":"86,27 €/L","img":"https://fd3-photos.leclercdrive.fr/image.ashx?id=2954624&use=l&cat=p&typeid=i","cat":284608},{"id":275529,"n":"Soin cheveux Dessange Nutri-richesse - 110ml","p":6.83,"u":"62,09 €/L","img":"https://fd3-photos.leclercdrive.fr/image.ashx?id=2955390&use=l&cat=p&typeid=i","cat":284608},{"id":275531,"n":"Masque Dessange Nutri-Extrême - 280ml","p":6.66,"u":"23,79 €/L","img":"https://fd3-photos.leclercdrive.fr/image.ashx?id=2955393&use=l&cat=p&typeid=i","cat":284608},{"id":275602,"n":"Gel douche Dove Advanced Care Nutrition intense - 2x225ml","p":5.18,"u":"11,51 €/L","img":"https://fd3-photos.leclercdrive.fr/image.ashx?id=2949586&use=l&cat=p&typeid=i","cat":284594},{"id":275604,"n":"Lingettes Demak'up Fraîcheur Peaux sensibles 3x25","p":6.19,"img":"https://fd3-photos.leclercdrive.fr/image.ashx?id=2949520&use=l&cat=p&typeid=i","cat":284603},{"id":275607,"n":"Gel douche Dove Fraîcheur - 2x450ml","p":6.15,"u":"6,83 €/L","img":"https://fd3-photos.leclercdrive.fr/image.ashx?id=2949580&use=l&cat=p&typeid=i","cat":284594},{"id":275609,"n":"Dentifrice Sensodyne Haleine extra fresh - 2x75ml","p":7.11,"u":"47,40 €/L","img":"https://fd3-photos.leclercdrive.fr/image.ashx?id=2949574&use=l&cat=p&typeid=i","cat":284612},{"id":275613,"n":"Lait hydratant Noix de coco Bio 400ml","p":4.7,"u":"11,75 €/L","img":"https://fd3-photos.leclercdrive.fr/image.ashx?id=2950327&use=l&cat=p&typeid=i","cat":325349},{"id":275614,"n":"Lait apaisant hydratation Aloe vera Bio - 400ml","p":5.3,"u":"13,25 €/L","img":"https://fd3-photos.leclercdrive.fr/image.ashx?id=2949535&use=l&cat=p&typeid=i","cat":325349},{"id":275615,"n":"Gel douche Ushuaïa Minéraux marins - 280ml","p":2.5,"u":"8,93 €/L","img":"https://fd3-photos.leclercdrive.fr/image.ashx?id=3008791&use=l&cat=p&typeid=i","cat":284594},{"id":275616,"n":"Gel douche délassante Ushuaïa Huile essentielle d'Ylang 280ml","p":2.5,"u":"8,93 €/L","img":"https://fd3-photos.leclercdrive.fr/image.ashx?id=2949544&use=l&cat=p&typeid=i","cat":284594},{"id":275617,"n":"Gel douche Ushuaïa Orchidée - 280ml","p":2.97,"u":"10,61 €/L","img":"https://fd3-photos.leclercdrive.fr/image.ashx?id=2949541&use=l&cat=p&typeid=i","cat":284594},{"id":275618,"n":"Gel douche hydratant Ushuaïa Grenade - 280ml","p":2.5,"u":"8,93 €/L","img":"https://fd3-photos.leclercdrive.fr/image.ashx?id=2949550&use=l&cat=p&typeid=i","cat":284594},{"id":275619,"n":"Crème de douche Ushuaïa Lait de coco - 280ml","p":2.27,"u":"8,11 €/L","img":"https://fd3-photos.leclercdrive.fr/image.ashx?id=2949553&use=l&cat=p&typeid=i","cat":284594},{"id":275620,"n":"Gel douche tonifiant Ushuaïa Extrait de cèdre - 280ml","p":2.5,"u":"8,93 €/L","img":"https://fd3-photos.leclercdrive.fr/image.ashx?id=2949556&use=l&cat=p&typeid=i","cat":284594},{"id":275653,"n":"Dentifrice Aquafresh Naturals Menthe rafraichissante 75ml","p":2.03,"u":"27,07 €/L","img":"https://fd3-photos.leclercdrive.fr/image.ashx?id=2950708&use=l&cat=p&typeid=i","cat":284612},{"id":275658,"n":"Dentifrice Colgate Max White Expert original - 75ml","p":4.0,"u":"53,33 €/L","img":"https://fd3-photos.leclercdrive.fr/image.ashx?id=2950900&use=l&cat=p&typeid=i","cat":284612},{"id":275659,"n":"Soin visage Garnier BHA+ Niacinamide SPF50+ - 40ml","p":12.39,"u":"309,75 €/L","img":"https://fd3-photos.leclercdrive.fr/image.ashx?id=3000797&use=l&cat=p&typeid=i","cat":325345},{"id":275661,"n":"Soin visage Garnier Aloe vera Hyaluronique 250ml","p":5.13,"u":"20,52 €/L","img":"https://fd3-photos.leclercdrive.fr/image.ashx?id=2954244&use=l&cat=p&typeid=i","cat":325345},{"id":275662,"n":"Soin hydratant Garnier Hyaluron Liquide quotidien - 120ml","p":7.75,"u":"64,58 €/L","img":"https://fd3-photos.leclercdrive.fr/image.ashx?id=2986654&use=l&cat=p&typeid=i","cat":325345},{"id":275663,"n":"Lotion exfoliante Garnier Salicylique - 120ml","p":9.8,"u":"81,67 €/L","img":"https://fd3-photos.leclercdrive.fr/image.ashx?id=2954253&use=l&cat=p&typeid=i","cat":325346},{"id":275665,"n":"Fluide Garnier hyaluronique Anti-uv quotidien SPF50+ 40ml","p":9.81,"u":"245,25 €/L","img":"https://fd3-photos.leclercdrive.fr/image.ashx?id=2954256&use=l&cat=p&typeid=i","cat":325345},{"id":275666,"n":"Dentifrice Sanogyl Multiprotection Gencives 75ml","p":3.69,"u":"49,20 €/L","img":"https://fd3-photos.leclercdrive.fr/image.ashx?id=2950204&use=l&cat=p&typeid=i","cat":284612},{"id":275668,"n":"Dentifrice Sanogyl Multiprotection blancheur 75ml","p":4.49,"u":"59,87 €/L","img":"https://fd3-photos.leclercdrive.fr/image.ashx?id=2950207&use=l&cat=p&typeid=i","cat":284612},{"id":275669,"n":"Dentifrice Sanogyl Soin global - 75ml","p":3.17,"u":"42,27 €/L","img":"https://fd3-photos.leclercdrive.fr/image.ashx?id=2950201&use=l&cat=p&typeid=i","cat":284612},{"id":275671,"n":"Dentifrice Sanogyl Soin gencives - 75ml","p":2.97,"u":"39,60 €/L","img":"https://fd3-photos.leclercdrive.fr/image.ashx?id=2950195&use=l&cat=p&typeid=i","cat":284612},{"id":275673,"n":"Dentifrice Sanogyl Soin blancheur - 75ml","p":3.13,"u":"41,73 €/L","img":"https://fd3-photos.leclercdrive.fr/image.ashx?id=2950198&use=l&cat=p&typeid=i","cat":284612},{"id":275675,"n":"Spray désinfectant Clair Multi-surfaces - 500ml","p":1.53,"u":"3,06 €/L","img":"https://fd3-photos.leclercdrive.fr/image.ashx?id=2949251&use=l&cat=p&typeid=i","cat":325357},{"id":275677,"n":"Crème après-piqûres Primoplast Apaisante - 40ml","p":3.11,"u":"77,75 €/L","img":"https://fd3-photos.leclercdrive.fr/image.ashx?id=2958356&use=l&cat=p&typeid=i","cat":284630},{"id":275678,"n":"Crème adhésive Fixodent Complète goût neutre 70.5g","p":6.74,"u":"96,29 €/KG","img":"https://fd3-photos.leclercdrive.fr/image.ashx?id=2950879&use=l&cat=p&typeid=i","cat":285158},{"id":275680,"n":"Masque Dessange Nutri-richesse - 280ml","p":7.97,"u":"28,46 €/L","img":"https://fd3-photos.leclercdrive.fr/image.ashx?id=2961068&use=l&cat=p&typeid=i","cat":284608},{"id":275681,"n":"Après-shampooing Dessange Nutri- extrême - 225ml","p":3.71,"u":"16,49 €/L","img":"https://fd3-photos.leclercdrive.fr/image.ashx?id=2954627&use=l&cat=p&typeid=i","cat":284607},{"id":275682,"n":"Eau micellaire Garnier SkinActive - 400ml","p":5.37,"u":"13,43 €/L","img":"https://fd3-photos.leclercdrive.fr/image.ashx?id=2954262&use=l&cat=p&typeid=i","cat":284603},{"id":275683,"n":"Shampooing Dessange Âge sublime - 280ml","p":3.71,"u":"13,25 €/L","img":"https://fd3-photos.leclercdrive.fr/image.ashx?id=3011578&use=l&cat=p&typeid=i","cat":284606},{"id":275684,"n":"Shampooing Dessange Hydra brush - 280ml","p":4.22,"u":"15,07 €/L","img":"https://fd3-photos.leclercdrive.fr/image.ashx?id=2955402&use=l&cat=p&typeid=i","cat":284606},{"id":275685,"n":"Shampooing Dessange Nutri-riche - 280ml","p":3.71,"u":"13,25 €/L","img":"https://fd3-photos.leclercdrive.fr/image.ashx?id=2955408&use=l&cat=p&typeid=i","cat":284606},{"id":275686,"n":"Shampooing Dessange Nutri-extrême - 280ml","p":3.71,"u":"13,25 €/L","img":"https://fd3-photos.leclercdrive.fr/image.ashx?id=2955411&use=l&cat=p&typeid=i","cat":284606},{"id":275687,"n":"Dentifrice Vademecum Bio Protection complète - 75ml","p":2.93,"u":"39,07 €/L","img":"https://fd3-photos.leclercdrive.fr/image.ashx?id=2950684&use=l&cat=p&typeid=i","cat":284612},{"id":275689,"n":"Dentifrice Teraxyl Junior 2en1 - 6 ans Fraise fluor 75ml","p":2.05,"u":"27,33 €/L","img":"https://fd3-photos.leclercdrive.fr/image.ashx?id=2950687&use=l&cat=p&typeid=i","cat":288898},{"id":275690,"n":"Dentifrice Sensodyne Eclat blancheur - 75ml","p":7.47,"u":"99,60 €/L","img":"https://fd3-photos.leclercdrive.fr/image.ashx?id=2997781&use=l&cat=p&typeid=i","cat":284612},{"id":275692,"n":"Dentifrice Sensodyne Nettoyage intense - 75ml","p":5.19,"u":"69,20 €/L","img":"https://fd3-photos.leclercdrive.fr/image.ashx?id=2998047&use=l&cat=p&typeid=i","cat":284612},{"id":275695,"n":"Dentifrice Sensodyne Rapide Action extra-fresh - 75ml","p":3.95,"u":"52,67 €/L","img":"https://fd3-photos.leclercdrive.fr/image.ashx?id=2950717&use=l&cat=p&typeid=i","cat":284612},{"id":275706,"n":"Dentifrice Sensodyne Multi-protection Blancheur 75ml","p":4.79,"u":"63,87 €/L","img":"https://fd3-photos.leclercdrive.fr/image.ashx?id=2950723&use=l&cat=p&typeid=i","cat":284612},{"id":275708,"n":"Dentifrice Sensodyne Sensibilité Gencives Email 75ml","p":5.07,"u":"67,60 €/L","img":"https://fd3-photos.leclercdrive.fr/image.ashx?id=2950720&use=l&cat=p&typeid=i","cat":284612},{"id":275803,"n":"Crème glacée Erhard Canelle - 450g","p":4.99,"u":"11,09 €/KG","img":"https://fd3-photos.leclercdrive.fr/image.ashx?id=2953528&use=l&cat=p&typeid=i","cat":284263},{"id":275804,"n":"Crème glacée Erhard Pain d'épices - 450g","p":4.99,"u":"11,09 €/KG","img":"https://fd3-photos.leclercdrive.fr/image.ashx?id=2953534&use=l&cat=p&typeid=i","cat":284263},{"id":275805,"n":"Crème glacée Erhard Marron - 450g","p":4.99,"u":"11,09 €/KG","img":"https://fd3-photos.leclercdrive.fr/image.ashx?id=2950267&use=l&cat=p&typeid=i","cat":284263},{"id":275806,"n":"Cornichons Kühne Malossol - 535g","p":3.49,"u":"6,52 €/KG","img":"https://fd3-photos.leclercdrive.fr/image.ashx?id=2949895&use=l&cat=p&typeid=i","cat":284458},{"id":275821,"n":"Miel de fleurs d'Alsace IGP Les compagnons du miel 375g","p":4.73,"u":"12,61 €/KG","img":"https://fd3-photos.leclercdrive.fr/image.ashx?id=2950279&use=l&cat=p&typeid=i","cat":287643},{"id":276113,"n":"Mini bâtonnets Trium Vanille x6 - 234g","p":2.35,"u":"10,04 €/KG","img":"https://fd3-photos.leclercdrive.fr/image.ashx?id=2951137&use=l&cat=p&typeid=i","cat":284265},{"id":276126,"n":"Whisky Jack Daniel's Bonded 70cL","p":33.9,"pp":29.9,"u":"42,71 €/L","img":"https://fd3-photos.leclercdrive.fr/image.ashx?id=2952001&use=l&cat=p&typeid=i","cat":284547},{"id":276211,"n":"Kinder Schokobons  350g","p":5.75,"u":"16,43 €/KG","img":"https://fd3-photos.leclercdrive.fr/image.ashx?id=2952103&use=l&cat=p&typeid=i","cat":327592},{"id":276217,"n":"Coffret Animaux Merveilleux 140g","p":8.49,"u":"60,64 €/KG","img":"https://fd3-photos.leclercdrive.fr/image.ashx?id=2951971&use=l&cat=p&typeid=i","cat":327595},{"id":276243,"n":"Assouplissant Rainett Aloe vera 900ml","p":3.68,"u":"4,09 €/L","img":"https://fd3-photos.leclercdrive.fr/image.ashx?id=2952754&use=l&cat=p&typeid=i","cat":284650},{"id":276253,"n":"Couches Pampers Harmonie XXL Taille 2 - x116","p":37.87,"u":"0,33 €/P","img":"https://fd3-photos.leclercdrive.fr/image.ashx?id=2975482&use=l&cat=p&typeid=i","cat":284737},{"id":276258,"n":"Jambon Le Bon Paris Herta Sel réduit sans nitrite 8T - 280g","p":5.01,"u":"17,89 €/KG","img":"https://fd3-photos.leclercdrive.fr/image.ashx?id=2951764&use=l&cat=p&typeid=i","cat":316009},{"id":276262,"n":"Couches Pambers Baby-Dry Taille 4 9-14kg - x120","p":37.87,"u":"0,32 €/P","img":"https://fd3-photos.leclercdrive.fr/image.ashx?id=2953058&use=l&cat=p&typeid=i","cat":284737},{"id":276264,"n":"Coloration Crème Supreme  Schwarzkopf Noir intense","p":11.81,"img":"https://fd3-photos.leclercdrive.fr/image.ashx?id=2952553&use=l&cat=p&typeid=i","cat":288899},{"id":276265,"n":"Coloration Crème Supreme Schwarzkopf Blond foncé cuivré","p":9.5,"img":"https://fd3-photos.leclercdrive.fr/image.ashx?id=2952556&use=l&cat=p&typeid=i","cat":288899},{"id":276266,"n":"Coloration Crème Supreme Schwarzkopf Blond clair cendré","p":8.5,"img":"https://fd3-photos.leclercdrive.fr/image.ashx?id=2952559&use=l&cat=p&typeid=i","cat":288899},{"id":276268,"n":"Fromage grec vache Islos 150g","p":2.35,"u":"15,67 €/KG","img":"https://fd3-photos.leclercdrive.fr/image.ashx?id=2952619&use=l&cat=p&typeid=i","cat":314027},{"id":276272,"n":"Coloration Crème Supreme  Schwarzkopf Chatain caramel","p":11.0,"img":"https://fd3-photos.leclercdrive.fr/image.ashx?id=2952562&use=l&cat=p&typeid=i","cat":288899},{"id":276274,"n":"Coloration Crème Supreme  Schwarzkopf Blond clair","p":8.5,"img":"https://fd3-photos.leclercdrive.fr/image.ashx?id=2952565&use=l&cat=p&typeid=i","cat":288899},{"id":276277,"n":"Coloration Crème Supreme  Schwarzkopf blond foncé cendré","p":8.57,"img":"https://fd3-photos.leclercdrive.fr/image.ashx?id=2952568&use=l&cat=p&typeid=i","cat":288899},{"id":276279,"n":"Coloration Crème Supreme Schwarzkopf blond cendré","p":11.97,"img":"https://fd3-photos.leclercdrive.fr/image.ashx?id=2952571&use=l&cat=p&typeid=i","cat":288899},{"id":276280,"n":"Coloration Crème Supreme Schwarzkopf Châtain profond","p":11.0,"img":"https://fd3-photos.leclercdrive.fr/image.ashx?id=2952574&use=l&cat=p&typeid=i","cat":288899},{"id":276283,"n":"Mini cookies Delichoc 120g","p":2.32,"u":"19,33 €/KG","img":"https://fd3-photos.leclercdrive.fr/image.ashx?id=2952517&use=l&cat=p&typeid=i","cat":284488},{"id":276287,"n":"Coloration Crème Supreme  Schwarzkopf Chatain Perle","p":11.97,"img":"https://fd3-photos.leclercdrive.fr/image.ashx?id=2952577&use=l&cat=p&typeid=i","cat":288899},{"id":276288,"n":"Mini Kit Kat White  252g","p":5.13,"u":"20,28 €/KG","img":"https://fd3-photos.leclercdrive.fr/image.ashx?id=2952992&use=l&cat=p&typeid=i","cat":284498},{"id":276289,"n":"Sauce barbecue Sweet Baby Rays 510g","p":4.38,"u":"8,59 €/KG","img":"https://fd3-photos.leclercdrive.fr/image.ashx?id=2951530&use=l&cat=p&typeid=i","cat":318431},{"id":276292,"n":"Coloration Crème Supreme  Schwarzkopf Blond très clair","p":11.63,"img":"https://fd3-photos.leclercdrive.fr/image.ashx?id=2952583&use=l&cat=p&typeid=i","cat":288899},{"id":276294,"n":"Coloration Crème Supreme Schwarzkopf Châtain foncé","p":11.0,"img":"https://fd3-photos.leclercdrive.fr/image.ashx?id=2952586&use=l&cat=p&typeid=i","cat":288899},{"id":276295,"n":"Coloration Crème Supreme  Schwarzkopf Châtain chocolat","p":11.15,"img":"https://fd3-photos.leclercdrive.fr/image.ashx?id=2952589&use=l&cat=p&typeid=i","cat":288899},{"id":276298,"n":"Sauce Sweet Baby Rays 510g","p":4.83,"u":"9,47 €/KG","img":"https://fd3-photos.leclercdrive.fr/image.ashx?id=2951533&use=l&cat=p&typeid=i","cat":318431},{"id":276299,"n":"Sauce barbecue Sweet Baby Rays 510g","p":4.85,"u":"9,51 €/KG","img":"https://fd3-photos.leclercdrive.fr/image.ashx?id=2951536&use=l&cat=p&typeid=i","cat":318431},{"id":276382,"n":"Boules fourrées Fizzy Chocolat au lait - 50g","p":8.97,"u":"179,40 €/KG","img":"https://fd3-photos.leclercdrive.fr/image.ashx?id=2952670&use=l&cat=p&typeid=i","cat":327592},{"id":276383,"n":"Cône surprise Fizzy Paw Patrol - 30g","p":4.21,"u":"140,33 €/KG","img":"https://fd3-photos.leclercdrive.fr/image.ashx?id=2952667&use=l&cat=p&typeid=i","cat":327789},{"id":276432,"n":"Barre Toblerone  chocolat lait - 340g","p":7.74,"u":"22,76 €/KG","img":"https://fd3-photos.leclercdrive.fr/image.ashx?id=2958902&use=l&cat=p&typeid=i","cat":284499},{"id":276433,"n":"Barre Toblerone  chocolat blanc - 340g","p":7.74,"u":"22,76 €/KG","img":"https://fd3-photos.leclercdrive.fr/image.ashx?id=2969887&use=l&cat=p&typeid=i","cat":327595},{"id":276439,"n":"Coffret chocolats Révillon Noir Lait Blanc - 233g","p":10.9,"u":"46,78 €/KG","img":"https://fd3-photos.leclercdrive.fr/image.ashx?id=2980698&use=l&cat=p&typeid=i","cat":284499},{"id":276456,"n":"Les Recettes de l'Atelier   Assortiment Lait - 410g","p":14.75,"pp":11.06,"u":"26,98 €/KG","img":"https://fd3-photos.leclercdrive.fr/image.ashx?id=2964165&use=l&cat=p&typeid=i","cat":327595},{"id":276457,"n":"Les Recettes de l'Atelier   collector - 406g","p":14.75,"pp":11.06,"img":"https://fd3-photos.leclercdrive.fr/image.ashx?id=2953025&use=l&cat=p&typeid=i","cat":327595},{"id":276458,"n":"Les Recettes de l'Atelier   Assortiment Hiver - 408g","p":14.75,"pp":11.06,"u":"27,11 €/KG","img":"https://fd3-photos.leclercdrive.fr/image.ashx?id=2953986&use=l&cat=p&typeid=i","cat":327595},{"id":276460,"n":"Nestlé la Boite Rouge 398 g","p":12.95,"pp":9.71,"u":"24,40 €/KG","img":"https://fd3-photos.leclercdrive.fr/image.ashx?id=2953001&use=l&cat=p&typeid=i","cat":327595},{"id":276461,"n":"Nestlé la Boite Rouge Saveurs de Noel - 385g","p":12.95,"pp":9.71,"u":"25,22 €/KG","img":"https://fd3-photos.leclercdrive.fr/image.ashx?id=2952995&use=l&cat=p&typeid=i","cat":327595},{"id":276464,"n":"Nestlé dessert truffes Noir 70 % - 250g","p":7.42,"u":"29,68 €/KG","img":"https://fd3-photos.leclercdrive.fr/image.ashx?id=2953043&use=l&cat=p&typeid=i","cat":327600},{"id":276466,"n":"Les Recettes de l'Atelier Bouchées duo praliné - 266g","p":9.04,"u":"33,98 €/KG","img":"https://fd3-photos.leclercdrive.fr/image.ashx?id=2953052&use=l&cat=p&typeid=i","cat":284499},{"id":276550,"n":"Biscuit sésame GERBLE - 5x4 220g","p":1.52,"u":"6,91 €/KG","img":"https://fd3-photos.leclercdrive.fr/image.ashx?id=2953803&use=l&cat=p&typeid=i","cat":318651},{"id":276555,"n":"Eau plate vitaminée by Joker Fraise Framboise - 75cl","p":1.77,"u":"2,36 €/L","img":"https://fd3-photos.leclercdrive.fr/image.ashx?id=2953797&use=l&cat=p&typeid=i","cat":284535},{"id":276556,"n":"Eau plate vitaminée by Joker Citron citron vert - 75cl","p":1.77,"u":"2,36 €/L","img":"https://fd3-photos.leclercdrive.fr/image.ashx?id=2953791&use=l&cat=p&typeid=i","cat":284535},{"id":276557,"n":"Eau plate vitaminée by Joker Pêche Passion - 75cl","p":1.77,"u":"2,36 €/L","img":"https://fd3-photos.leclercdrive.fr/image.ashx?id=2953794&use=l&cat=p&typeid=i","cat":284535},{"id":276558,"n":"Bouillon de légumes Knorr 15 cubes - 150g","p":1.42,"u":"9,47 €/KG","img":"https://fd3-photos.leclercdrive.fr/image.ashx?id=2954001&use=l&cat=p&typeid=i","cat":288379},{"id":276559,"n":"Assaisonnement champignons Knorr - 10 cubes  100g","p":2.05,"u":"20,50 €/KG","img":"https://fd3-photos.leclercdrive.fr/image.ashx?id=2954004&use=l&cat=p&typeid=i","cat":288379},{"id":276561,"n":"Petit pot de crème Délisse Chocolat saveur noisette 4x100g","p":2.09,"u":"5,23 €/KG","img":"https://fd3-photos.leclercdrive.fr/image.ashx?id=2952406&use=l&cat=p&typeid=i","cat":285041},{"id":276565,"n":"Dessert de fruits pomme  Douceur du Verger 4x100g","p":0.99,"u":"2,48 €/KG","img":"https://fd3-photos.leclercdrive.fr/image.ashx?id=2961707&use=l&cat=p&typeid=i","cat":284416},{"id":276567,"n":"Dessert de fruits pomme Douceur du Verger 12x100g","p":2.46,"u":"2,05 €/KG","img":"https://fd3-photos.leclercdrive.fr/image.ashx?id=2970634&use=l&cat=p&typeid=i","cat":284416},{"id":276576,"n":"Spécialité de pomme myrtille Douceur du Verger 4x100g","p":1.4,"u":"3,50 €/KG","img":"https://fd3-photos.leclercdrive.fr/image.ashx?id=2978540&use=l&cat=p&typeid=i","cat":284416},{"id":276581,"n":"Café froid Macchiato Plantation Saveur caramel 250ml","p":1.09,"u":"4,36 €/L","img":"https://fd3-photos.leclercdrive.fr/image.ashx?id=2952409&use=l&cat=p&typeid=i","cat":295246},{"id":276584,"n":"Yaourt à la Grecque Délisse Nature sucré 4x150g","p":1.69,"u":"2,82 €/KG","img":"https://fd3-photos.leclercdrive.fr/image.ashx?id=2952436&use=l&cat=p&typeid=i","cat":314999},{"id":276585,"n":"Yaourts de Haute-Savoie Nos  Régions ont du Talent 4x125g","p":1.59,"u":"3,18 €/KG","img":"https://fd3-photos.leclercdrive.fr/image.ashx?id=2952439&use=l&cat=p&typeid=i","cat":284409},{"id":276586,"n":"Épinards hachés à la crème  Notre Jardin 450g","p":1.79,"u":"3,98 €/KG","img":"https://fd3-photos.leclercdrive.fr/image.ashx?id=2958671&use=l&cat=p&typeid=i","cat":319805},{"id":276587,"n":"Coriandre ciselée Rustica 50g","p":1.69,"u":"33,80 €/KG","img":"https://fd3-photos.leclercdrive.fr/image.ashx?id=2952427&use=l&cat=p&typeid=i","cat":319804},{"id":276588,"n":"Mini burrata Les Croisés 25%MG - 2x50g","p":2.39,"u":"23,90 €/KG","img":"https://fd3-photos.leclercdrive.fr/image.ashx?id=3009553&use=l&cat=p&typeid=i","cat":314026},{"id":276589,"n":"Saucisson sec Saint-Azay Noisettes 30 tranches 100g","p":2.07,"u":"20,70 €/KG","img":"https://fd3-photos.leclercdrive.fr/image.ashx?id=2952418&use=l&cat=p&typeid=i","cat":316007},{"id":276946,"n":"Badoit bulles de fruits  Pamplemousse - 6x33cl","p":3.52,"u":"1,78 €/L","img":"https://fd3-photos.leclercdrive.fr/image.ashx?id=2954208&use=l&cat=p&typeid=i","cat":284537},{"id":276947,"n":"Badoit bulles de fruits  Fruits rouges - 6x33cl","p":3.52,"u":"1,78 €/L","img":"https://fd3-photos.leclercdrive.fr/image.ashx?id=2954205&use=l&cat=p&typeid=i","cat":284537},{"id":276948,"n":"Badoit bulles de fruits  Citron et citron vert - 6x33cl","p":3.52,"u":"1,78 €/L","img":"https://fd3-photos.leclercdrive.fr/image.ashx?id=2954202&use=l&cat=p&typeid=i","cat":284537},{"id":277160,"n":"Bâtonnets Milka butter cookie x4 - 264g","p":4.63,"u":"17,54 €/KG","img":"https://fd3-photos.leclercdrive.fr/image.ashx?id=2963952&use=l&cat=p&typeid=i","cat":284265},{"id":277161,"n":"Bâtonnets Côté chocolat au lait Noisettes - x4 - 260g","p":4.73,"u":"18,19 €/KG","img":"https://fd3-photos.leclercdrive.fr/image.ashx?id=2962665&use=l&cat=p&typeid=i","cat":284265},{"id":277383,"n":"Mini packs Céréales P'tit Déli x8 - 250g","p":2.12,"u":"8,48 €/KG","img":"https://fd3-photos.leclercdrive.fr/image.ashx?id=2955276&use=l&cat=p&typeid=i","cat":309513},{"id":277472,"n":"Yaourt Activia Fibre  Multi céréales 4x120g","p":2.13,"u":"4,44 €/KG","img":"https://fd3-photos.leclercdrive.fr/image.ashx?id=2972391&use=l&cat=p&typeid=i","cat":315000},{"id":277478,"n":"Liégeois Pâtissier Danette  Paris Brest 4x90g","p":2.47,"u":"6,86 €/KG","img":"https://fd3-photos.leclercdrive.fr/image.ashx?id=2965930&use=l&cat=p&typeid=i","cat":285042},{"id":277479,"n":"Liégeois Pâtissier Danette Framboisier 4x90g","p":2.47,"u":"6,86 €/KG","img":"https://fd3-photos.leclercdrive.fr/image.ashx?id=2965924&use=l&cat=p&typeid=i","cat":285042},{"id":277483,"n":"Skyr nature Danone 0% MG - 450g","p":2.07,"u":"4,60 €/KG","img":"https://fd3-photos.leclercdrive.fr/image.ashx?id=2966279&use=l&cat=p&typeid=i","cat":284409},{"id":277486,"n":"Skyr nature 0% MG Danone Lit de fraise - 2x145g","p":2.53,"u":"8,72 €/KG","img":"https://fd3-photos.leclercdrive.fr/image.ashx?id=2965900&use=l&cat=p&typeid=i","cat":315000},{"id":277487,"n":"Skyr nature 0% MG Danone Lit de mangue passion - 2x145g","p":2.52,"u":"8,69 €/KG","img":"https://fd3-photos.leclercdrive.fr/image.ashx?id=2965897&use=l&cat=p&typeid=i","cat":315000},{"id":277488,"n":"Skyr mûre myrtille Danone 0% MG - 2x140g","p":2.43,"u":"8,68 €/KG","img":"https://fd3-photos.leclercdrive.fr/image.ashx?id=2966276&use=l&cat=p&typeid=i","cat":315000},{"id":277489,"n":"Skyr mangue passion Danone 0% MG - 2x140g","p":2.43,"u":"8,68 €/KG","img":"https://fd3-photos.leclercdrive.fr/image.ashx?id=2965909&use=l&cat=p&typeid=i","cat":315000},{"id":277493,"n":"Yaourt protéiné Hipro nature 480g","p":2.92,"u":"6,08 €/KG","img":"https://fd3-photos.leclercdrive.fr/image.ashx?id=2965945&use=l&cat=p&typeid=i","cat":284409},{"id":277494,"n":"Yaourt protéiné Hipro Myrtille 4x120g","p":2.97,"u":"6,19 €/KG","img":"https://fd3-photos.leclercdrive.fr/image.ashx?id=2965951&use=l&cat=p&typeid=i","cat":315000},{"id":277495,"n":"Yaourt protéiné Hipro Vanille 4x120g","p":2.86,"u":"5,96 €/KG","img":"https://fd3-photos.leclercdrive.fr/image.ashx?id=2965948&use=l&cat=p&typeid=i","cat":315000},{"id":277518,"n":"Brandade de morue MSC L'Atelier Poissonnerie 750g","p":6.9,"u":"9,20 €/KG","img":"https://fd3-photos.leclercdrive.fr/image.ashx?id=2968908&use=l&cat=p&typeid=i","cat":285340},{"id":277592,"n":"Shampooing Dessange Blond californien - 280ml","p":4.22,"u":"15,07 €/L","img":"https://fd3-photos.leclercdrive.fr/image.ashx?id=2957941&use=l&cat=p&typeid=i","cat":284606},{"id":277593,"n":"Shampooing bleu Dessange Blond californien - 280ml","p":3.97,"u":"14,18 €/L","img":"https://fd3-photos.leclercdrive.fr/image.ashx?id=2957938&use=l&cat=p&typeid=i","cat":284606},{"id":277594,"n":"Soin patine Dessange Blond californien - 140ml","p":8.05,"u":"57,50 €/L","img":"https://fd3-photos.leclercdrive.fr/image.ashx?id=2957932&use=l&cat=p&typeid=i","cat":284608},{"id":277595,"n":"Gel douche Ushuaïa Agrumes verts - 280ml","p":1.77,"u":"6,32 €/L","img":"https://fd3-photos.leclercdrive.fr/image.ashx?id=2974399&use=l&cat=p&typeid=i","cat":284594},{"id":277625,"n":"Gel douche Ushuaïa Fleur d'oranger - 280ml","p":3.28,"u":"11,71 €/L","img":"https://fd3-photos.leclercdrive.fr/image.ashx?id=2957926&use=l&cat=p&typeid=i","cat":284594},{"id":277626,"n":"Gel douche Ushuaïa Sakura - 280ml","p":1.73,"u":"6,18 €/L","img":"https://fd3-photos.leclercdrive.fr/image.ashx?id=2974405&use=l&cat=p&typeid=i","cat":284594},{"id":277627,"n":"Gel douche Ushuaïa Coco - 280ml","p":3.28,"u":"11,71 €/L","img":"https://fd3-photos.leclercdrive.fr/image.ashx?id=3000264&use=l&cat=p&typeid=i","cat":284594},{"id":277629,"n":"Shampooing Dop Hair Lait végétal - 480ml","p":2.37,"u":"4,94 €/L","img":"https://fd3-photos.leclercdrive.fr/image.ashx?id=2957929&use=l&cat=p&typeid=i","cat":284606},{"id":277630,"n":"Shampooing Dop hair Pomme - 480ml","p":2.97,"u":"6,19 €/L","img":"https://fd3-photos.leclercdrive.fr/image.ashx?id=2957908&use=l&cat=p&typeid=i","cat":284606},{"id":277631,"n":"Shampooing régulateur Dessange Douce argile - 280ml","p":3.71,"u":"13,25 €/L","img":"https://fd3-photos.leclercdrive.fr/image.ashx?id=2957935&use=l&cat=p&typeid=i","cat":284606},{"id":277632,"n":"Huile de douche Ushuaïa Monoï & fleur de tiaré - 280ml","p":1.73,"u":"6,18 €/L","img":"https://fd3-photos.leclercdrive.fr/image.ashx?id=2958146&use=l&cat=p&typeid=i","cat":284594},{"id":277633,"n":"Gel douche Ushuaïa Vanille - 280ml","p":4.58,"u":"16,36 €/L","img":"https://fd3-photos.leclercdrive.fr/image.ashx?id=2957914&use=l&cat=p&typeid=i","cat":284594},{"id":277634,"n":"Gelée de douche Ushuaïa Bahia café açaï - 280ml","p":1.73,"u":"6,18 €/L","img":"https://fd3-photos.leclercdrive.fr/image.ashx?id=2957917&use=l&cat=p&typeid=i","cat":284594},{"id":277635,"n":"Crème de douche Dop Vanille - 480ml","p":2.37,"u":"4,94 €/L","img":"https://fd3-photos.leclercdrive.fr/image.ashx?id=2957893&use=l&cat=p&typeid=i","cat":284594},{"id":277637,"n":"Douche crème enfance Dop Pancakes - 310ml","p":1.92,"u":"6,19 €/L","img":"https://fd3-photos.leclercdrive.fr/image.ashx?id=2957896&use=l&cat=p&typeid=i","cat":284594},{"id":277638,"n":"Douche crème enfance Dop Fraises - 310ml","p":2.47,"u":"7,97 €/L","img":"https://fd3-photos.leclercdrive.fr/image.ashx?id=2957899&use=l&cat=p&typeid=i","cat":284594},{"id":277639,"n":"Crème douche enfance Dop Cookie - 310ml","p":2.51,"u":"8,10 €/L","img":"https://fd3-photos.leclercdrive.fr/image.ashx?id=2957902&use=l&cat=p&typeid=i","cat":284594},{"id":277640,"n":"Douche crème enfance Dop Bonbon cola - 310ml","p":1.92,"u":"6,19 €/L","img":"https://fd3-photos.leclercdrive.fr/image.ashx?id=2957905&use=l&cat=p&typeid=i","cat":284594},{"id":277693,"n":"AOC Saint-Mont Capeu Blanc sec - 75cl","p":6.48,"u":"8,64 €/L","img":"https://fd3-photos.leclercdrive.fr/image.ashx?id=2957038&use=l&cat=p&typeid=i","cat":289557},{"id":277698,"n":"AOC Gewurztraminer Henri  Ehrhart L'Echappée Blanc - 75cl","p":8.41,"u":"11,21 €/L","img":"https://fd3-photos.leclercdrive.fr/image.ashx?id=2957068&use=l&cat=p&typeid=i","cat":289557},{"id":277706,"n":"AOC Château Teyssier Puisseguin Saint-Emilion - Rouge - 75cl","p":10.55,"u":"14,07 €/L","img":"https://fd3-photos.leclercdrive.fr/image.ashx?id=2957113&use=l&cat=p&typeid=i","cat":289556},{"id":277778,"n":"Lentilles Corail Sabarot 1kg","p":3.9,"u":"3,90 €/KG","img":"https://fd3-photos.leclercdrive.fr/image.ashx?id=2958083&use=l&cat=p&typeid=i","cat":284430},{"id":277786,"n":"Knorr soupe déshydratée  Mexicaine - 64g","p":1.27,"u":"19,84 €/KG","img":"https://fd3-photos.leclercdrive.fr/image.ashx?id=2964258&use=l&cat=p&typeid=i","cat":284463},{"id":277834,"n":"Lessive Omo Absolu capsules Fleurs blanches - 371g","p":10.47,"u":"28,22 €/KG","img":"https://fd3-photos.leclercdrive.fr/image.ashx?id=2958212&use=l&cat=p&typeid=i","cat":284641},{"id":278042,"n":"Chips Bret's Camembert - 125g","p":1.46,"u":"11,68 €/KG","img":"https://fd3-photos.leclercdrive.fr/image.ashx?id=2959088&use=l&cat=p&typeid=i","cat":284447},{"id":278065,"n":"AOP Fauvette Côtes de Provence Rosé - 75cl","p":6.31,"u":"8,41 €/L","img":"https://fd3-photos.leclercdrive.fr/image.ashx?id=2958167&use=l&cat=p&typeid=i","cat":289556},{"id":278077,"n":"IGP Côtes Catalanes Les Vignes  Du Vent - Rosé - 75cl","p":5.14,"u":"6,85 €/L","img":"https://fd3-photos.leclercdrive.fr/image.ashx?id=2958095&use=l&cat=p&typeid=i","cat":289558},{"id":278080,"n":"Prosecco Botter 75cl","p":7.9,"u":"10,53 €/L","img":"https://fd3-photos.leclercdrive.fr/image.ashx?id=2958173&use=l&cat=p&typeid=i","cat":284544},{"id":278139,"n":"Biscuits Bébé Bio Village  Vanille - dès 12 mois - 150g","p":2.15,"u":"14,33 €/KG","img":"https://fd3-photos.leclercdrive.fr/image.ashx?id=2974852&use=l&cat=p&typeid=i","cat":312202},{"id":278161,"n":"Sauce tomate Vitale Passata nature - 690g","p":1.3,"u":"1,88 €/KG","img":"https://fd3-photos.leclercdrive.fr/image.ashx?id=2960084&use=l&cat=p&typeid=i","cat":288384},{"id":278162,"n":"Sauce tomate Vitale Passata basilic - 690g","p":1.76,"u":"2,55 €/KG","img":"https://fd3-photos.leclercdrive.fr/image.ashx?id=2960087&use=l&cat=p&typeid=i","cat":288384},{"id":278177,"n":"Chocolat noir 75% Ethiquable Coco Passion Bio - 100g","p":3.13,"u":"31,30 €/KG","img":"https://fd3-photos.leclercdrive.fr/image.ashx?id=2960039&use=l&cat=p&typeid=i","cat":284956},{"id":278178,"n":"Chocolat noir 76% Ethiquable Cajou caramélisée Bio - 100g","p":2.76,"u":"27,60 €/KG","img":"https://fd3-photos.leclercdrive.fr/image.ashx?id=2960036&use=l&cat=p&typeid=i","cat":284956},{"id":278242,"n":"Shampooing Vitanove Hydratant - 250ml","p":1.35,"u":"5,40 €/L","img":"https://fd3-photos.leclercdrive.fr/image.ashx?id=2958792&use=l&cat=p&typeid=i","cat":284606},{"id":278243,"n":"Shampooing Vitanove Cheveux longs - 250ml","p":1.79,"u":"7,16 €/L","img":"https://fd3-photos.leclercdrive.fr/image.ashx?id=2958795&use=l&cat=p&typeid=i","cat":284606},{"id":278244,"n":"Après-shampooing Vitanove Hydratant - 200ml","p":1.39,"u":"6,95 €/L","img":"https://fd3-photos.leclercdrive.fr/image.ashx?id=2958798&use=l&cat=p&typeid=i","cat":284607},{"id":278247,"n":"Sérum Kératine Dessange Morphose - 50ml","p":10.97,"u":"219,40 €/L","img":"https://fd3-photos.leclercdrive.fr/image.ashx?id=2988854&use=l&cat=p&typeid=i","cat":284608},{"id":278263,"n":"Lessive liquide Genie Fleurs fraîches - 2.52L","p":8.3,"u":"3,29 €/L","img":"https://fd3-photos.leclercdrive.fr/image.ashx?id=2959964&use=l&cat=p&typeid=i","cat":284640},{"id":278267,"n":"Red Bull winter 2025 250ml","p":1.2,"u":"4,80 €/L","img":"https://fd3-photos.leclercdrive.fr/image.ashx?id=2960117&use=l&cat=p&typeid=i","cat":284533},{"id":278300,"n":"Nouilles à poêler Maggi Saveur canard - 119g","p":1.83,"u":"15,38 €/KG","img":"https://fd3-photos.leclercdrive.fr/image.ashx?id=2959503&use=l&cat=p&typeid=i","cat":288992},{"id":278301,"n":"Nouilles à poêler Maggi Saveur curry - 118g","p":1.59,"u":"13,47 €/KG","img":"https://fd3-photos.leclercdrive.fr/image.ashx?id=2987020&use=l&cat=p&typeid=i","cat":288992},{"id":278307,"n":"Mini cônes Trium Vanille x8 - 344g","p":3.05,"u":"8,87 €/KG","img":"https://fd3-photos.leclercdrive.fr/image.ashx?id=2959001&use=l&cat=p&typeid=i","cat":284264},{"id":278366,"n":"Eau aromatisée O'Fresh Citron & Citron vert - 6x50cl","p":2.75,"u":"0,92 €/L","img":"https://fd3-photos.leclercdrive.fr/image.ashx?id=2959245&use=l&cat=p&typeid=i","cat":284537},{"id":278373,"n":"IGP Gard Rives et Terrasses Rosé - 75cl","p":2.99,"u":"3,99 €/L","img":"https://fd3-photos.leclercdrive.fr/image.ashx?id=2959251&use=l&cat=p&typeid=i","cat":289558},{"id":278402,"n":"Cookies Fortwenger tout choco - 150g","p":2.91,"u":"19,40 €/KG","img":"https://fd3-photos.leclercdrive.fr/image.ashx?id=2960852&use=l&cat=p&typeid=i","cat":325066},{"id":278403,"n":"Cookies Fortwenger Pépites chocolat - 150g","p":2.37,"u":"15,80 €/KG","img":"https://fd3-photos.leclercdrive.fr/image.ashx?id=2960855&use=l&cat=p&typeid=i","cat":325066},{"id":278404,"n":"Cookies Fortwenger Caramel - 150g","p":3.24,"u":"21,60 €/KG","img":"https://fd3-photos.leclercdrive.fr/image.ashx?id=2960858&use=l&cat=p&typeid=i","cat":325066},{"id":278569,"n":"Échalions Panier du Primeur Filière - Filet 500g","p":1.79,"u":"3,58 €/KG","img":"https://fd3-photos.leclercdrive.fr/image.ashx?id=2960330&use=l&cat=p&typeid=i","cat":284352},{"id":278570,"n":"Lessive liquide Le Chat  L'expert Bicarbonate - 1,8L","p":10.39,"u":"5,77 €/L","img":"https://fd3-photos.leclercdrive.fr/image.ashx?id=2962290&use=l&cat=p&typeid=i","cat":284640},{"id":278573,"n":"Gel douche Ushuaïa Grenade - 490ml","p":3.99,"u":"8,14 €/L","img":"https://fd3-photos.leclercdrive.fr/image.ashx?id=3011566&use=l&cat=p&typeid=i","cat":284594},{"id":278575,"n":"Gel douche Ushuaïa Ylang - Relaxe - 490ml","p":3.99,"u":"8,14 €/L","img":"https://fd3-photos.leclercdrive.fr/image.ashx?id=3011560&use=l&cat=p&typeid=i","cat":284594},{"id":278578,"n":"Gel douche Ushuaïa Minéraux marins - 490ml","p":3.99,"u":"8,14 €/L","img":"https://fd3-photos.leclercdrive.fr/image.ashx?id=3011563&use=l&cat=p&typeid=i","cat":284594},{"id":278579,"n":"Gel douche Ushuaïa Eucalyptus - 280ml","p":2.48,"u":"8,86 €/L","img":"https://fd3-photos.leclercdrive.fr/image.ashx?id=2974408&use=l&cat=p&typeid=i","cat":284594},{"id":278582,"n":"Gel douche Ushuaïa Roche volcanique - 280ml","p":1.73,"u":"6,18 €/L","img":"https://fd3-photos.leclercdrive.fr/image.ashx?id=2974411&use=l&cat=p&typeid=i","cat":284594},{"id":278583,"n":"Gel douche Ushuaïa Vanille - 280ml","p":2.47,"u":"8,82 €/L","img":"https://fd3-photos.leclercdrive.fr/image.ashx?id=2974402&use=l&cat=p&typeid=i","cat":284594},{"id":278584,"n":"Gel douche Ecopack Ushuaïa Ylang - Relaxe - 500ml","p":3.58,"u":"7,16 €/L","img":"https://fd3-photos.leclercdrive.fr/image.ashx?id=3011575&use=l&cat=p&typeid=i","cat":284594},{"id":278586,"n":"Crème Le Petit Marseillais Lait végétal Multi-usage 360ml","p":4.34,"u":"12,06 €/L","img":"https://fd3-photos.leclercdrive.fr/image.ashx?id=2961026&use=l&cat=p&typeid=i","cat":325350},{"id":278598,"n":"Bière blonde Nos Régions Ont Du Talent - 7° - 75cl","p":2.16,"u":"2,88 €/L","img":"https://fd3-photos.leclercdrive.fr/image.ashx?id=2980474&use=l&cat=p&typeid=i","cat":334872},{"id":278680,"n":"Crème extra légère Bridélice Semi-épaisse 4%MG - 3x20cl","p":2.39,"u":"3,98 €/L","img":"https://fd3-photos.leclercdrive.fr/image.ashx?id=2996581&use=l&cat=p&typeid=i","cat":284381},{"id":278707,"n":"Lessive Dash Pods Envolée d'air x38- 726g","p":13.49,"u":"18,58 €/KG","img":"https://fd3-photos.leclercdrive.fr/image.ashx?id=2965328&use=l&cat=p&typeid=i","cat":284641},{"id":278725,"n":"Saucisses knacki Herta Sel réduit x4 - 140g","p":1.68,"u":"12,00 €/KG","img":"https://fd3-photos.leclercdrive.fr/image.ashx?id=2965016&use=l&cat=p&typeid=i","cat":316012},{"id":278787,"n":"Bière de Noël La Beaunoise 75cl - 6%vol.","p":4.31,"u":"5,75 €/L","img":"https://fd3-photos.leclercdrive.fr/image.ashx?id=2965226&use=l&cat=p&typeid=i","cat":334872},{"id":278791,"n":"Bière ambrée d'hiver Bellerose - 75cl - 7% vol.","p":4.33,"u":"5,77 €/L","img":"https://fd3-photos.leclercdrive.fr/image.ashx?id=2965118&use=l&cat=p&typeid=i","cat":334872},{"id":278798,"n":"Pois chiche bio Jardin Bio 405g","p":1.88,"u":"4,64 €/KG","img":"https://fd3-photos.leclercdrive.fr/image.ashx?id=2966065&use=l&cat=p&typeid=i","cat":312609},{"id":278872,"n":"Jarret cuit à la bière d'Alsace avec os - 700g","p":6.46,"u":"9,23 €/KG","img":"https://fd3-photos.leclercdrive.fr/image.ashx?id=2967256&use=l&cat=p&typeid=i","cat":284331},{"id":278905,"n":"Tablette chocolat Poulain noir doux - 4x95g","p":6.08,"u":"16,00 €/KG","img":"https://fd3-photos.leclercdrive.fr/image.ashx?id=2975347&use=l&cat=p&typeid=i","cat":284497},{"id":278910,"n":"Boisson Crazy Tiger Cerise - 35cl","p":1.08,"u":"3,09 €/L","img":"https://fd3-photos.leclercdrive.fr/image.ashx?id=2967262&use=l&cat=p&typeid=i","cat":284533},{"id":278911,"n":"Boisson Crazy Tiger Tiki Mango - 35cl","p":0.98,"u":"2,80 €/L","img":"https://fd3-photos.leclercdrive.fr/image.ashx?id=2967259&use=l&cat=p&typeid=i","cat":284533},{"id":278912,"n":"Boisson Crazy Tiger Pomme - 35cl","p":1.09,"u":"3,11 €/L","img":"https://fd3-photos.leclercdrive.fr/image.ashx?id=3011524&use=l&cat=p&typeid=i","cat":284533},{"id":278917,"n":"Fuet Le Galibier Nature - 150g","p":3.47,"u":"23,13 €/KG","img":"https://fd3-photos.leclercdrive.fr/image.ashx?id=3000135&use=l&cat=p&typeid=i","cat":316006},{"id":278925,"n":"Rillettes de thon Cruscana aux olives - 120g","p":1.8,"u":"15,00 €/KG","img":"https://fd3-photos.leclercdrive.fr/image.ashx?id=2967082&use=l&cat=p&typeid=i","cat":285191},{"id":278926,"n":"Rillettes de thon Cruscana poivrons - 120g","p":2.2,"u":"18,33 €/KG","img":"https://fd3-photos.leclercdrive.fr/image.ashx?id=2967085&use=l&cat=p&typeid=i","cat":285191},{"id":278927,"n":"Rillettes de thon Cruscana à l'artichaut - 120g","p":2.31,"u":"19,25 €/KG","img":"https://fd3-photos.leclercdrive.fr/image.ashx?id=2967079&use=l&cat=p&typeid=i","cat":285191},{"id":278929,"n":"Houmous Père Olive Nature - 175g","p":2.58,"u":"14,74 €/KG","img":"https://fd3-photos.leclercdrive.fr/image.ashx?id=2967397&use=l&cat=p&typeid=i","cat":315999},{"id":278930,"n":"Houmous Père Olive Piquant - 175g","p":2.77,"u":"15,83 €/KG","img":"https://fd3-photos.leclercdrive.fr/image.ashx?id=2967400&use=l&cat=p&typeid=i","cat":315999},{"id":278931,"n":"Houmous Père Olive Tomates séchées - 175g","p":2.58,"u":"14,74 €/KG","img":"https://fd3-photos.leclercdrive.fr/image.ashx?id=2967403&use=l&cat=p&typeid=i","cat":315999},{"id":278932,"n":"Houmous Père Olive Coriandre - 175g","p":1.67,"u":"9,54 €/KG","img":"https://fd3-photos.leclercdrive.fr/image.ashx?id=2967406&use=l&cat=p&typeid=i","cat":315999},{"id":278972,"n":"Crème épaisse St Hubert 15%MG 190g","p":0.97,"u":"5,11 €/KG","img":"https://fd3-photos.leclercdrive.fr/image.ashx?id=2975972&use=l&cat=p&typeid=i","cat":284381},{"id":278973,"n":"Assortiment 12 macarons garnis Cœur fruité - 145g","p":11.86,"u":"81,79 €/KG","img":"https://fd3-photos.leclercdrive.fr/image.ashx?id=2967304&use=l&cat=p&typeid=i","cat":284360},{"id":278975,"n":"Crème épaisse St Hubert 30%MG 190g","p":1.09,"u":"5,74 €/KG","img":"https://fd3-photos.leclercdrive.fr/image.ashx?id=2975975&use=l&cat=p&typeid=i","cat":284381},{"id":278976,"n":"Crème épaisse St Hubert 15%MG 450g","p":1.97,"u":"4,38 €/KG","img":"https://fd3-photos.leclercdrive.fr/image.ashx?id=2967169&use=l&cat=p&typeid=i","cat":284381},{"id":278978,"n":"Crème épaisse St Hubert 30%MG 450g","p":2.31,"u":"5,13 €/KG","img":"https://fd3-photos.leclercdrive.fr/image.ashx?id=2967172&use=l&cat=p&typeid=i","cat":284381},{"id":278981,"n":"Fromage Fol Epi  Riche en protéines 6tr - 130g","p":2.35,"u":"0,18 €/MT","img":"https://fd3-photos.leclercdrive.fr/image.ashx?id=2975152&use=l&cat=p&typeid=i","cat":314028},{"id":278992,"n":"Skyr Nature Bio Vrai 4x100g","p":2.58,"u":"6,45 €/KG","img":"https://fd3-photos.leclercdrive.fr/image.ashx?id=2967133&use=l&cat=p&typeid=i","cat":315000},{"id":278997,"n":"Bougie parfumée Glade Cosy Cerise Pivoine - 204g","p":6.19,"u":"30,34 €/KG","img":"https://fd3-photos.leclercdrive.fr/image.ashx?id=2968457&use=l&cat=p&typeid=i","cat":335913},{"id":278998,"n":"Bougie parfumée Glade Cosy I love you - 204g","p":5.43,"u":"26,62 €/KG","img":"https://fd3-photos.leclercdrive.fr/image.ashx?id=2968460&use=l&cat=p&typeid=i","cat":335913},{"id":279003,"n":"Apéri'chaud Richesmonts 140g","p":2.07,"u":"14,79 €/KG","img":"https://fd3-photos.leclercdrive.fr/image.ashx?id=2990484&use=l&cat=p&typeid=i","cat":314027},{"id":279004,"n":"Désodorisant spray Glade Lin - 30cl","p":2.19,"u":"7,30 €/L","img":"https://fd3-photos.leclercdrive.fr/image.ashx?id=2967385&use=l&cat=p&typeid=i","cat":311626},{"id":279009,"n":"Fromage à tartiner Tartare  Ail & fines herbes 90g","p":1.57,"u":"17,44 €/KG","img":"https://fd3-photos.leclercdrive.fr/image.ashx?id=2967130&use=l&cat=p&typeid=i","cat":314029},{"id":279015,"n":"Bâtonnets Relaxing zen Glade Huiles essentielles - 50ml","p":5.49,"pp":3.29,"u":"65,80 €/L","img":"https://fd3-photos.leclercdrive.fr/image.ashx?id=2968469&use=l&cat=p&typeid=i","cat":311627},{"id":279018,"n":"Bâtonnets Glade Romantic Vanille - 50ml","p":5.49,"pp":3.29,"u":"65,80 €/L","img":"https://fd3-photos.leclercdrive.fr/image.ashx?id=2968475&use=l&cat=p&typeid=i","cat":311627},{"id":279019,"n":"Skyr Arla Vanille - 450g","p":2.13,"u":"4,73 €/KG","img":"https://fd3-photos.leclercdrive.fr/image.ashx?id=2971308&use=l&cat=p&typeid=i","cat":315000},{"id":279020,"n":"Skyr Arla Nature - 450g","p":2.9,"u":"6,44 €/KG","img":"https://fd3-photos.leclercdrive.fr/image.ashx?id=2971302&use=l&cat=p&typeid=i","cat":315000},{"id":279028,"n":"Sauce fromagère Saint-Agur 150g","p":2.53,"u":"16,87 €/KG","img":"https://fd3-photos.leclercdrive.fr/image.ashx?id=2968556&use=l&cat=p&typeid=i","cat":284382},{"id":279030,"n":"Crème du Pays d'Auge Nos Régions ont du Talent 45cl","p":2.79,"u":"6,20 €/L","img":"https://fd3-photos.leclercdrive.fr/image.ashx?id=2967679&use=l&cat=p&typeid=i","cat":284381},{"id":279032,"n":"Gel douche Ushuaia Gingembre - 280ml","p":2.97,"u":"10,61 €/L","img":"https://fd3-photos.leclercdrive.fr/image.ashx?id=2968337&use=l&cat=p&typeid=i","cat":284594},{"id":279035,"n":"Savon de Marseille Le Chat 1,7L","p":9.13,"u":"5,37 €/L","img":"https://fd3-photos.leclercdrive.fr/image.ashx?id=2966569&use=l&cat=p&typeid=i","cat":284640},{"id":279036,"n":"Gel douche Ecopack Ushuaïa Minéraux Marins - 500ml","p":3.57,"u":"7,14 €/L","img":"https://fd3-photos.leclercdrive.fr/image.ashx?id=3011581&use=l&cat=p&typeid=i","cat":284594},{"id":279037,"n":"Gel douche Ushuaïa Café vert - 280ml","p":2.68,"u":"9,57 €/L","img":"https://fd3-photos.leclercdrive.fr/image.ashx?id=2966584&use=l&cat=p&typeid=i","cat":284594},{"id":279039,"n":"Crème douche Le Petit Marseillais Huile d'argan 400ml","p":2.87,"u":"7,18 €/L","img":"https://fd3-photos.leclercdrive.fr/image.ashx?id=2966578&use=l&cat=p&typeid=i","cat":284594},{"id":279046,"n":"Lait coprs Le Petit Marseillais L'Original - 250ml","p":3.67,"u":"14,68 €/L","img":"https://fd3-photos.leclercdrive.fr/image.ashx?id=2966581&use=l&cat=p&typeid=i","cat":325349},{"id":279047,"n":"Dentifrice Sanogyl Soin duo sensibilité - 75ml","p":3.36,"u":"44,80 €/L","img":"https://fd3-photos.leclercdrive.fr/image.ashx?id=2966575&use=l&cat=p&typeid=i","cat":284612},{"id":279246,"n":"Dentifrice Sanogyl  Lot de 2 - Revitalisation 75ml","p":5.75,"u":"38,33 €/L","img":"https://fd3-photos.leclercdrive.fr/image.ashx?id=2968283&use=l&cat=p&typeid=i","cat":284612},{"id":279257,"n":"Macaroni tomate mozza Panzani - 400g","p":2.45,"u":"6,13 €/KG","img":"https://fd3-photos.leclercdrive.fr/image.ashx?id=2968211&use=l&cat=p&typeid=i","cat":284442},{"id":279258,"n":"Ketchup épicé Amora 275g","p":1.71,"u":"6,22 €/KG","img":"https://fd3-photos.leclercdrive.fr/image.ashx?id=2968592&use=l&cat=p&typeid=i","cat":284455},{"id":279259,"n":"Sauce chinoise Amora 280g","p":2.19,"u":"7,82 €/KG","img":"https://fd3-photos.leclercdrive.fr/image.ashx?id=2968589&use=l&cat=p&typeid=i","cat":318431},{"id":279402,"n":"Lessive souffle fraîcheur Le Chat  40 lavages - 1,8L","p":11.08,"u":"6,16 €/L","img":"https://fd3-photos.leclercdrive.fr/image.ashx?id=2967594&use=l&cat=p&typeid=i","cat":284640},{"id":279403,"n":"Macaroni cheese Panzani - 400g","p":2.22,"u":"5,55 €/KG","img":"https://fd3-photos.leclercdrive.fr/image.ashx?id=2967762&use=l&cat=p&typeid=i","cat":284442},{"id":279408,"n":"Assaisonnement en poudre Knorr Duo Aromatique - 90g","p":1.83,"u":"20,33 €/KG","img":"https://fd3-photos.leclercdrive.fr/image.ashx?id=2967989&use=l&cat=p&typeid=i","cat":298297},{"id":279409,"n":"Assaisonnement poudre Tex Mex Knorr - 90g","p":1.83,"u":"20,33 €/KG","img":"https://fd3-photos.leclercdrive.fr/image.ashx?id=2967986&use=l&cat=p&typeid=i","cat":298297},{"id":279412,"n":"Spaghetti carbonara Panzani - 400g","p":2.47,"u":"6,18 €/KG","img":"https://fd3-photos.leclercdrive.fr/image.ashx?id=2967759&use=l&cat=p&typeid=i","cat":284442},{"id":279484,"n":"Kit galette des rois 8 parts Croustipate - 580g","p":6.16,"u":"10,62 €/KG","img":"https://fd3-photos.leclercdrive.fr/image.ashx?id=2967792&use=l&cat=p&typeid=i","cat":333681},{"id":279671,"n":"Schweppes Tonic citron 1L","p":1.38,"u":"1,38 €/L","img":"https://fd3-photos.leclercdrive.fr/image.ashx?id=2969049&use=l&cat=p&typeid=i","cat":284531},{"id":279678,"n":"Biscuit  Mots Doux Vanille - 180g","p":1.89,"u":"10,50 €/KG","img":"https://fd3-photos.leclercdrive.fr/image.ashx?id=2970747&use=l&cat=p&typeid=i","cat":284488},{"id":279680,"n":"Spaghetti carbonara Panzani 800g","p":3.93,"u":"4,91 €/KG","img":"https://fd3-photos.leclercdrive.fr/image.ashx?id=2970957&use=l&cat=p&typeid=i","cat":284442},{"id":279682,"n":"Macaroni tomate Panzani 800g","p":3.93,"u":"4,91 €/KG","img":"https://fd3-photos.leclercdrive.fr/image.ashx?id=2970960&use=l&cat=p&typeid=i","cat":284442},{"id":279683,"n":"Barre de céréales Nesquick 8x25g","p":2.87,"u":"14,35 €/KG","img":"https://fd3-photos.leclercdrive.fr/image.ashx?id=2971350&use=l&cat=p&typeid=i","cat":300032},{"id":279691,"n":"Skyr végétal Protéiné Alpro Fraise - 400g","p":2.27,"u":"5,68 €/KG","img":"https://fd3-photos.leclercdrive.fr/image.ashx?id=2976089&use=l&cat=p&typeid=i","cat":313736},{"id":279892,"n":"Riz micro-ondable Suzi Wan Korean BBQ - 220g","p":1.5,"u":"6,82 €/KG","img":"https://fd3-photos.leclercdrive.fr/image.ashx?id=2974279&use=l&cat=p&typeid=i","cat":288992},{"id":279905,"n":"Sauce teriyaki Maggi Pour poulet 355g","p":3.67,"u":"10,34 €/KG","img":"https://fd3-photos.leclercdrive.fr/image.ashx?id=2971431&use=l&cat=p&typeid=i","cat":288992},{"id":279939,"n":"Cassolette écrevisse et  julienne de légumes 2x130g","p":11.97,"u":"46,04 €/KG","img":"https://fd3-photos.leclercdrive.fr/image.ashx?id=2998705&use=l&cat=p&typeid=i","cat":327288},{"id":279943,"n":"Cassolette volaille morilles  et vin du Jura 2x130g","p":12.8,"u":"49,23 €/KG","img":"https://fd3-photos.leclercdrive.fr/image.ashx?id=2998708&use=l&cat=p&typeid=i","cat":327288},{"id":279953,"n":"Coquille Saint-Jacques risotto beurre truffe 2x100g","p":12.05,"u":"60,25 €/KG","img":"https://fd3-photos.leclercdrive.fr/image.ashx?id=2998717&use=l&cat=p&typeid=i","cat":327288},{"id":279956,"n":"Tourte aux 2 saumons 2x120g","p":10.2,"u":"42,50 €/KG","img":"https://fd3-photos.leclercdrive.fr/image.ashx?id=2998720&use=l&cat=p&typeid=i","cat":327288},{"id":279957,"n":"Tourte Pintade et bloc de foie de canard 2x120g","p":10.2,"u":"42,50 €/KG","img":"https://fd3-photos.leclercdrive.fr/image.ashx?id=2998723&use=l&cat=p&typeid=i","cat":327288},{"id":280019,"n":"Œuf Kinder Joy Mario - 3x20g","p":3.24,"u":"54,00 €/KG","img":"https://fd3-photos.leclercdrive.fr/image.ashx?id=2970753&use=l&cat=p&typeid=i","cat":284958},{"id":280025,"n":"Recharge gel lavant mains Le Petit Marseillais Olive 500ml","p":3.27,"u":"6,54 €/L","img":"https://fd3-photos.leclercdrive.fr/image.ashx?id=2985336&use=l&cat=p&typeid=i","cat":284597},{"id":280032,"n":"Gel lavant mains antibactérien Huile essentielle - 500ml","p":3.27,"u":"6,54 €/L","img":"https://fd3-photos.leclercdrive.fr/image.ashx?id=2971143&use=l&cat=p&typeid=i","cat":284597},{"id":280033,"n":"Dentifrice Sanogyl Haleine fraîche - 75ml","p":3.67,"u":"48,93 €/L","img":"https://fd3-photos.leclercdrive.fr/image.ashx?id=2971050&use=l&cat=p&typeid=i","cat":284612},{"id":280035,"n":"Nettoyant gel La Croix Multi-usage Citron - 750ml","p":1.67,"u":"2,23 €/L","img":"https://fd3-photos.leclercdrive.fr/image.ashx?id=2971455&use=l&cat=p&typeid=i","cat":325357},{"id":280140,"n":"Doonuts marbrés St-Michel Chocolat x12 - 360g","p":3.81,"u":"10,58 €/KG","img":"https://fd3-photos.leclercdrive.fr/image.ashx?id=2971954&use=l&cat=p&typeid=i","cat":284495},{"id":280185,"n":"Bonbon Amos Fruit fraise 120g","p":2.07,"u":"17,25 €/KG","img":"https://fd3-photos.leclercdrive.fr/image.ashx?id=2972580&use=l&cat=p&typeid=i","cat":304250},{"id":280259,"n":"Pesto rosso crémeux Turini 190g","p":1.33,"u":"7,00 €/KG","img":"https://fd3-photos.leclercdrive.fr/image.ashx?id=2972318&use=l&cat=p&typeid=i","cat":287599},{"id":280263,"n":"Pesto verde cremeux  190g","p":1.33,"u":"7,00 €/KG","img":"https://fd3-photos.leclercdrive.fr/image.ashx?id=2988830&use=l&cat=p&typeid=i","cat":287599},{"id":280264,"n":"Nouilles Banzai noodle  Crevette - 67g","p":1.3,"u":"19,40 €/KG","img":"https://fd3-photos.leclercdrive.fr/image.ashx?id=2972856&use=l&cat=p&typeid=i","cat":284953},{"id":280266,"n":"Pates perles BIO Baby Bio Epinard fromage de chèvre- 400g","p":2.55,"u":"6,38 €/KG","img":"https://fd3-photos.leclercdrive.fr/image.ashx?id=2973048&use=l&cat=p&typeid=i","cat":312234},{"id":280268,"n":"Cassolette de carotte Baby Bio 260g","p":2.21,"u":"8,50 €/KG","img":"https://fd3-photos.leclercdrive.fr/image.ashx?id=2973051&use=l&cat=p&typeid=i","cat":312239},{"id":280270,"n":"Dessert lacté Vanille Blédina dès 6 mois Mini Lactés - 6x55g","p":2.42,"u":"44,00 €/KG","img":"https://fd3-photos.leclercdrive.fr/image.ashx?id=2972862&use=l&cat=p&typeid=i","cat":312392},{"id":280274,"n":"Poulet entier blanc Eco+ 1.45kg","p":5.45,"u":"3,76 €/KG","img":"https://fd3-photos.leclercdrive.fr/image.ashx?id=2984167&use=l&cat=p&typeid=i","cat":284336},{"id":280276,"n":"Dessert lacté Fruits Blédina dès 6 mois Mini Lactés - 12x55g","p":4.57,"u":"6,92 €/KG","img":"https://fd3-photos.leclercdrive.fr/image.ashx?id=2972865&use=l&cat=p&typeid=i","cat":312392},{"id":280408,"n":"Brownie Bonne Maman Chocolat pecan x6 - 210g","p":2.66,"u":"12,67 €/KG","img":"https://fd3-photos.leclercdrive.fr/image.ashx?id=2972949&use=l&cat=p&typeid=i","cat":284495},{"id":280410,"n":"Gateaux Bonne Maman Tendre Cœur Caramel x7 - 210g","p":3.37,"u":"16,05 €/KG","img":"https://fd3-photos.leclercdrive.fr/image.ashx?id=2972946&use=l&cat=p&typeid=i","cat":284495},{"id":280418,"n":"Dessert lacté Nature Blédina dès 6 mois - 4x95g","p":1.9,"u":"5,00 €/KG","img":"https://fd3-photos.leclercdrive.fr/image.ashx?id=2972868&use=l&cat=p&typeid=i","cat":312392},{"id":280419,"n":"Dessert lacté Fraise Blédina dès 6 mois - 4x95g","p":2.21,"u":"5,82 €/KG","img":"https://fd3-photos.leclercdrive.fr/image.ashx?id=2972871&use=l&cat=p&typeid=i","cat":312392},{"id":280420,"n":"Dessert lacté Blédina Vanille dès 6 mois - 4x95g","p":1.97,"u":"5,18 €/KG","img":"https://fd3-photos.leclercdrive.fr/image.ashx?id=2972874&use=l&cat=p&typeid=i","cat":312392},{"id":280425,"n":"Dessert lacté Blédina Mangue Pêche dès 6 mois - 4x95g","p":2.17,"u":"5,71 €/KG","img":"https://fd3-photos.leclercdrive.fr/image.ashx?id=2972877&use=l&cat=p&typeid=i","cat":312392},{"id":280452,"n":"Sauce champignons Rustica 300g","p":1.2,"u":"4,00 €/KG","img":"https://fd3-photos.leclercdrive.fr/image.ashx?id=2972775&use=l&cat=p&typeid=i","cat":318430},{"id":280460,"n":"Kit Old El Paso Street Vibes 257g","p":3.51,"u":"13,66 €/KG","img":"https://fd3-photos.leclercdrive.fr/image.ashx?id=2974048&use=l&cat=p&typeid=i","cat":288993},{"id":280474,"n":"Gnocchi à poêler Lustucru Extra moelleux 300g","p":1.93,"u":"6,43 €/KG","img":"https://fd3-photos.leclercdrive.fr/image.ashx?id=2973655&use=l&cat=p&typeid=i","cat":333682},{"id":280480,"n":"Tortilla Old El Paso Nachips BBQ - 185g","p":2.07,"u":"11,19 €/KG","img":"https://fd3-photos.leclercdrive.fr/image.ashx?id=2974051&use=l&cat=p&typeid=i","cat":288993},{"id":280483,"n":"Gnocchi à poêler Lustucru Extra chorizo 280g","p":2.74,"u":"9,79 €/KG","img":"https://fd3-photos.leclercdrive.fr/image.ashx?id=2973646&use=l&cat=p&typeid=i","cat":333682},{"id":280487,"n":"Gnocchi à poêler Lustucru star 500g","p":3.28,"u":"6,56 €/KG","img":"https://fd3-photos.leclercdrive.fr/image.ashx?id=2973637&use=l&cat=p&typeid=i","cat":333682},{"id":280488,"n":"Girasoli Lustucru  Extra raclette 250g","p":2.99,"u":"11,96 €/KG","img":"https://fd3-photos.leclercdrive.fr/image.ashx?id=2973640&use=l&cat=p&typeid=i","cat":333682},{"id":280490,"n":"Sablé P'tit Déli Café - 120g","p":2.29,"u":"19,08 €/KG","img":"https://fd3-photos.leclercdrive.fr/image.ashx?id=2972835&use=l&cat=p&typeid=i","cat":284487},{"id":280511,"n":"Macaronis & légumes Baby Bio Carottes des landes - 200g","p":2.19,"u":"10,95 €/KG","img":"https://fd3-photos.leclercdrive.fr/image.ashx?id=2973700&use=l&cat=p&typeid=i","cat":312237},{"id":280610,"n":"Lait corps Nivea Repair & care - 250ml","p":4.48,"pp":2.96,"u":"11,84 €/L","img":"https://fd3-photos.leclercdrive.fr/image.ashx?id=2974435&use=l&cat=p&typeid=i","cat":325349},{"id":280611,"n":"Lait corps Nivea Hydratant - Peaux sèches 250ml","p":3.95,"u":"15,80 €/L","img":"https://fd3-photos.leclercdrive.fr/image.ashx?id=2974438&use=l&cat=p&typeid=i","cat":325349},{"id":280613,"n":"Lait corps fermeté Nivea Hydratant Q10 +Vitamine C 400ml","p":5.89,"u":"14,73 €/L","img":"https://fd3-photos.leclercdrive.fr/image.ashx?id=2974432&use=l&cat=p&typeid=i","cat":325349},{"id":280664,"n":"Matière grasse végétale Flora à tartiner demi-sel  - 215g","p":2.29,"pp":1.51,"u":"7,02 €/KG","img":"https://fd3-photos.leclercdrive.fr/image.ashx?id=2974459&use=l&cat=p&typeid=i","cat":315229},{"id":280674,"n":"Dessert Nestlé Lait eclats d'amandes - 170g","p":3.29,"u":"19,35 €/KG","img":"https://fd3-photos.leclercdrive.fr/image.ashx?id=2974453&use=l&cat=p&typeid=i","cat":284497},{"id":280676,"n":"Gourde Babybio Pomme fraise vanille - 360g","p":3.87,"u":"10,75 €/KG","img":"https://fd3-photos.leclercdrive.fr/image.ashx?id=2974375&use=l&cat=p&typeid=i","cat":312393},{"id":280679,"n":"Huile d'olive Jardin Bio 75cl","p":9.8,"u":"13,07 €/L","img":"https://fd3-photos.leclercdrive.fr/image.ashx?id=2974387&use=l&cat=p&typeid=i","cat":284453},{"id":280690,"n":"Mayonnaise Benedicta 640g","p":3.54,"u":"5,53 €/KG","img":"https://fd3-photos.leclercdrive.fr/image.ashx?id=2974414&use=l&cat=p&typeid=i","cat":298295},{"id":280691,"n":"Semoule P'tit Gourmand Lait au biscuit - 4x100g","p":1.6,"u":"4,00 €/KG","img":"https://fd3-photos.leclercdrive.fr/image.ashx?id=2978188&use=l&cat=p&typeid=i","cat":312392},{"id":280701,"n":"Tetines acides Copains copines 200g","p":1.29,"u":"6,45 €/KG","img":"https://fd3-photos.leclercdrive.fr/image.ashx?id=2974152&use=l&cat=p&typeid=i","cat":304250},{"id":280717,"n":"Chocolat Lindt Excellence Fusion sel Noir 85% & Lait-100g","p":3.8,"u":"38,00 €/KG","img":"https://fd3-photos.leclercdrive.fr/image.ashx?id=2975810&use=l&cat=p&typeid=i","cat":284956},{"id":280746,"n":"Chocolat Lindt Excellence  Fusion Noir 70% & Lait - 100g","p":3.49,"u":"34,90 €/KG","img":"https://fd3-photos.leclercdrive.fr/image.ashx?id=2975819&use=l&cat=p&typeid=i","cat":284958},{"id":280750,"n":"Chocolat Lindt Excellence Fusion Noir 70% & Blanc - 100g","p":3.49,"u":"34,90 €/KG","img":"https://fd3-photos.leclercdrive.fr/image.ashx?id=2975822&use=l&cat=p&typeid=i","cat":284956},{"id":280766,"n":"Cordon bleu Coté Croc Cheese x2 - 200g","p":2.05,"u":"10,25 €/KG","img":"https://fd3-photos.leclercdrive.fr/image.ashx?id=2974236&use=l&cat=p&typeid=i","cat":333683},{"id":280777,"n":"Préparation Banana Bread Vahiné 300g","p":2.47,"u":"8,23 €/KG","img":"https://fd3-photos.leclercdrive.fr/image.ashx?id=2975873&use=l&cat=p&typeid=i","cat":284505},{"id":280778,"n":"Ketchup tomato Heinz cornichon - 250g","p":1.54,"u":"6,16 €/KG","img":"https://fd3-photos.leclercdrive.fr/image.ashx?id=2976176&use=l&cat=p&typeid=i","cat":284455},{"id":280782,"n":"Sauce sweet chili Heinz 260g","p":2.27,"u":"8,73 €/KG","img":"https://fd3-photos.leclercdrive.fr/image.ashx?id=2976101&use=l&cat=p&typeid=i","cat":318431},{"id":280783,"n":"Sauce korean barbecue Heinz 265g","p":2.06,"u":"7,77 €/KG","img":"https://fd3-photos.leclercdrive.fr/image.ashx?id=2976137&use=l&cat=p&typeid=i","cat":318431},{"id":280784,"n":"Mayonnaise  Heinz Srirachamix - 400g","p":3.27,"u":"8,18 €/KG","img":"https://fd3-photos.leclercdrive.fr/image.ashx?id=2976140&use=l&cat=p&typeid=i","cat":318431},{"id":280786,"n":"Poulet curry Tables du Monde 300g","p":2.69,"u":"8,97 €/KG","img":"https://fd3-photos.leclercdrive.fr/image.ashx?id=2974282&use=l&cat=p&typeid=i","cat":284254},{"id":280788,"n":"Dessert glacé Ben & Jerry's Brookies & cream - 150g","p":3.33,"u":"22,20 €/KG","img":"https://fd3-photos.leclercdrive.fr/image.ashx?id=2978203&use=l&cat=p&typeid=i","cat":284263},{"id":280828,"n":"Tablette chocolat au lait Lindt pointe fleur de sel - 2x100g","p":4.84,"u":"24,20 €/KG","img":"https://fd3-photos.leclercdrive.fr/image.ashx?id=2975813&use=l&cat=p&typeid=i","cat":284497},{"id":280832,"n":"Cassoulet au canard confit Delpeyrat - 1.5kg","p":10.47,"u":"6,98 €/KG","img":"https://fd3-photos.leclercdrive.fr/image.ashx?id=2975828&use=l&cat=p&typeid=i","cat":284440},{"id":280833,"n":"Canard confit mijoté Delpeyrat aux lentilles vertes - 1.5kg","p":8.77,"u":"5,85 €/KG","img":"https://fd3-photos.leclercdrive.fr/image.ashx?id=2975831&use=l&cat=p&typeid=i","cat":284441},{"id":280834,"n":"Huile de friture Frial Lesieur 3L","p":8.88,"u":"2,96 €/L","img":"https://fd3-photos.leclercdrive.fr/image.ashx?id=2975924&use=l&cat=p&typeid=i","cat":284453},{"id":280835,"n":"Poêlée de canard Landais Delpeyrat - 1.5kg","p":8.77,"u":"5,85 €/KG","img":"https://fd3-photos.leclercdrive.fr/image.ashx?id=2975834&use=l&cat=p&typeid=i","cat":284441},{"id":280836,"n":"Canard confit Delpeyrat façon blanquette - 1.5kg","p":8.77,"u":"5,85 €/KG","img":"https://fd3-photos.leclercdrive.fr/image.ashx?id=2975837&use=l&cat=p&typeid=i","cat":284441},{"id":280837,"n":"Biscuits Batticuori cacao chocolat fondant - 350g","p":4.81,"u":"13,74 €/KG","img":"https://fd3-photos.leclercdrive.fr/image.ashx?id=2976131&use=l&cat=p&typeid=i","cat":284488},{"id":280839,"n":"Biscuits Molinetti Mulino Bianco - 350g","p":2.9,"u":"8,29 €/KG","img":"https://fd3-photos.leclercdrive.fr/image.ashx?id=2976125&use=l&cat=p&typeid=i","cat":284490},{"id":280840,"n":"Biscuits Cioccograno Mulino Bianco - 330g","p":4.48,"u":"13,58 €/KG","img":"https://fd3-photos.leclercdrive.fr/image.ashx?id=2976122&use=l&cat=p&typeid=i","cat":284488},{"id":280841,"n":"Biscuits Girotondi Mulino Bianco - 350g","p":3.61,"u":"10,31 €/KG","img":"https://fd3-photos.leclercdrive.fr/image.ashx?id=2976119&use=l&cat=p&typeid=i","cat":284490},{"id":280842,"n":"Biscuits Scacchieri Caramel chocolat - 300g","p":5.01,"u":"16,70 €/KG","img":"https://fd3-photos.leclercdrive.fr/image.ashx?id=2976134&use=l&cat=p&typeid=i","cat":284488},{"id":280843,"n":"Biscuits Schiaccianoci Fruits secs chocolat - 300g","p":4.67,"u":"15,57 €/KG","img":"https://fd3-photos.leclercdrive.fr/image.ashx?id=2976128&use=l&cat=p&typeid=i","cat":284488},{"id":280844,"n":"Sauce crudités Melfor 50cl","p":2.33,"u":"4,66 €/L","img":"https://fd3-photos.leclercdrive.fr/image.ashx?id=2975879&use=l&cat=p&typeid=i","cat":298543},{"id":280846,"n":"Poudre chocolatée Milky Way pour chocolat chaud - 140g","p":2.87,"u":"20,50 €/KG","img":"https://fd3-photos.leclercdrive.fr/image.ashx?id=2976059&use=l&cat=p&typeid=i","cat":293235},{"id":280849,"n":"Poudre chocolatée Mars pour chocolat chaud - 140g","p":2.82,"u":"20,14 €/KG","img":"https://fd3-photos.leclercdrive.fr/image.ashx?id=2976056&use=l&cat=p&typeid=i","cat":293235},{"id":280850,"n":"Poudre chocolatée Bounty pour chocolat chaud - 140g","p":2.87,"u":"20,50 €/KG","img":"https://fd3-photos.leclercdrive.fr/image.ashx?id=2976053&use=l&cat=p&typeid=i","cat":293235},{"id":280851,"n":"Yaourt à la Grecque Nature 9% MG - 150g","p":1.35,"u":"9,00 €/KG","img":"https://fd3-photos.leclercdrive.fr/image.ashx?id=2978883&use=l&cat=p&typeid=i","cat":284409},{"id":280852,"n":"Yaourt nature 3.5% MG facile à digérer - 400g","p":2.17,"u":"5,43 €/KG","img":"https://fd3-photos.leclercdrive.fr/image.ashx?id=2978880&use=l&cat=p&typeid=i","cat":284409},{"id":280853,"n":"Crème fraîche entière 30% MG sans lactose - 150g","p":2.17,"u":"14,47 €/KG","img":"https://fd3-photos.leclercdrive.fr/image.ashx?id=2978877&use=l&cat=p&typeid=i","cat":284381},{"id":280856,"n":"Fromage blanc 0% MG 250g","p":1.89,"u":"7,56 €/KG","img":"https://fd3-photos.leclercdrive.fr/image.ashx?id=2978886&use=l&cat=p&typeid=i","cat":284409},{"id":280857,"n":"Fondue à l'alsacienne munster Le grand sapin - 400g","p":5.11,"u":"12,78 €/KG","img":"https://fd3-photos.leclercdrive.fr/image.ashx?id=2979087&use=l&cat=p&typeid=i","cat":314037},{"id":280858,"n":"Beurre St-Hubert doux L'Original - 500g","p":2.89,"u":"5,78 €/KG","img":"https://fd3-photos.leclercdrive.fr/image.ashx?id=2975966&use=l&cat=p&typeid=i","cat":284379},{"id":280859,"n":"Beurre St-Hubert demi-sel L'Original - 500g","p":2.89,"u":"5,78 €/KG","img":"https://fd3-photos.leclercdrive.fr/image.ashx?id=2975969&use=l&cat=p&typeid=i","cat":284379},{"id":280861,"n":"Duo crevettes cabillaud Tipiak - 2x125g","p":4.85,"u":"19,40 €/KG","img":"https://fd3-photos.leclercdrive.fr/image.ashx?id=2975945&use=l&cat=p&typeid=i","cat":284254},{"id":280862,"n":"Crumble cabillaud Saint-Jacques Tipiak - 2x125g","p":4.8,"u":"19,20 €/KG","img":"https://fd3-photos.leclercdrive.fr/image.ashx?id=2975942&use=l&cat=p&typeid=i","cat":284254},{"id":280863,"n":"Goûters Banania Cacao snack - 4x26g","p":1.69,"u":"16,25 €/KG","img":"https://fd3-photos.leclercdrive.fr/image.ashx?id=2977762&use=l&cat=p&typeid=i","cat":284420},{"id":280871,"n":"Croquettes croq & tendre Fido Poulet - 7kg","p":15.18,"u":"2,17 €/KG","img":"https://fd3-photos.leclercdrive.fr/image.ashx?id=2976146&use=l&cat=p&typeid=i","cat":284680},{"id":280878,"n":"Bowl Bonduelle A la mexicaine - 250g","p":2.87,"u":"11,48 €/KG","img":"https://fd3-photos.leclercdrive.fr/image.ashx?id=2996533&use=l&cat=p&typeid=i","cat":328010},{"id":280904,"n":"Mini cônes Extrême Mix x6 - 234g","p":3.13,"u":"0,52 €/P","img":"https://fd3-photos.leclercdrive.fr/image.ashx?id=2975933&use=l&cat=p&typeid=i","cat":284264},{"id":280905,"n":"Pancakes Pasquier Pépites de chocolat x8 - 280g","p":2.23,"u":"7,96 €/KG","img":"https://fd3-photos.leclercdrive.fr/image.ashx?id=2975921&use=l&cat=p&typeid=i","cat":284495},{"id":280908,"n":"Pizza DR. Oetker Suprema 5 fromages - 424g","p":4.97,"u":"11,72 €/KG","img":"https://fd3-photos.leclercdrive.fr/image.ashx?id=2993095&use=l&cat=p&typeid=i","cat":284256},{"id":280909,"n":"Pizza DR. Oetker Suprema Salami à la romaine - 425g","p":4.97,"u":"11,69 €/KG","img":"https://fd3-photos.leclercdrive.fr/image.ashx?id=2993092&use=l&cat=p&typeid=i","cat":284256},{"id":280914,"n":"Salade de blé Cassegrain Aubergines et poivrons 250g","p":2.07,"u":"8,28 €/KG","img":"https://fd3-photos.leclercdrive.fr/image.ashx?id=2975137&use=l&cat=p&typeid=i","cat":333657},{"id":280916,"n":"Salade de lentilles Cassegrain Vertes - Butternut roti 250g","p":2.07,"u":"8,28 €/KG","img":"https://fd3-photos.leclercdrive.fr/image.ashx?id=2975143&use=l&cat=p&typeid=i","cat":333657},{"id":280923,"n":"Soda Pepsi  Zéro sans sucresx - 12x33cl","p":4.99,"pp":3.74,"u":"0,94 €/L","img":"https://fd3-photos.leclercdrive.fr/image.ashx?id=2975659&use=l&cat=p&typeid=i","cat":284530},{"id":280924,"n":"Dentifrice Signal White Now 3en1 White boost charbon 2x75ml","p":6.83,"u":"45,53 €/L","img":"https://fd3-photos.leclercdrive.fr/image.ashx?id=2975677&use=l&cat=p&typeid=i","cat":284612},{"id":280925,"n":"Dentifrice Signal White Now 3en1 - Incontournable 2x75ml","p":6.83,"u":"45,53 €/L","img":"https://fd3-photos.leclercdrive.fr/image.ashx?id=2975680&use=l&cat=p&typeid=i","cat":284612},{"id":280997,"n":"Bowl à l'orientale 250g","p":2.87,"u":"11,48 €/KG","img":"https://fd3-photos.leclercdrive.fr/image.ashx?id=2991921&use=l&cat=p&typeid=i","cat":325094},{"id":281016,"n":"Biscuit pocket BN  Chocolat - 356g","p":3.11,"u":"8,74 €/KG","img":"https://fd3-photos.leclercdrive.fr/image.ashx?id=2975825&use=l&cat=p&typeid=i","cat":284488},{"id":281037,"n":"Skyr Alpro Exotic- 400g","p":2.89,"u":"7,23 €/KG","img":"https://fd3-photos.leclercdrive.fr/image.ashx?id=2976098&use=l&cat=p&typeid=i","cat":316071},{"id":281128,"n":"Lessive X-tra Total 40 lavages","p":5.91,"u":"3,28 €/L","img":"https://fd3-photos.leclercdrive.fr/image.ashx?id=2976788&use=l&cat=p&typeid=i","cat":284640},{"id":281250,"n":"Vinaigre de riz Mizkan 150ml","p":3.02,"u":"20,13 €/L","img":"https://fd3-photos.leclercdrive.fr/image.ashx?id=2978889&use=l&cat=p&typeid=i","cat":288992},{"id":281251,"n":"Bonbons roulette Haribo 175g","p":1.88,"u":"10,74 €/KG","img":"https://fd3-photos.leclercdrive.fr/image.ashx?id=2979677&use=l&cat=p&typeid=i","cat":304250},{"id":281252,"n":"Bonbons floppie's Haribo 200g","p":1.73,"u":"8,65 €/KG","img":"https://fd3-photos.leclercdrive.fr/image.ashx?id=2978664&use=l&cat=p&typeid=i","cat":304250},{"id":281254,"n":"Bonbons Hermione Granger Haribo 160g","p":1.56,"u":"9,75 €/KG","img":"https://fd3-photos.leclercdrive.fr/image.ashx?id=2978670&use=l&cat=p&typeid=i","cat":304250},{"id":281255,"n":"Bonbon flash pik Haribo 180g","p":1.76,"u":"9,78 €/KG","img":"https://fd3-photos.leclercdrive.fr/image.ashx?id=2978673&use=l&cat=p&typeid=i","cat":304250},{"id":281257,"n":"Bonbons Les P'tits Pik Haribo 180g","p":1.32,"u":"7,33 €/KG","img":"https://fd3-photos.leclercdrive.fr/image.ashx?id=2978676&use=l&cat=p&typeid=i","cat":304250},{"id":281258,"n":"Bonbons Haribo Les P'tits Chamalows - 150g","p":1.59,"u":"10,60 €/KG","img":"https://fd3-photos.leclercdrive.fr/image.ashx?id=2986200&use=l&cat=p&typeid=i","cat":304250},{"id":281259,"n":"Galette Saint Michel Chocolat caramel - 98g","p":1.25,"u":"12,76 €/KG","img":"https://fd3-photos.leclercdrive.fr/image.ashx?id=2978694&use=l&cat=p&typeid=i","cat":284487},{"id":281261,"n":"Biscuit chocolat Bonne Maman Petits carrés coco 200g","p":2.4,"u":"12,00 €/KG","img":"https://fd3-photos.leclercdrive.fr/image.ashx?id=2989150&use=l&cat=p&typeid=i","cat":284487},{"id":281331,"n":"Bonbons Têtes Brûlées Horror Mix 450g","p":4.55,"u":"10,11 €/KG","img":"https://fd3-photos.leclercdrive.fr/image.ashx?id=2978772&use=l&cat=p&typeid=i","cat":304250},{"id":281332,"n":"bonbons Têtes Brûlées Mini mix 480g","p":5.82,"u":"12,13 €/KG","img":"https://fd3-photos.leclercdrive.fr/image.ashx?id=2978775&use=l&cat=p&typeid=i","cat":304250},{"id":281334,"n":"Bonbons Têtes Brûlées Des bonbons ou un sort 500g","p":4.55,"u":"9,10 €/KG","img":"https://fd3-photos.leclercdrive.fr/image.ashx?id=2978781&use=l&cat=p&typeid=i","cat":304250},{"id":281339,"n":"Bonbons Lutti Giantfeet Fizz 280g","p":2.85,"u":"10,18 €/KG","img":"https://fd3-photos.leclercdrive.fr/image.ashx?id=2978820&use=l&cat=p&typeid=i","cat":304250},{"id":281346,"n":"Bonbons Lutti  Luciver Fizz 280g","p":2.69,"u":"9,61 €/KG","img":"https://fd3-photos.leclercdrive.fr/image.ashx?id=2978838&use=l&cat=p&typeid=i","cat":304250},{"id":281347,"n":"Bonbons Lutti  Papillot' Gummy 200g","p":2.42,"u":"12,10 €/KG","img":"https://fd3-photos.leclercdrive.fr/image.ashx?id=2978841&use=l&cat=p&typeid=i","cat":304250},{"id":281350,"n":"Bonbons Lutti  Papillot'Fizz Balls 200g","p":2.81,"u":"14,05 €/KG","img":"https://fd3-photos.leclercdrive.fr/image.ashx?id=2978847&use=l&cat=p&typeid=i","cat":304250},{"id":281353,"n":"Tablette chocolat noir corsé Nestlé Dessert 3x200g","p":8.67,"u":"14,45 €/KG","img":"https://fd3-photos.leclercdrive.fr/image.ashx?id=2978907&use=l&cat=p&typeid=i","cat":284956},{"id":281355,"n":"Sucettes Chupa Chups  Fraise Love x16 - 192g","p":3.01,"u":"15,68 €/KG","img":"https://fd3-photos.leclercdrive.fr/image.ashx?id=3009209&use=l&cat=p&typeid=i","cat":304250},{"id":281358,"n":"Bonbons Harry Potter Haribo 160g","p":1.39,"u":"8,69 €/KG","img":"https://fd3-photos.leclercdrive.fr/image.ashx?id=2978667&use=l&cat=p&typeid=i","cat":304250},{"id":281359,"n":"Sucettes Chupa Chups  Bubble Gum x12 - 144g","p":2.27,"u":"15,76 €/KG","img":"https://fd3-photos.leclercdrive.fr/image.ashx?id=2980167&use=l&cat=p&typeid=i","cat":304250},{"id":281361,"n":"Bonbons Werther' Original 3x50g","p":1.54,"u":"10,27 €/KG","img":"https://fd3-photos.leclercdrive.fr/image.ashx?id=2980040&use=l&cat=p&typeid=i","cat":304252},{"id":281364,"n":"Bonbons Werther's Original Saveur citrouille 180g","p":2.75,"u":"15,28 €/KG","img":"https://fd3-photos.leclercdrive.fr/image.ashx?id=2980046&use=l&cat=p&typeid=i","cat":304252},{"id":281365,"n":"Bonbons Werther's Original Caramel Selection 200g","p":1.85,"u":"9,25 €/KG","img":"https://fd3-photos.leclercdrive.fr/image.ashx?id=2980049&use=l&cat=p&typeid=i","cat":304252},{"id":281367,"n":"Lentilles Jadin Bio 400g","p":1.41,"u":"3,53 €/KG","img":"https://fd3-photos.leclercdrive.fr/image.ashx?id=2978739&use=l&cat=p&typeid=i","cat":284430},{"id":281372,"n":"Nouilles Tables du Monde 3x65g","p":1.39,"u":"7,13 €/KG","img":"https://fd3-photos.leclercdrive.fr/image.ashx?id=2977822&use=l&cat=p&typeid=i","cat":288992},{"id":281374,"n":"Snack alphabet Tokapi Ketchup - 75g","p":0.89,"u":"11,87 €/KG","img":"https://fd3-photos.leclercdrive.fr/image.ashx?id=2977825&use=l&cat=p&typeid=i","cat":284449},{"id":281376,"n":"Sauce Tradizioni d'Italia Tomate passata di pomodoro 690g","p":1.59,"u":"2,30 €/KG","img":"https://fd3-photos.leclercdrive.fr/image.ashx?id=2977828&use=l&cat=p&typeid=i","cat":287599},{"id":281377,"n":"Ketchup Heinz  zéro sel ajouté - 230g","p":1.93,"u":"8,39 €/KG","img":"https://fd3-photos.leclercdrive.fr/image.ashx?id=2978904&use=l&cat=p&typeid=i","cat":284455},{"id":281379,"n":"Terrines saumon Purina One Cabillaud Stérilisé - 340g","p":2.97,"u":"8,74 €/KG","img":"https://fd3-photos.leclercdrive.fr/image.ashx?id=2978928&use=l&cat=p&typeid=i","cat":285286},{"id":281383,"n":"Terrine poulet dinde Purina One Chat stérilisé - 4x85g","p":2.97,"u":"8,74 €/KG","img":"https://fd3-photos.leclercdrive.fr/image.ashx?id=2978931&use=l&cat=p&typeid=i","cat":285286},{"id":281397,"n":"Soupe de poissons à la Bretonne Nos Régions ont du Talent 950g","p":2.97,"u":"3,13 €/KG","img":"https://fd3-photos.leclercdrive.fr/image.ashx?id=2977918&use=l&cat=p&typeid=i","cat":285192},{"id":281399,"n":"Trio de saucissons Saint-Azay x3 - 345g","p":5.99,"u":"17,36 €/KG","img":"https://fd3-photos.leclercdrive.fr/image.ashx?id=2977912&use=l&cat=p&typeid=i","cat":316006},{"id":281416,"n":"Ravioli Turini Chèvre épinards 250g","p":1.99,"u":"7,96 €/KG","img":"https://fd3-photos.leclercdrive.fr/image.ashx?id=2978367&use=l&cat=p&typeid=i","cat":333682},{"id":281417,"n":"Tortellini Turini Pesto pignon 250g","p":2.35,"u":"9,40 €/KG","img":"https://fd3-photos.leclercdrive.fr/image.ashx?id=2978370&use=l&cat=p&typeid=i","cat":333682},{"id":281419,"n":"Girasoli Turini Légumes du soleil 250g","p":2.49,"u":"9,96 €/KG","img":"https://fd3-photos.leclercdrive.fr/image.ashx?id=2978373&use=l&cat=p&typeid=i","cat":333682},{"id":281503,"n":"Verrines de Foie gras et confit d'oignons - 4x40g","p":7.58,"u":"47,38 €/KG","img":"https://fd3-photos.leclercdrive.fr/image.ashx?id=3001344&use=l&cat=p&typeid=i","cat":327280},{"id":281517,"n":"Bûche Nestlé Signature façon fraisier - 495g","p":7.73,"u":"15,62 €/KG","img":"https://fd3-photos.leclercdrive.fr/image.ashx?id=2979764&use=l&cat=p&typeid=i","cat":284266},{"id":281522,"n":"Boisson végétale Alpro Barista Coco 750ml","p":1.97,"u":"2,63 €/L","img":"https://fd3-photos.leclercdrive.fr/image.ashx?id=2979430&use=l&cat=p&typeid=i","cat":316067},{"id":281524,"n":"Boisson végétale Alpro Avoine 500ml","p":1.57,"u":"3,14 €/L","img":"https://fd3-photos.leclercdrive.fr/image.ashx?id=2986855&use=l&cat=p&typeid=i","cat":316067},{"id":281529,"n":"Lait Matin Léger Lactel Sans lactose 6x50cl","p":6.3,"u":"2,10 €/L","img":"https://fd3-photos.leclercdrive.fr/image.ashx?id=2979421&use=l&cat=p&typeid=i","cat":317169},{"id":281569,"n":"Tajine de boeuf Charal 250g","p":5.73,"u":"22,92 €/KG","img":"https://fd3-photos.leclercdrive.fr/image.ashx?id=2979388&use=l&cat=p&typeid=i","cat":333665},{"id":281570,"n":"Boeuf à la Thaï Charal 250g","p":5.92,"u":"23,68 €/KG","img":"https://fd3-photos.leclercdrive.fr/image.ashx?id=2979385&use=l&cat=p&typeid=i","cat":333665},{"id":281724,"n":"Cake Cheesy Raclette  180g","p":6.24,"u":"34,67 €/KG","img":"https://fd3-photos.leclercdrive.fr/image.ashx?id=2998735&use=l&cat=p&typeid=i","cat":327280},{"id":282011,"n":"Chocolat Kinder Géant 300g","p":6.66,"u":"22,20 €/KG","img":"https://fd3-photos.leclercdrive.fr/image.ashx?id=2981367&use=l&cat=p&typeid=i","cat":327592},{"id":282047,"n":"Boisson au thé Fresh Tea Pêche - 4x50cl","p":2.99,"u":"1,50 €/L","img":"https://fd3-photos.leclercdrive.fr/image.ashx?id=2981460&use=l&cat=p&typeid=i","cat":295019},{"id":282335,"n":"Fizzy mug Mr et Mme  Mr Incroyable - 100g","p":6.47,"u":"64,70 €/KG","img":"https://fd3-photos.leclercdrive.fr/image.ashx?id=2983679&use=l&cat=p&typeid=i","cat":327789},{"id":282364,"n":"Ariel grandiose pods couleurs  éclatantes 21lav - 0,762kg","p":12.09,"u":"15,87 €/KG","img":"https://fd3-photos.leclercdrive.fr/image.ashx?id=2985642&use=l&cat=p&typeid=i","cat":284641},{"id":282381,"n":"Serviettes hygièniques Vania Maxi Nuit - x10","p":2.03,"u":"0,20 €/P","img":"https://fd3-photos.leclercdrive.fr/image.ashx?id=2985339&use=l&cat=p&typeid=i","cat":284624},{"id":282711,"n":"Lessive poudre Persil Bouquet de Provence 3.19kg","p":13.56,"u":"4,25 €/KG","img":"https://fd3-photos.leclercdrive.fr/image.ashx?id=2985666&use=l&cat=p&typeid=i","cat":284642},{"id":282718,"n":"Lessive liquide Tout en 1 Skip Extra détachant - 1.554L x37","p":13.27,"u":"8,54 €/L","img":"https://fd3-photos.leclercdrive.fr/image.ashx?id=2985672&use=l&cat=p&typeid=i","cat":284640},{"id":282741,"n":"Lessive liquide Skip Cycle Court Peaux sensibles 1.48L","p":13.47,"u":"9,10 €/L","img":"https://fd3-photos.leclercdrive.fr/image.ashx?id=2985681&use=l&cat=p&typeid=i","cat":284640},{"id":282837,"n":"Cœurs de filet de Cabillaud sauvage MSC Costa - 4x125g","p":11.08,"u":"22,16 €/KG","img":"https://fd3-photos.leclercdrive.fr/image.ashx?id=2985516&use=l&cat=p&typeid=i","cat":319786},{"id":282945,"n":"Lessive liquide Genie Fraîcheur - 1.4L","p":5.22,"u":"3,73 €/L","img":"https://fd3-photos.leclercdrive.fr/image.ashx?id=2985204&use=l&cat=p&typeid=i","cat":284640},{"id":282946,"n":"Lessive Xt-tra Total Marseille Aloe vera - 1.8L x40","p":7.78,"u":"4,32 €/L","img":"https://fd3-photos.leclercdrive.fr/image.ashx?id=2985030&use=l&cat=p&typeid=i","cat":284640},{"id":283048,"n":"Caffè latte Starbucks 220ml","p":2.19,"u":"9,95 €/L","img":"https://fd3-photos.leclercdrive.fr/image.ashx?id=2986807&use=l&cat=p&typeid=i","cat":295246},{"id":283051,"n":"Café frais Starbucks Vanilla macchiato 220ml","p":2.17,"u":"9,86 €/L","img":"https://fd3-photos.leclercdrive.fr/image.ashx?id=2986813&use=l&cat=p&typeid=i","cat":295246},{"id":283097,"n":"Délice de jambon sans Nitrite 200g","p":1.75,"u":"8,75 €/KG","img":"https://fd3-photos.leclercdrive.fr/image.ashx?id=2986888&use=l&cat=p&typeid=i","cat":305149},{"id":283119,"n":"Yaourts brassés Blédina Abricot - 4x95g","p":2.17,"u":"5,71 €/KG","img":"https://fd3-photos.leclercdrive.fr/image.ashx?id=2989099&use=l&cat=p&typeid=i","cat":312392},{"id":283120,"n":"Yaourts brassés Blédina Fruits rouges - 4x95g","p":2.17,"u":"5,71 €/KG","img":"https://fd3-photos.leclercdrive.fr/image.ashx?id=2989105&use=l&cat=p&typeid=i","cat":312392},{"id":283121,"n":"Yaourts brassés Blédina Banane - 4x95g","p":1.85,"u":"4,87 €/KG","img":"https://fd3-photos.leclercdrive.fr/image.ashx?id=2989102&use=l&cat=p&typeid=i","cat":312392},{"id":283123,"n":"Lait bébé en poudre Gallia Galliagest 0-6 mois 1.1kg","p":25.88,"u":"23,53 €/KG","img":"https://fd3-photos.leclercdrive.fr/image.ashx?id=2989108&use=l&cat=p&typeid=i","cat":284726},{"id":283125,"n":"Lait bébé en poudre Gallia Galliagest 6-12 mois 1.1kg","p":23.97,"u":"21,79 €/KG","img":"https://fd3-photos.leclercdrive.fr/image.ashx?id=2989111&use=l&cat=p&typeid=i","cat":290219},{"id":283136,"n":"Kinder Surprise  Père Noel x4 - 80g","p":5.14,"u":"64,25 €/KG","img":"https://fd3-photos.leclercdrive.fr/image.ashx?id=2981373&use=l&cat=p&typeid=i","cat":327592},{"id":283138,"n":"Kinder Surprise  Bonhomme de neige x4 - 80g","p":5.14,"u":"64,25 €/KG","img":"https://fd3-photos.leclercdrive.fr/image.ashx?id=2987196&use=l&cat=p&typeid=i","cat":327592},{"id":283161,"n":"Skyr Gourmand Yoplait  Sur lit de citron - 4x120g","p":3.37,"u":"7,02 €/KG","img":"https://fd3-photos.leclercdrive.fr/image.ashx?id=2989234&use=l&cat=p&typeid=i","cat":315000},{"id":283163,"n":"Skyr Gourmand Yoplait  sur lit poire vanille - 4x120g","p":3.39,"u":"7,06 €/KG","img":"https://fd3-photos.leclercdrive.fr/image.ashx?id=2989246&use=l&cat=p&typeid=i","cat":315000},{"id":283167,"n":"Skyr Vitaminé Yoplait sur lit mangue passion - 4x120g","p":3.33,"u":"6,94 €/KG","img":"https://fd3-photos.leclercdrive.fr/image.ashx?id=2989240&use=l&cat=p&typeid=i","cat":315000},{"id":283170,"n":"Skyr vitaminé Yoplait sur lit framboise cranberry - 4x120g","p":3.27,"u":"6,81 €/KG","img":"https://fd3-photos.leclercdrive.fr/image.ashx?id=2989237&use=l&cat=p&typeid=i","cat":315000},{"id":283263,"n":"Adoucissant dilué Soupline Grand Air - 1500ml","p":4.97,"u":"3,31 €/L","img":"https://fd3-photos.leclercdrive.fr/image.ashx?id=3004450&use=l&cat=p&typeid=i","cat":284650},{"id":283272,"n":"Recharge de lames Gillette  Fusion 5 - x4","p":17.43,"img":"https://fd3-photos.leclercdrive.fr/image.ashx?id=2988719&use=l&cat=p&typeid=i","cat":284616},{"id":283386,"n":"Munster AOP Haxaire à partager chaud - 220g","p":4.97,"u":"22,59 €/KG","img":"https://fd3-photos.leclercdrive.fr/image.ashx?id=2988457&use=l&cat=p&typeid=i","cat":329558},{"id":283400,"n":"Farine de sarrasin complète Bio Naturaline - 500g","p":2.98,"u":"5,96 €/KG","img":"https://fd3-photos.leclercdrive.fr/image.ashx?id=2988505&use=l&cat=p&typeid=i","cat":284503},{"id":283524,"n":"Poivrons tricolores Panier du Primeur x3","p":2.49,"u":"0,83 €/P","img":"https://fd3-photos.leclercdrive.fr/image.ashx?id=2987653&use=l&cat=p&typeid=i","cat":284352},{"id":283535,"n":"Les tranches Fleury Michon Haricots rouges x4 - 120g","p":2.37,"u":"19,75 €/KG","img":"https://fd3-photos.leclercdrive.fr/image.ashx?id=3000075&use=l&cat=p&typeid=i","cat":316036},{"id":283536,"n":"Macaroni poulet Fleury Michon sauce moutarde - 280g","p":2.89,"u":"10,32 €/KG","img":"https://fd3-photos.leclercdrive.fr/image.ashx?id=2988451&use=l&cat=p&typeid=i","cat":333665},{"id":283537,"n":"Dahl de lentilles Fleury Michon Sauce coco et riz - 300g","p":3.29,"u":"10,97 €/KG","img":"https://fd3-photos.leclercdrive.fr/image.ashx?id=2988448&use=l&cat=p&typeid=i","cat":333665},{"id":283542,"n":"Œuf Maxi Kinder surprise Playmobil - 100g","p":8.11,"u":"81,10 €/KG","img":"https://fd3-photos.leclercdrive.fr/image.ashx?id=2940516&use=l&cat=p&typeid=i","cat":284958},{"id":283546,"n":"Peluche Kinder Ecureuil - 133g","p":16.72,"u":"125,71 €/KG","img":"https://fd3-photos.leclercdrive.fr/image.ashx?id=2995890&use=l&cat=p&typeid=i","cat":327789},{"id":283547,"n":"Peluche Kinder Dragon - 133g","p":16.72,"u":"125,71 €/KG","img":"https://fd3-photos.leclercdrive.fr/image.ashx?id=2995893&use=l&cat=p&typeid=i","cat":327789},{"id":283552,"n":"Pruneau Anoy Maitre Prunille 500g","p":3.94,"u":"7,88 €/KG","img":"https://fd3-photos.leclercdrive.fr/image.ashx?id=2988584&use=l&cat=p&typeid=i","cat":323809},{"id":283555,"n":"Brassé végétal Végé Soja coco 4x100g","p":1.29,"u":"3,23 €/KG","img":"https://fd3-photos.leclercdrive.fr/image.ashx?id=2988945&use=l&cat=p&typeid=i","cat":316071},{"id":283678,"n":"Adoucissant dilué Soupline Hypoallergenique - 1.5L","p":4.97,"u":"3,31 €/L","img":"https://fd3-photos.leclercdrive.fr/image.ashx?id=3000498&use=l&cat=p&typeid=i","cat":284650},{"id":283764,"n":"Yaourt crémeux Bonne Maman Sur lit d'abricots 2x125g","p":1.77,"u":"7,08 €/KG","img":"https://fd3-photos.leclercdrive.fr/image.ashx?id=2990763&use=l&cat=p&typeid=i","cat":284410},{"id":283776,"n":"Pizza La Moelleuse Turini Orientale 525g","p":3.39,"u":"6,46 €/KG","img":"https://fd3-photos.leclercdrive.fr/image.ashx?id=2989030&use=l&cat=p&typeid=i","cat":284256},{"id":283831,"n":"Oranges Eco+ 1.5kg","p":1.99,"u":"1,33 €/KG","img":"https://fd3-photos.leclercdrive.fr/image.ashx?id=2987650&use=l&cat=p&typeid=i","cat":284356},{"id":283832,"n":"Oranges Eco+ 1.5kg","p":1.99,"u":"1,33 €/KG","img":"https://fd3-photos.leclercdrive.fr/image.ashx?id=2987650&use=l&cat=p&typeid=i","cat":284356},{"id":284009,"n":"Nestlé I Love Kefir à boire Nature - 6x100g","p":2.59,"pp":1.71,"u":"2,85 €/KG","img":"https://fd3-photos.leclercdrive.fr/image.ashx?id=2991831&use=l&cat=p&typeid=i","cat":284415},{"id":284010,"n":"Nestlé I Love Kefir Yaourt Nature - 2x150g","p":2.19,"pp":1.45,"u":"4,83 €/KG","img":"https://fd3-photos.leclercdrive.fr/image.ashx?id=2991834&use=l&cat=p&typeid=i","cat":284409},{"id":284079,"n":"Gel douche soin Nivea Defend Derma control - 250ml","p":1.93,"u":"7,72 €/L","img":"https://fd3-photos.leclercdrive.fr/image.ashx?id=2990910&use=l&cat=p&typeid=i","cat":284594},{"id":284082,"n":"Spray déodorant Nivea Men Derma control sensitive - 200ml","p":3.35,"u":"16,75 €/L","img":"https://fd3-photos.leclercdrive.fr/image.ashx?id=2990925&use=l&cat=p&typeid=i","cat":284618},{"id":284083,"n":"Spray déodorant Nivea Men Defend derma control - 200ml","p":3.73,"u":"18,65 €/L","img":"https://fd3-photos.leclercdrive.fr/image.ashx?id=2990907&use=l&cat=p&typeid=i","cat":284618},{"id":284084,"n":"Spray déodorant Nivea Men Derma control restore - 200ml","p":3.27,"u":"16,35 €/L","img":"https://fd3-photos.leclercdrive.fr/image.ashx?id=2990901&use=l&cat=p&typeid=i","cat":284618},{"id":284087,"n":"Déodorant stick Nivea Men Black & White Invisible - 50ml","p":3.27,"u":"65,40 €/L","img":"https://fd3-photos.leclercdrive.fr/image.ashx?id=2990928&use=l&cat=p&typeid=i","cat":284596},{"id":284088,"n":"Déodorant stick Nivea Men Dry impact - 50ml","p":3.27,"u":"65,40 €/L","img":"https://fd3-photos.leclercdrive.fr/image.ashx?id=2990412&use=l&cat=p&typeid=i","cat":284618},{"id":284090,"n":"Déodorant bille Nivea men Derma control Sensitive - 50ml","p":3.45,"u":"69,00 €/L","img":"https://fd3-photos.leclercdrive.fr/image.ashx?id=2990916&use=l&cat=p&typeid=i","cat":284618},{"id":284095,"n":"Déodorant spray Nivea Men Derma control defend - 200ml","p":2.85,"u":"14,25 €/L","img":"https://fd3-photos.leclercdrive.fr/image.ashx?id=2990904&use=l&cat=p&typeid=i","cat":284618},{"id":284104,"n":"Crème hydratante Nivea Repair & Care - Visage Corps Mains 400ml","p":9.48,"pp":6.26,"u":"15,65 €/L","img":"https://fd3-photos.leclercdrive.fr/image.ashx?id=2990898&use=l&cat=p&typeid=i","cat":325350},{"id":284105,"n":"Déodorant bille Nivea Men Derma control Defend - 50ml","p":3.6,"u":"72,00 €/MT","img":"https://fd3-photos.leclercdrive.fr/image.ashx?id=2990913&use=l&cat=p&typeid=i","cat":284618},{"id":284126,"n":"Bonbons Tic Tac Acidulé Pomme acidulée x100 - 49g","p":2.05,"u":"41,84 €/KG","img":"https://fd3-photos.leclercdrive.fr/image.ashx?id=2995055&use=l&cat=p&typeid=i","cat":304256},{"id":284188,"n":"Tortellini Boni Fromages - 500g","p":4.31,"u":"8,62 €/KG","img":"https://fd3-photos.leclercdrive.fr/image.ashx?id=2991969&use=l&cat=p&typeid=i","cat":333682},{"id":284189,"n":"Tortellini Boni Ricotta Epinards - 500g","p":3.72,"u":"7,44 €/KG","img":"https://fd3-photos.leclercdrive.fr/image.ashx?id=2991966&use=l&cat=p&typeid=i","cat":333682},{"id":284200,"n":"Filets de saumon rose sauvage MSC Escal - x4  500g","p":11.95,"u":"23,90 €/KG","img":"https://fd3-photos.leclercdrive.fr/image.ashx?id=2995139&use=l&cat=p&typeid=i","cat":319786},{"id":284201,"n":"Dos de cabillaud MSC Escal Sauvage - x4  400g","p":17.6,"u":"44,00 €/KG","img":"https://fd3-photos.leclercdrive.fr/image.ashx?id=2995133&use=l&cat=p&typeid=i","cat":319786},{"id":284202,"n":"Dos de colin d'Alaska MSC Escal - x5  500g","p":10.56,"u":"21,12 €/KG","img":"https://fd3-photos.leclercdrive.fr/image.ashx?id=2995136&use=l&cat=p&typeid=i","cat":319786},{"id":284273,"n":"Crème fraîche Le Gall Fleurette 30%MG 1L","p":5.4,"u":"5,40 €/L","img":"https://fd3-photos.leclercdrive.fr/image.ashx?id=2991999&use=l&cat=p&typeid=i","cat":284381},{"id":284275,"n":"Gants Mapa usage quotidien Taille M - 2x50 gants","p":6.99,"u":"0,07 €/P","img":"https://fd3-photos.leclercdrive.fr/image.ashx?id=2992074&use=l&cat=p&typeid=i","cat":284668},{"id":284276,"n":"Gants Mapa usage quotidien Taille L - 2x50 gants","p":6.15,"u":"0,06 €/P","img":"https://fd3-photos.leclercdrive.fr/image.ashx?id=2992077&use=l&cat=p&typeid=i","cat":284668},{"id":284277,"n":"Recharge disques WC Nicols Océan - 80g","p":3.09,"u":"3,86 €/L","img":"https://fd3-photos.leclercdrive.fr/image.ashx?id=2992296&use=l&cat=p&typeid=i","cat":284662},{"id":284278,"n":"Recharge disques WC Nicols Citron - 80g","p":2.32,"u":"2,90 €/L","img":"https://fd3-photos.leclercdrive.fr/image.ashx?id=2992299&use=l&cat=p&typeid=i","cat":284662},{"id":284280,"n":"AOC Sauvignon Reuilly vin blanc La Perrière - 75cl","p":9.49,"u":"12,65 €/L","img":"https://fd3-photos.leclercdrive.fr/image.ashx?id=3000719&use=l&cat=p&typeid=i","cat":289557},{"id":284291,"n":"Chewing-gum Hi-Chew Pêche - 50g","p":1.87,"u":"37,40 €/KG","img":"https://fd3-photos.leclercdrive.fr/image.ashx?id=2991801&use=l&cat=p&typeid=i","cat":304251},{"id":284292,"n":"Chewing-gum Hi-Chew Açai - 50g","p":1.87,"u":"37,40 €/KG","img":"https://fd3-photos.leclercdrive.fr/image.ashx?id=2991804&use=l&cat=p&typeid=i","cat":304251},{"id":284296,"n":"Masque Le Petit Marseillais  4 en 1 Hydratation -370ml","p":4.72,"u":"12,76 €/L","img":"https://fd3-photos.leclercdrive.fr/image.ashx?id=2992140&use=l&cat=p&typeid=i","cat":284608},{"id":284299,"n":"Masque Le Petit Marseillais  Douceur Eclat - 370ml","p":6.61,"u":"17,86 €/L","img":"https://fd3-photos.leclercdrive.fr/image.ashx?id=2992143&use=l&cat=p&typeid=i","cat":284608},{"id":284475,"n":"Lait apaisant Le Petit  Marseillais Aloe Vera - 250ml","p":3.26,"u":"13,04 €/L","img":"https://fd3-photos.leclercdrive.fr/image.ashx?id=2992951&use=l&cat=p&typeid=i","cat":325349},{"id":284476,"n":"Lait peau déshydratée Le Petit Marseillais Noix de coco -250ml","p":4.64,"u":"18,56 €/L","img":"https://fd3-photos.leclercdrive.fr/image.ashx?id=2992954&use=l&cat=p&typeid=i","cat":325349},{"id":284521,"n":"Solution lentilles Primoplast 380ml","p":2.79,"u":"73,42 €/L","img":"https://fd3-photos.leclercdrive.fr/image.ashx?id=3007410&use=l&cat=p&typeid=i","cat":284630},{"id":284524,"n":"Shampooing Le Petit Marseillais Huile de Jojoba Bio - 250ml","p":1.97,"u":"7,88 €/L","img":"https://fd3-photos.leclercdrive.fr/image.ashx?id=2993436&use=l&cat=p&typeid=i","cat":284606},{"id":284527,"n":"Shampoing bébé Démêlant Le Petit Marseillais Pêche 300ml","p":2.72,"u":"9,07 €/L","img":"https://fd3-photos.leclercdrive.fr/image.ashx?id=2993439&use=l&cat=p&typeid=i","cat":284606},{"id":284532,"n":"Gel douche derma Sanex Enfant - Recharge - 450ml","p":4.28,"u":"9,51 €/L","img":"https://fd3-photos.leclercdrive.fr/image.ashx?id=2993493&use=l&cat=p&typeid=i","cat":284594},{"id":284540,"n":"Crème de douche Derma Care Sanex -Surgras - 700ml","p":5.97,"u":"8,53 €/L","img":"https://fd3-photos.leclercdrive.fr/image.ashx?id=2993496&use=l&cat=p&typeid=i","cat":284594},{"id":284630,"n":"Fromage râpé Duo Mix Valmartin - 500g","p":3.65,"u":"7,30 €/KG","img":"https://fd3-photos.leclercdrive.fr/image.ashx?id=2998252&use=l&cat=p&typeid=i","cat":314035},{"id":284637,"n":"Gel douche Derma Care Sanex Hypoallergenique - 700ml","p":5.97,"u":"8,53 €/L","img":"https://fd3-photos.leclercdrive.fr/image.ashx?id=2997370&use=l&cat=p&typeid=i","cat":284594},{"id":284639,"n":"Gel douche Sanex Protection - 400ml","p":3.48,"u":"8,70 €/L","img":"https://fd3-photos.leclercdrive.fr/image.ashx?id=2997373&use=l&cat=p&typeid=i","cat":284594},{"id":284640,"n":"Crème de douche Sanex Protection - 400ml","p":3.48,"u":"8,70 €/L","img":"https://fd3-photos.leclercdrive.fr/image.ashx?id=2997376&use=l&cat=p&typeid=i","cat":284594},{"id":284642,"n":"Gel douche Derma Care Sanex Enfant - 700ml","p":5.97,"u":"8,53 €/L","img":"https://fd3-photos.leclercdrive.fr/image.ashx?id=2997379&use=l&cat=p&typeid=i","cat":284594},{"id":284644,"n":"Gel douche Sanex Derma Care Hypoallergénique - 425ml","p":4.43,"u":"10,42 €/L","img":"https://fd3-photos.leclercdrive.fr/image.ashx?id=2997382&use=l&cat=p&typeid=i","cat":284594},{"id":284645,"n":"Crème de douche Sanex Derma Care Surgras - 425ml","p":4.43,"u":"10,42 €/L","img":"https://fd3-photos.leclercdrive.fr/image.ashx?id=2997385&use=l&cat=p&typeid=i","cat":284594},{"id":284649,"n":"Huile de douche Sanex Derma Care Surgras - 425ml","p":4.33,"u":"10,19 €/L","img":"https://fd3-photos.leclercdrive.fr/image.ashx?id=2997388&use=l&cat=p&typeid=i","cat":284594},{"id":284652,"n":"Spray déodorant  Sanex Derma care 48h Sensitive 200ml","p":3.57,"u":"17,85 €/L","img":"https://fd3-photos.leclercdrive.fr/image.ashx?id=2997361&use=l&cat=p&typeid=i","cat":284595},{"id":284653,"n":"Déodorant Sanex Derma Care Protector 1x12x65ml","p":3.3,"u":"0,05 €/M3","img":"https://fd3-photos.leclercdrive.fr/image.ashx?id=2999024&use=l&cat=p&typeid=i","cat":284595},{"id":284655,"n":"Recharge crème de douche Sanex Derma Care Surgras - 450ml","p":3.98,"u":"8,84 €/MT","img":"https://fd3-photos.leclercdrive.fr/image.ashx?id=2997364&use=l&cat=p&typeid=i","cat":284594},{"id":284657,"n":"Gel douche Sanex Derma Care Revitalisant - 425ml","p":4.43,"u":"10,42 €/L","img":"https://fd3-photos.leclercdrive.fr/image.ashx?id=2997367&use=l&cat=p&typeid=i","cat":284594},{"id":284712,"n":"Tablettes lave-vaisselle Fairy Miracle Citron x31 - 510g","p":12.67,"u":"24,84 €/KG","img":"https://fd3-photos.leclercdrive.fr/image.ashx?id=2996121&use=l&cat=p&typeid=i","cat":284656},{"id":284713,"n":"Nettoyant liquide sol Mr.Propre Multi-usages Coton 1.5L","p":2.9,"u":"1,93 €/L","img":"https://fd3-photos.leclercdrive.fr/image.ashx?id=2997316&use=l&cat=p&typeid=i","cat":325357},{"id":284733,"n":"Gel douche Sanex Derma Care Apaisant - 425ml","p":4.43,"u":"10,42 €/L","img":"https://fd3-photos.leclercdrive.fr/image.ashx?id=2994578&use=l&cat=p&typeid=i","cat":284594},{"id":284735,"n":"Recharge gel douche Sanex Protection - 450ml","p":3.23,"u":"7,18 €/L","img":"https://fd3-photos.leclercdrive.fr/image.ashx?id=2994581&use=l&cat=p&typeid=i","cat":284594},{"id":284736,"n":"Recharge crème douche Sanex Protection - 900ml","p":4.48,"u":"4,98 €/L","img":"https://fd3-photos.leclercdrive.fr/image.ashx?id=2994584&use=l&cat=p&typeid=i","cat":284594},{"id":284741,"n":"Crème de douche Sanex Protection - 900ml","p":4.97,"u":"5,52 €/L","img":"https://fd3-photos.leclercdrive.fr/image.ashx?id=2994587&use=l&cat=p&typeid=i","cat":284594},{"id":284745,"n":"Gel douche Sanex Derma Care Hydratant - 425ml","p":3.87,"u":"9,11 €/MT","img":"https://fd3-photos.leclercdrive.fr/image.ashx?id=2994590&use=l&cat=p&typeid=i","cat":284594},{"id":284898,"n":"Sauce Porto Charal 120g","p":2.3,"u":"19,17 €/KG","img":"https://fd3-photos.leclercdrive.fr/image.ashx?id=2995100&use=l&cat=p&typeid=i","cat":327293},{"id":284899,"n":"Rôti de porc farci Bigard Morilles et beurre truffé 530g","p":9.59,"u":"18,09 €/KG","img":"https://fd3-photos.leclercdrive.fr/image.ashx?id=2995151&use=l&cat=p&typeid=i","cat":327289},{"id":284900,"n":"Paupiette de porc farci Bigard Morilles et beurre truffé 500g","p":9.7,"u":"19,40 €/KG","img":"https://fd3-photos.leclercdrive.fr/image.ashx?id=2995145&use=l&cat=p&typeid=i","cat":327289},{"id":285020,"n":"Bûche signature Eskiss Vanille pistache 480g","p":5.59,"u":"11,65 €/KG","img":"https://fd3-photos.leclercdrive.fr/image.ashx?id=2994912&use=l&cat=p&typeid=i","cat":284266},{"id":285208,"n":"Calumet Allume Feu laine de bois x24 pcs","p":2.79,"u":"0,12 €/P","img":"https://fd3-photos.leclercdrive.fr/image.ashx?id=3001392&use=l&cat=p&typeid=i","cat":300578},{"id":285245,"n":"Riz Comptoir du Grain 3 riz blanc rouge noir 500g","p":1.82,"u":"3,64 €/KG","img":"https://fd3-photos.leclercdrive.fr/image.ashx?id=2995820&use=l&cat=p&typeid=i","cat":284428},{"id":285304,"n":"Chocolat en poudre Nesquick  Saveur fraise - 350g","p":2.87,"u":"8,20 €/KG","img":"https://fd3-photos.leclercdrive.fr/image.ashx?id=2997304&use=l&cat=p&typeid=i","cat":293235},{"id":285307,"n":"Gateau Bonne Maman  Tendre coeur chocolat x9 - 225g","p":2.95,"u":"13,11 €/KG","img":"https://fd3-photos.leclercdrive.fr/image.ashx?id=2996629&use=l&cat=p&typeid=i","cat":284495},{"id":285308,"n":"Infusion  Bio Village verveine menthe x20 30g","p":1.49,"u":"49,67 €/KG","img":"https://fd3-photos.leclercdrive.fr/image.ashx?id=2995902&use=l&cat=p&typeid=i","cat":293234},{"id":285311,"n":"Infusion Bio Village  Thym menthe x20 - 30g","p":1.56,"u":"52,00 €/KG","img":"https://fd3-photos.leclercdrive.fr/image.ashx?id=2995905&use=l&cat=p&typeid=i","cat":293234},{"id":285312,"n":"Infusion deetox Bio Village Hibiscus x20 - 30g","p":1.86,"u":"62,00 €/KG","img":"https://fd3-photos.leclercdrive.fr/image.ashx?id=2995908&use=l&cat=p&typeid=i","cat":293234},{"id":285380,"n":"Filtre à café Plantation N°4 - x80","p":1.35,"img":"https://fd3-photos.leclercdrive.fr/image.ashx?id=2996028&use=l&cat=p&typeid=i","cat":284751},{"id":285419,"n":"Lessive liquide Mir Fraîcheur - 1.35L - x37 lavages","p":8.5,"u":"6,20 €/L","img":"https://fd3-photos.leclercdrive.fr/image.ashx?id=2996614&use=l&cat=p&typeid=i","cat":284640},{"id":285430,"n":"Lessive capsules Dash 2en1 Souffle précieux - 726g","p":14.88,"u":"20,50 €/KG","img":"https://fd3-photos.leclercdrive.fr/image.ashx?id=2997325&use=l&cat=p&typeid=i","cat":284641},{"id":285432,"n":"Lessive capsules Dash 2en1 Jasmin & rose de mai 726g x38","p":13.49,"u":"18,58 €/KG","img":"https://fd3-photos.leclercdrive.fr/image.ashx?id=2997328&use=l&cat=p&typeid=i","cat":284641},{"id":285597,"n":"Lard séché en tranches Adler Filigrano - 80g","p":1.88,"u":"23,50 €/KG","img":"https://fd3-photos.leclercdrive.fr/image.ashx?id=3002189&use=l&cat=p&typeid=i","cat":316007},{"id":285598,"n":"Coffret jambon forêt noire Adler - 500g","p":10.79,"u":"21,58 €/KG","img":"https://fd3-photos.leclercdrive.fr/image.ashx?id=3008981&use=l&cat=p&typeid=i","cat":316007},{"id":285622,"n":"Gel lavant bébé Eco+ 2en1 - Corps & cheveux - 300ml","p":0.97,"u":"32,33 €/L","img":"https://fd3-photos.leclercdrive.fr/image.ashx?id=2997703&use=l&cat=p&typeid=i","cat":284740},{"id":285635,"n":"Shampooing douche Carré Homme Sensitive - 250ml","p":1.15,"u":"4,60 €/L","img":"https://fd3-photos.leclercdrive.fr/image.ashx?id=2997706&use=l&cat=p&typeid=i","cat":284621},{"id":285687,"n":"Sérum physiologique Mots D'enfants - 500ml","p":2.99,"u":"5,98 €/L","img":"https://fd3-photos.leclercdrive.fr/image.ashx?id=2997748&use=l&cat=p&typeid=i","cat":289435},{"id":285688,"n":"Shampooing douche Carré Homme Vivifiant - Menthol - 250ml","p":1.15,"u":"4,60 €/L","img":"https://fd3-photos.leclercdrive.fr/image.ashx?id=2997751&use=l&cat=p&typeid=i","cat":284621},{"id":285702,"n":"Recharge crème lavante Manava Velours d'Amande - 1L","p":1.95,"u":"1,95 €/L","img":"https://fd3-photos.leclercdrive.fr/image.ashx?id=2997841&use=l&cat=p&typeid=i","cat":284594},{"id":285704,"n":"Gel douche Manava Délice gourmand - 250ml","p":1.29,"u":"5,16 €/L","img":"https://fd3-photos.leclercdrive.fr/image.ashx?id=2997844&use=l&cat=p&typeid=i","cat":284594},{"id":285705,"n":"Gel douche Manava Douceur d'hiver - 250ml","p":1.29,"u":"5,16 €/L","img":"https://fd3-photos.leclercdrive.fr/image.ashx?id=2997847&use=l&cat=p&typeid=i","cat":284594},{"id":285732,"n":"Sous-vêtements absorbants Nuit  Love & Green  Taille L x8","p":9.87,"u":"1,23 €/P","img":"https://fd3-photos.leclercdrive.fr/image.ashx?id=3000306&use=l&cat=p&typeid=i","cat":284628},{"id":285733,"n":"Sous-vêtements absorbants Nuit  Love & Green  Taille L x8","p":9.16,"u":"1,15 €/P","img":"https://fd3-photos.leclercdrive.fr/image.ashx?id=3000300&use=l&cat=p&typeid=i","cat":284628},{"id":285810,"n":"Poire Qtee 1p","p":0.85,"img":"https://fd3-photos.leclercdrive.fr/image.ashx?id=2587227&use=l&cat=p&typeid=i","cat":284356},{"id":285817,"n":"Carotte sable 1p","p":1.39,"img":"https://fd3-photos.leclercdrive.fr/image.ashx?id=3010093&use=l&cat=p&typeid=i","cat":284352},{"id":285942,"n":"Boule de Noël vanille caramel Erhard - 490g","p":12.49,"u":"25,49 €/KG","img":"https://fd3-photos.leclercdrive.fr/image.ashx?id=2998979&use=l&cat=p&typeid=i","cat":284266},{"id":286200,"n":"Pack Nettoyant ménager et  Recharge Cif 870ml","p":5.2,"u":"5,98 €/L","img":"https://fd3-photos.leclercdrive.fr/image.ashx?id=2999601&use=l&cat=p&typeid=i","cat":325357},{"id":286205,"n":"Pack nettoyant ménager et  Recharge Cif 870ml","p":5.13,"u":"5,90 €/L","img":"https://fd3-photos.leclercdrive.fr/image.ashx?id=2999604&use=l&cat=p&typeid=i","cat":325357},{"id":286220,"n":"Pack nettoyant ménager et Recharge Cif 870ml","p":5.17,"u":"5,94 €/L","img":"https://fd3-photos.leclercdrive.fr/image.ashx?id=2999607&use=l&cat=p&typeid=i","cat":325357},{"id":286243,"n":"Bûche glacée Nestlé Chocolat  Blanc vanille caramel 540g","p":9.13,"u":"16,91 €/KG","img":"https://fd3-photos.leclercdrive.fr/image.ashx?id=3000045&use=l&cat=p&typeid=i","cat":284266},{"id":286244,"n":"Bûche glacée Pilpa Omelette norvégienne 336g","p":5.27,"u":"15,68 €/KG","img":"https://fd3-photos.leclercdrive.fr/image.ashx?id=3000024&use=l&cat=p&typeid=i","cat":284266},{"id":286245,"n":"Bûche glacée Pilpa Vanille caramel spéculoos 534g","p":5.27,"u":"9,87 €/KG","img":"https://fd3-photos.leclercdrive.fr/image.ashx?id=3000039&use=l&cat=p&typeid=i","cat":284266},{"id":286251,"n":"Bûche glacée Nestlé Signature Coco ananas citron vert 500g","p":7.73,"u":"15,46 €/KG","img":"https://fd3-photos.leclercdrive.fr/image.ashx?id=3000698&use=l&cat=p&typeid=i","cat":284266},{"id":286252,"n":"Bûche glacée Nestlé Signature Chocolat blanc spéculoos 503g","p":7.99,"u":"15,88 €/KG","img":"https://fd3-photos.leclercdrive.fr/image.ashx?id=3000713&use=l&cat=p&typeid=i","cat":284266},{"id":286256,"n":"Bûche glacée Nestlé Signature Passion framboise 491g","p":7.73,"u":"15,74 €/KG","img":"https://fd3-photos.leclercdrive.fr/image.ashx?id=3000701&use=l&cat=p&typeid=i","cat":284266},{"id":286259,"n":"Bûche glacée Nestlé Signature Vanille bourbon caramel 489g","p":7.73,"u":"15,81 €/KG","img":"https://fd3-photos.leclercdrive.fr/image.ashx?id=3000695&use=l&cat=p&typeid=i","cat":284266},{"id":286270,"n":"Bûche glacée Nestlé Signature Façon cheesecake exotique 486g","p":7.73,"u":"15,91 €/KG","img":"https://fd3-photos.leclercdrive.fr/image.ashx?id=3000707&use=l&cat=p&typeid=i","cat":284266},{"id":286273,"n":"Noix de Saint-Jacques  Gimbert Océan - 250g","p":11.49,"u":"45,96 €/KG","img":"https://fd3-photos.leclercdrive.fr/image.ashx?id=3000249&use=l&cat=p&typeid=i","cat":319787},{"id":286309,"n":"Macarons saveurs de Bretagne Tipiak x8 - 105g","p":4.89,"u":"46,57 €/KG","img":"https://fd3-photos.leclercdrive.fr/image.ashx?id=3000180&use=l&cat=p&typeid=i","cat":284267},{"id":286318,"n":"Crêpes pomme caramel Tipiak x6 - 270g","p":4.9,"u":"18,15 €/KG","img":"https://fd3-photos.leclercdrive.fr/image.ashx?id=3000057&use=l&cat=p&typeid=i","cat":284267},{"id":286339,"n":"Recharge Gel douche Le Petit Marseillais - Monoï 500ml","p":4.38,"u":"8,76 €/MT","img":"https://fd3-photos.leclercdrive.fr/image.ashx?id=3000243&use=l&cat=p&typeid=i","cat":284594},{"id":286365,"n":"Cocktail créoles Madrange 340g","p":2.41,"u":"7,09 €/KG","img":"https://fd3-photos.leclercdrive.fr/image.ashx?id=2999967&use=l&cat=p&typeid=i","cat":316012},{"id":286366,"n":"Mini Bâton de Berger  À la truffe Justin Bridou 70g","p":1.88,"u":"26,86 €/KG","img":"https://fd3-photos.leclercdrive.fr/image.ashx?id=3000174&use=l&cat=p&typeid=i","cat":316006},{"id":286367,"n":"Bâtonnets saucisson au Comté Salaison Ogier 100g","p":3.0,"u":"30,00 €/KG","img":"https://fd3-photos.leclercdrive.fr/image.ashx?id=3002087&use=l&cat=p&typeid=i","cat":316006},{"id":286451,"n":"Bûche glacée Nestlé Signature façon Tiramisu - 472g","p":7.73,"u":"16,38 €/KG","img":"https://fd3-photos.leclercdrive.fr/image.ashx?id=3000716&use=l&cat=p&typeid=i","cat":284266},{"id":286452,"n":"Légumes au four Findus Mélange du jardin - 650g","p":3.68,"u":"5,66 €/KG","img":"https://fd3-photos.leclercdrive.fr/image.ashx?id=3000252&use=l&cat=p&typeid=i","cat":319805},{"id":286501,"n":"Magret de canard en tournedos Foie gras du Sud ouest - 270g","p":12.5,"u":"46,30 €/KG","img":"https://fd3-photos.leclercdrive.fr/image.ashx?id=2999808&use=l&cat=p&typeid=i","cat":319780},{"id":286502,"n":"Mini gratins Raclette Côté Table surgelé - 400g","p":3.42,"u":"8,55 €/KG","img":"https://fd3-photos.leclercdrive.fr/image.ashx?id=2999805&use=l&cat=p&typeid=i","cat":319793},{"id":286645,"n":"Chips Lay's Gourmet Wavy herbes - 120g","p":2.25,"u":"18,75 €/KG","img":"https://fd3-photos.leclercdrive.fr/image.ashx?id=3003185&use=l&cat=p&typeid=i","cat":284447},{"id":286647,"n":"Chips Lay's Gourmet 120g","p":2.23,"u":"18,58 €/KG","img":"https://fd3-photos.leclercdrive.fr/image.ashx?id=3003182&use=l&cat=p&typeid=i","cat":284447},{"id":286649,"n":"Chips Lay's Gourmet Truffe - 120g","p":2.25,"u":"18,75 €/KG","img":"https://fd3-photos.leclercdrive.fr/image.ashx?id=3003179&use=l&cat=p&typeid=i","cat":284447},{"id":286650,"n":"Chips Lay's Gourmet 120g","p":2.25,"u":"18,75 €/KG","img":"https://fd3-photos.leclercdrive.fr/image.ashx?id=3003188&use=l&cat=p&typeid=i","cat":284447},{"id":286651,"n":"Stick dentaire Plénima Petit chien - x8 440g","p":3.65,"u":"8,30 €/KG","img":"https://fd3-photos.leclercdrive.fr/image.ashx?id=3000938&use=l&cat=p&typeid=i","cat":294527},{"id":286652,"n":"Stick dentaire Plénima Moyen chien - x28  720g","p":4.75,"u":"6,60 €/KG","img":"https://fd3-photos.leclercdrive.fr/image.ashx?id=3000941&use=l&cat=p&typeid=i","cat":294527},{"id":286871,"n":"Soda Coca-Cola 4x1.75L","p":7.1,"u":"1,01 €/L","img":"https://fd3-photos.leclercdrive.fr/image.ashx?id=3014865&use=l&cat=p&typeid=i","cat":284530},{"id":286878,"n":"Boudin blanc aux morilles L'Atelier Charcuterie x2 - 250g","p":3.49,"u":"13,96 €/KG","img":"https://fd3-photos.leclercdrive.fr/image.ashx?id=3001915&use=l&cat=p&typeid=i","cat":316012},{"id":286890,"n":"Mini quiches Côté Table x15 - 270g","p":5.5,"u":"20,37 €/KG","img":"https://fd3-photos.leclercdrive.fr/image.ashx?id=3001903&use=l&cat=p&typeid=i","cat":319774},{"id":286896,"n":"Bâtonnet apéro snack nature Salaison Ogier 100g","p":2.73,"u":"27,30 €/KG","img":"https://fd3-photos.leclercdrive.fr/image.ashx?id=3006196&use=l&cat=p&typeid=i","cat":316006},{"id":286954,"n":"Galettes St Michel au beurre  16x5 - 520g","p":2.94,"u":"5,65 €/KG","img":"https://fd3-photos.leclercdrive.fr/image.ashx?id=3003191&use=l&cat=p&typeid=i","cat":284487},{"id":287258,"n":"Chocolat Poulain 450g","p":3.43,"u":"7,62 €/KG","img":"https://fd3-photos.leclercdrive.fr/image.ashx?id=3005137&use=l&cat=p&typeid=i","cat":293235},{"id":287262,"n":"Chocolat en poudre Poulain 800g","p":5.67,"u":"7,09 €/KG","img":"https://fd3-photos.leclercdrive.fr/image.ashx?id=3005140&use=l&cat=p&typeid=i","cat":293235},{"id":287263,"n":"Chocolat en poudre Poulain 450g","p":3.07,"u":"6,82 €/KG","img":"https://fd3-photos.leclercdrive.fr/image.ashx?id=3005143&use=l&cat=p&typeid=i","cat":293235},{"id":287285,"n":"Désodorisant Bien Air Destructeur odeurs Coton 250ml","p":2.42,"u":"9,68 €/L","img":"https://fd3-photos.leclercdrive.fr/image.ashx?id=3004142&use=l&cat=p&typeid=i","cat":311626},{"id":287323,"n":"Camembert chaud  au lait pasteurisé 250g","p":3.48,"u":"13,92 €/KG","img":"https://fd3-photos.leclercdrive.fr/image.ashx?id=3004888&use=l&cat=p&typeid=i","cat":314033},{"id":287331,"n":"Cotons maxi carrés Biolane Coton douceur Bio x60","p":3.39,"img":"https://fd3-photos.leclercdrive.fr/image.ashx?id=3004942&use=l&cat=p&typeid=i","cat":285593},{"id":287341,"n":"Infusion Bio Village Réglisse menthe - 30g","p":1.49,"u":"49,67 €/KG","img":"https://fd3-photos.leclercdrive.fr/image.ashx?id=3004145&use=l&cat=p&typeid=i","cat":293234},{"id":287345,"n":"Infusion Bio Village Thym - 30g","p":1.75,"u":"58,33 €/KG","img":"https://fd3-photos.leclercdrive.fr/image.ashx?id=3004148&use=l&cat=p&typeid=i","cat":293234},{"id":287482,"n":"Soda Coca-Cola Zéro 4x1,75L","p":5.1,"u":"0,73 €/L","img":"https://fd3-photos.leclercdrive.fr/image.ashx?id=3009668&use=l&cat=p&typeid=i","cat":284530},{"id":287535,"n":"Soufflés Curly Extra Cheese  90g","p":1.11,"u":"12,33 €/KG","img":"https://fd3-photos.leclercdrive.fr/image.ashx?id=3005570&use=l&cat=p&typeid=i","cat":284449},{"id":287549,"n":"Couches naturelles Carryboo Taille 1 - 2 à 5 kg - x24","p":7.49,"u":"0,31 €/P","img":"https://fd3-photos.leclercdrive.fr/image.ashx?id=3005793&use=l&cat=p&typeid=i","cat":284737},{"id":287586,"n":"Crème fraîche Président épaisse 25%MG - poche 30cl","p":1.43,"u":"4,77 €/L","img":"https://fd3-photos.leclercdrive.fr/image.ashx?id=3008173&use=l&cat=p&typeid=i","cat":284381},{"id":287587,"n":"Crème fraîche Bridélice 12%MG Légère et épaisse - poche 30cl","p":1.53,"u":"5,10 €/L","img":"https://fd3-photos.leclercdrive.fr/image.ashx?id=3008176&use=l&cat=p&typeid=i","cat":284381},{"id":287596,"n":"Morille extra Borde 150g","p":39.9,"u":"266,00 €/KG","img":"https://fd3-photos.leclercdrive.fr/image.ashx?id=3008092&use=l&cat=p&typeid=i","cat":312610},{"id":287785,"n":"Tablette dessert Poulain  400g","p":4.33,"u":"10,83 €/KG","img":"https://fd3-photos.leclercdrive.fr/image.ashx?id=3008806&use=l&cat=p&typeid=i","cat":284956},{"id":287792,"n":"Chocolat en poudre Poulain 1kg","p":5.79,"u":"5,79 €/KG","img":"https://fd3-photos.leclercdrive.fr/image.ashx?id=3008809&use=l&cat=p&typeid=i","cat":293235},{"id":287835,"n":"Noix de Saint Jacques  Gimbert Océan - 3x180g","p":11.49,"u":"21,28 €/KG","img":"https://fd3-photos.leclercdrive.fr/image.ashx?id=3008749&use=l&cat=p&typeid=i","cat":319787},{"id":287847,"n":"Café L'Or Ouganda kenya en grains - 500g","p":12.97,"u":"25,94 €/KG","img":"https://fd3-photos.leclercdrive.fr/image.ashx?id=3009272&use=l&cat=p&typeid=i","cat":293237},{"id":287850,"n":"Café en grains L'Or Bresil colombie - 500g","p":12.97,"u":"25,94 €/KG","img":"https://fd3-photos.leclercdrive.fr/image.ashx?id=3009269&use=l&cat=p&typeid=i","cat":293237},{"id":287864,"n":"Pâté perigourdin  Nos Régions ont du Talent 180g","p":3.99,"u":"22,17 €/KG","img":"https://fd3-photos.leclercdrive.fr/image.ashx?id=3006118&use=l&cat=p&typeid=i","cat":305149},{"id":287865,"n":"Pop-corn enrobé caramel Werther's Original - 140g","p":1.85,"u":"13,21 €/KG","img":"https://fd3-photos.leclercdrive.fr/image.ashx?id=3015172&use=l&cat=p&typeid=i","cat":304249},{"id":287872,"n":"Cacahuètes enrobées Koh Kae Barbecue - 80g","p":1.49,"u":"18,63 €/KG","img":"https://fd3-photos.leclercdrive.fr/image.ashx?id=3009350&use=l&cat=p&typeid=i","cat":288992},{"id":287979,"n":"Madeleine pepites Saint Michel 480g","p":2.3,"u":"4,79 €/KG","img":"https://fd3-photos.leclercdrive.fr/image.ashx?id=3008191&use=l&cat=p&typeid=i","cat":284492},{"id":287981,"n":"Madeleine Saint Michel Nature -500g","p":1.84,"u":"3,68 €/KG","img":"https://fd3-photos.leclercdrive.fr/image.ashx?id=3008194&use=l&cat=p&typeid=i","cat":284492},{"id":288530,"n":"Liquide de rinçage Finish jusqu'à 160 lavages - 800ml","p":4.56,"u":"5,70 €/L","img":"https://fd3-photos.leclercdrive.fr/image.ashx?id=3009587&use=l&cat=p&typeid=i","cat":284653},{"id":288576,"n":"Yaourt à la Grecque Bio Village Bio - 4x125g","p":2.26,"u":"4,52 €/KG","img":"https://fd3-photos.leclercdrive.fr/image.ashx?id=3009738&use=l&cat=p&typeid=i","cat":314999},{"id":288605,"n":"Boîte escargots moyens Française de gastronomie 400g","p":14.95,"u":"37,38 €/KG","img":"https://fd3-photos.leclercdrive.fr/image.ashx?id=3011542&use=l&cat=p&typeid=i","cat":305149},{"id":288914,"n":"Truite fumée Labeyrie Bois de hêtre - x12 320g","p":16.26,"u":"50,81 €/KG","img":"https://fd3-photos.leclercdrive.fr/image.ashx?id=3010999&use=l&cat=p&typeid=i","cat":285188},{"id":289444,"n":"Aiguillettes de poulet Côté Croc 350g","p":3.99,"u":"11,40 €/KG","img":"https://fd3-photos.leclercdrive.fr/image.ashx?id=3013073&use=l&cat=p&typeid=i","cat":284336}]}